2926 5174
184 310 254 380 118
656 329 690 390 o.
718 325 843 378 cuarn
867 327 954 379 aum

179 538 263 585 nem
295 511 472 584 efficacius
506 511 616 609 regit,
652 537 760 608 quam
787 512 1012 610 superstiti0;
1045 509 1209 606 alioquin
1242 510 1423 607 impotens,

181 648 300 713 saeva,
326 622 518 712 mutabilis,
544 622 606 694 ubi
632 648 729 696 vana
753 620 924 722 religione
951 632 1057 720 capta
1082 633 1156 711 est,
1185 621 1320 693 melius
1347 624 1422 695 vati·

180 733 259 824 bus,
288 759 395 831 quam
421 733 571 807 ducibus
599 736 672 807 suis
699 745 811 832 paret.
869 734 983 833 Igitur
1010 725 1107 805 edita
1133 733 1173 804 in
1201 731 1340 829 vulgus
1365 732 1422 807 Ae·

180 846 389 944 gyptiorum
423 871 597 944 responsa
628 870 753 918 rursus
789 845 837 919 ad
869 871 970 943 spem
1002 855 1039 917 et
1072 842 1250 916 fiduciam
1288 869 1421 918 erexere

181 966 377 1054 torpentes,

131 1069 180 1140 40
283 1066 379 1157 Rern,
414 1069 551 1166 impetu
583 1068 783 1140 animorum
810 1069 984 1142 utendum
1009 1076 1127 1157 ratus,
1155 1065 1326 1140 secunda
1349 1067 1441 1165 vigi-s

181 1178 229 1250 lia
255 1189 374 1251 castra
399 1179 531 1251 movit:
567 1177 697 1252 dextra
724 1178 859 1276 Tigrim
892 1179 1065 1267 habebat,
1092 1204 1116 1250 a
1142 1179 1256 1252 laeva
1281 1189 1420 1268 montes,

181 1315 272 1387 quos
297 1287 491 1364 'Gordaeos
529 1302 671 1364 vocant.
729 1289 810 1364 Hoc
848 1292 1017 1390 ingressis
1049 1291 1134 1380 iter,
1173 1292 1440 1388 speculatores,s

181 1403 242 1499 qui
276 1402 463 1500 praemissi
496 1412 614 1491 erant,
646 1403 713 1475 sub
749 1402 838 1474 lucis
872 1413 1007 1493 ortum,
1033 1399 1198 1474 Dareum
1233 1400 1420 1474 adventare

179 1514 447 1585 nuntiaverunt.
499 1511 680 1585 Instructo
707 1514 816 1612 igitur
846 1514 958 1590 milite
985 1524 1021 1585 et
1046 1513 1256 1611 composito
1285 1513 1420 1611 agmine,

181 1621 427 1695 antecedebat.
480 1619 553 1694 Sed
578 1622 771 1696 Persarum
803 1636 1001 1696 moratores
1029 1635 1148 1714 erant,
1184 1625 1289 1697 mille
1316 1624 1421 1712 ferme,
1431 1637 1448 1686 1⁰

181 1733 243 1830 qui
275 1733 428 1830 speciem
460 1735 581 1831 magni
613 1734 764 1832 agminis
790 1735 963 1809 fecerant:
999 1736 1130 1832 quippe
1157 1735 1225 1807 ubi
1254 1732 1422 1833 explorari

181 1871 269 1918 vera
295 1871 369 1917 non
394 1856 563 1943 possunt,
595 1846 686 1919 salsa
720 1871 785 1945 per
810 1857 947 1919 metum
972 1856 1161 1943 augentur.
1218 1843 1291 1919 His
1320 1832 1462 1944 cogni-11²

180 1956 243 2046 tis,
279 1982 346 2028 rex
372 1981 455 2029 cum
480 1956 603 2055 paucis
630 1982 778 2031 suorum
805 1968 990 2030 assecutus
1017 1981 1147 2054 agmen
1175 1957 1424 2054 refugientium
1454 1956 1462 2049 .]

181 2068 228 2142 ad
264 2093 364 2158 suos,
406 2069 494 2140 alios
532 2067 673 2159 cecidit,
716 2070 810 2166 cepit
851 2070 958 2142 alios:
1002 2069 1217 2165 equitesque
1252 2070 1425 2166 praemisit
1460 2108 1462 2113 ·

182 2313 269 2366 dinem
291 2309 341 2362 alio
359 2310 449 2361 verbb.
468 2308 565 2378 positu.
600 2311 681 2363 Bern.
699 2312 722 2363 B
742 2315 786 2381 eff
820 2330 874 2365 non
899 2311 944 2381 qui
971 2311 1058 2363 hostes
1081 2317 1243 2377 morantur,
1268 2320 1302 2366 ut
1321 2312 1421 2367 Gronov.

181 2377 786 2501 {titt‘tltttltttltllssntnt
822 2381 972 2501 ⁰b⁵⁸²l¹t⁸
989 2377 1421 2503 pquqgaaqnqnqsffl

182 2523 210 2569 et
228 2486 430 2583 praeierendum
438 2512 481 2565 vel
490 2512 576 2567 hiatus
589 2515 690 2568 vitandi
699 2467 785 2584 alell}
820 2466 993 2571 evqrrqqquuaup
1017 2462 1164 2585 pgddandi
1195 2466 1281 2570 caula
1310 2467 1420 2572 rdtardati

183 2601 341 2654 quamquam
359 2582 421 2634 alibi
439 2583 539 2650 alioqui
556 2583 637 2636 etiam
656 2593 719 2638 ante
739 2604 786 2639 vo·
821 2593 969 2639 extremum
987 2583 1062 2664 quasi
1080 2600 1179 2662 agmen
1199 2585 1340 2640 claudunt.
1373 2586 1418 2650 Quo

182 2652 267 2705 calem
283 2650 425 2704 invenitur.
821 2671 899 2708 sensu
920 2672 980 2708 cum
1002 2671 1030 2705 m
1053 2651 1146 2704 lemeis
1169 2654 1276 2706 nostris
1295 2674 1347 2709 non
1361 2655 1418 2708 inve

218 2720 283 2791 Cap.
302 2727 344 2786 40,
369 2722 392 2787 ᾖ.
411 2725 435 2772 8.
466 2720 576 2788 Tigrim]
603 2720 639 2776 H.
660 2721 677 2773 l.
696 2722 787 2776 littera
820 2723 923 2789 niatur,
943 2723 974 2775 ef.
992 2739 1056 2791 quos
1074 2719 1145 2772 locos
1164 2729 1195 2774 et
1214 2722 1339 2777 Freinsh.
1356 2722 1416 2776 edla

181 2809 207 2843 m
224 2789 252 2841 in
270 2789 322 2842 fine
339 2789 367 2841 in
384 2787 481 2840 nostris
499 2789 618 2842 omnibus
636 2796 686 2857 est,
705 2792 752 2843 sed
768 2811 786 2843 a
821 2791 839 2844 l.
857 2791 949 2844 laudat
965 2789 1033 2843 Livii
1049 2789 1118 2856 xxll,
1138 2796 1188 2856 47,
1209 2798 1225 2844 3
1246 2801 1277 2845 et
1295 2799 1341 2859 48,
1358 2797 1382 2856 5,
1397 2796 1417 2842 et

181 2858 209 2912 in
226 2858 301 2911 Leid.
319 2858 395 2912 Voss.
416 2864 439 2908 1.
820 2858 1067 2912 Drakenborchium
1093 2858 1128 2908 ad
1145 2857 1239 2912 locum
1258 2862 1369 2930 priorem
1411 2855 1415 2868 '

219 2929 355 2980 Gordaeos
379 2924 478 3007 primus
500 2925 591 2979 Iunius
608 2927 705 2991 edidit,
723 2928 786 2980 Ald.
821 2927 891 2980 Livii
908 2927 982 2980 addit
999 2939 1081 2990 xxm,
1100 2932 1144 2978 41.
1169 2926 1295 2982 Videtur
1311 2929 1365 2982 hine
1395 2943 1416 2977 e-

185 2996 299 3062 Gordei,
326 2995 386 3049 librr
408 3002 511 3047 veteres
533 2996 654 3049 Cordeos.
690 2996 787 3066 Populi
820 2995 936 3049 rivatum
953 3010 1009 3048 esse
1018 2993 1150 3047 Gallicum
1158 2994 1415 3050 vocabuluminalias

181 3081 277 3118 nomen
289 3065 417 3118 Gordiaei
434 3063 462 3116 in
480 3063 585 3133 optimis
603 3072 645 3117 est
662 3064 707 3118 lib.
716 3080 745 3131 v,
761 3071 786 3130 2,
821 3064 925 3134 linguas
939 3062 1097 3116 recentiores
1109 3071 1258 3132 receptum
1266 3067 1415 3120 maraudeur.

202 3135 255 3187 uod
273 3133 441 3186 scribendum
461 3133 608 3202 Gordymi,
632 3149 693 3185 eum
716 3133 787 3203 apud
856 3135 965 3201 speciem
991 3133 1082 3199 magni
1107 3133 1241 3201 agminis]
1291 3133 1415 3204 Vulgarum

183 3151 299 3322 {irapinas
317 3201 457 3320 scriptores
471 3199 787 3273 sintI'opdvaloqhodie
821 3220 890 3321 aApm.
908 3202 998 3321 qraqqri
1014 3207 1046 3319 ett
1059 3197 1173 3319 altiomm
1193 3199 1415 3324 codicumteeqlllloq

208 3289 241 3322 ar
261 3288 270 3320 r
287 3287 370 3322 vocan
384 3287 424 3320 ur.
865 3286 914 3322 auc
927 3287 966 3322 orl
980 3285 1008 3320 as
1047 3283 1080 3318 ue
1093 3285 1141 3334 ur,
1171 3286 1248 3322 nunc
1283 3289 1318 3323 au
1390 3285 1403 3320 o

218 3341 241 3404 ξ.
252 3344 275 3389 9.
294 3339 340 3389 hoc
350 3337 478 3414 repressis
487 3337 545 3403 iter]
559 3336 648 3405 Vulgo
659 3339 787 3407 inpresso,
820 3337 983 3458 reliquorum
1000 3337 1129 3389 bonorum
1147 3335 1226 3391 Leid.
1235 3338 1338 3393 Vosal
1352 3338 1414 3391 Rem

184 3407 301 3457 sednon
319 3404 343 3455 le
373 3412 417 3456 tur
434 3402 482 3454 nisi
500 3404 528 3455 in
545 3405 635 3473 paucis
653 3422 702 3458 nec
719 3409 788 3479 opti·
821 3408 848 3459 A
888 3405 970 3458 lor.B
990 3412 1018 3457 et
1035 3403 1227 3458 nonnullorum
1245 3407 1357 3462 aliorum
1370 3419 1415 3458 cum

184 3472 233 3524 mis
252 3472 327 3524 codd.
344 3421 416 3524 lior.
436 3470 516 3537 DFI,
541 3473 623 3524 ceteri
641 3491 738 3528 omnes
758 3479 787 3528 ia
822 3475 895 3528 Mod.
906 3474 969 3526 edit.
979 3488 1135 3546 consensum
1152 3473 1237 3527 malui
1251 3472 1415 3546 moysicam·

182 3557 300 3610 pressas,
309 3539 381 3592 Flor.
392 3539 414 3592 C
425 3541 546 3607 inpressi.
563 3539 646 3594 Patet
660 3544 787 3612 inpressis
822 3544 865 3596 als
883 3544 954 3595 dare.

184 3607 368 3677 corrigendum
385 3623 449 3659 esse.
848 3614 929 3681 falsa
941 3627 994 3679 per
1011 3618 1103 3662 melum
1121 3614 1271 3730 augeatur]
1301 3615 1415 3681 Aspara

219 3679 241 3744 ς.
262 3683 302 3729 10.
338 3687 480 3729 moratores
499 3688 573 3730 eruat
595 3679 789 3733 restituendum
842 3679 922 3732 rimus
940 3696 974 3730 cx
992 3677 1085 3731 Color.
1104 3684 1133 3729 et
1172 3678 1246 3748 igeb.
1272 3675 1415 3751 deprompsit

182 3745 234 3799 filit
251 3746 286 3798 ob
305 3761 460 3798 consensum
477 3746 636 3816 optimorum
662 3747 789 3801 librorum
855 3748 938 3813 odius,
957 3751 1123 3799 accesserunt
1142 3745 1344 3819 snakenburgii
1360 3743 1414 3800 leil

182 3813 269 3868 Modii
292 3821 320 3866 et
345 3813 418 3866 Leid.
442 3816 518 3867 Voss.
544 3821 557 3866 1
581 3824 610 3868 et
633 3816 704 3869 Flor.
727 3817 787 3882 AB,
822 3815 899 3869 Voss.
925 3823 948 3868 1.
967 3823 1000 3880 2,
1027 3831 1097 3866 nunc
1119 3813 1204 3868 etiam
1222 3824 1340 3888 uterque
1354 3815 1414 3868 Bau

184 3883 279 3975 quibus
298 3899 331 3935 ex
340 3881 471 3935 deteriore
481 3883 561 3936 classe
570 3886 700 3937 accedunt
708 3885 789 3937 etiam
824 3891 852 3936 et
875 3883 947 3936 Flor.
974 3880 1104 3936 ABCGH
1130 3892 1159 3934 et
1186 3882 1213 3935 E
1243 3903 1261 3937 a
1285 3904 1327 3956 pr.
1348 3895 1414 3937 mauu

184 3952 244 4006 (JH.
264 3951 391 4018 (BermA
405 3962 571 4019 moratores,
586 3953 610 4005 B
625 3958 788 4018 moratores).
825 3950 981 4005 correctum
998 3950 1067 4003 enim
1084 3950 1171 4002 estin
1190 3951 1244 4006 hoa
1268 3954 1341 4024 quod
1355 3948 1415 4025 vulg⁰

183 4021 337 4090 Legebatur
351 4020 432 4089 vulgo
451 4023 635 4088 exploratores,
652 4021 723 4090 quod
739 4020 790 4074 etsi
825 4019 947 4072 ineditis
971 4018 1068 4088 legitur
1091 4031 1280 4090 augurantur,
1306 4022 1351 4075 sed
1369 4027 1414 4072 sats

185 4090 310 4141 damnare
327 4107 381 4141 non
399 4089 531 4156 auderem,
551 4089 571 4141 si
589 4089 684 4143 idonea
698 4097 790 4142 aucto·
825 4087 933 4140 testium
958 4088 1052 4157 opinor
1075 4102 1132 4139 esse
1163 4088 1201 4139 ad
1229 4087 1415 4144 convincendum
1460 4108 1462 4113 ·

185 4156 266 4208 ritate
282 4156 426 4222 niteretur,
445 4175 516 4210 nunc
533 4165 622 4210 tamen
640 4175 698 4210 cum
716 4157 790 4226 optio
824 4156 981 4226 scripturam
989 4154 1142 4208 Latinitatis
1161 4173 1245 4211 causa
1263 4160 1362 4212 dudum
1372 4169 1415 4208 con·
1459 4172 1462 4179 ·

185 4225 264 4282 detur
281 4224 366 4277 minus
384 4243 400 4276 a
420 4234 478 4277 tum
496 4225 590 4279 iudico.
608 4226 703 4295 Neque
720 4225 789 4277 enim
824 4225 982 4277 damnatam.
1007 4222 1136 4276 Obsoleta
1154 4224 1229 4278 enim
1247 4235 1292 4280 est
1309 4223 1415 4281 nescir·

185 4292 291 4344 Dareus
308 4293 360 4344 iam
378 4244 557 4358 adventabat,
585 4294 630 4345 sed
648 4300 725 4345 erant
751 4293 790 4346 illi
823 4292 897 4345 tiano
911 4293 998 4346 nitore
1010 4291 1089 4360 digna
1097 4290 1187 4344 activa
1196 4294 1288 4349 forma
1296 4302 1414 4366 capereris

185 4377 220 4412 ex
245 4360 347 4412 Mazaei
381 4360 463 4441 copiis
476 4362 642 4480 qperdendae
674 4359 788 4428 regionis
858 4365 880 4428 ᾗ.
901 4369 941 4414 ll.
978 4379 1004 4414 ee
1024 4362 1043 4412 il
1061 4361 1138 4426 alios]
1170 4362 1266 4432 Vulgo
1285 4367 1353 4418 alios
1368 4361 1414 4432 cept}

186 4445 265 4480 causa
282 4428 439 4497 praemissis.
458 4429 607 4484 lloralores
622 4436 711 4482 autem
726 4437 789 4482 suut
822 4431 893 4500 quod
911 4429 973 4499 quia
1013 4428 1200 4483 lor.Atuetur
1218 4432 1311 4486 adhuc
1328 4439 1414 4487 servm·
