<?xml version="1.0" encoding="UTF-8"?>
<!DOCTYPE html PUBLIC "-//W3C//DTD XHTML 1.0 Transitional//EN"
    "http://www.w3.org/TR/xhtml1/DTD/xhtml1-transitional.dtd">
<html xmlns="http://www.w3.org/1999/xhtml" xml:lang="en" lang="en">
 <head>
  <title>
</title>
<meta http-equiv="Content-Type" content="text/html;charset=utf-8" />
  <meta name='ocr-system' content='tesseract 3.04.00' />
  <meta name='ocr-capabilities' content='ocr_page ocr_carea ocr_par ocr_line ocrx_word'/>
</head>
<body>
  <div class='ocr_page' id='page_1' title='image "./qcurtiirufidege01rufugoog_0164.png"; bbox 0 0 2926 5174; ppageno 0'>
   <div class='ocr_carea' id='block_1_1' title="bbox 462 317 1338 403">
    <p class='ocr_par' dir='ltr' id='par_1_1' title="bbox 462 317 1338 403">
     <span class='ocr_line' id='line_1_1' title="bbox 462 317 1338 403; baseline 0 -16"><span class='ocrx_word' id='word_1_1' title='bbox 462 337 512 387; x_wconf 84' lang='lat' dir='ltr'>ns</span> <span class='ocrx_word' id='word_1_2' title='bbox 538 335 665 388; x_wconf 82' lang='lat' dir='ltr'>snsrrs</span> <span class='ocrx_word' id='word_1_3' title='bbox 696 328 805 385; x_wconf 72' lang='lat' dir='ltr'>max.</span> <span class='ocrx_word' id='word_1_4' title='bbox 831 334 882 403; x_wconf 86' lang='lat' dir='ltr'>1v,</span> <span class='ocrx_word' id='word_1_5' title='bbox 908 331 952 384; x_wconf 75' lang='lat' dir='ltr'>so.</span> <span class='ocrx_word' id='word_1_6' title='bbox 1266 317 1338 387; x_wconf 85' lang='lat'>133</span> 
     </span>
    </p>
   </div>
   <div class='ocr_carea' id='block_1_2' title="bbox 89 513 1397 2800">
    <p class='ocr_par' dir='ltr' id='par_1_2' title="bbox 121 513 1341 940">
     <span class='ocr_line' id='line_1_2' title="bbox 123 513 1339 593; baseline 0 -3"><span class='ocrx_word' id='word_1_7' title='bbox 123 517 521 593; x_wconf 83' lang='lat' dir='ltr'>hostemcontenderent.</span> <span class='ocrx_word' id='word_1_8' title='bbox 559 517 687 592; x_wconf 89' lang='lat' dir='ltr'>Melius</span> <span class='ocrx_word' id='word_1_9' title='bbox 713 517 831 590; x_wconf 86' lang='lat' dir='ltr'>adhue</span> <span class='ocrx_word' id='word_1_10' title='bbox 856 526 957 590; x_wconf 88' lang='lat' dir='ltr'>ratus</span> <span class='ocrx_word' id='word_1_11' title='bbox 983 520 1021 589; x_wconf 92' lang='lat' dir='ltr'>in</span> <span class='ocrx_word' id='word_1_12' title='bbox 1047 513 1175 590; x_wconf 90' lang='lat' dir='ltr'>eodem</span> <span class='ocrx_word' id='word_1_13' title='bbox 1200 519 1339 591; x_wconf 92' lang='lat' dir='ltr'>tumulo</span> 
     </span>
     <span class='ocr_line' id='line_1_3' title="bbox 123 628 1340 726; baseline -0.002 -25"><span class='ocrx_word' id='word_1_14' title='bbox 123 639 214 702; x_wconf 86' lang='lat' dir='ltr'>castra</span> <span class='ocrx_word' id='word_1_15' title='bbox 243 631 407 719; x_wconf 91' lang='lat' dir='ltr'>munire,</span> <span class='ocrx_word' id='word_1_16' title='bbox 436 630 571 703; x_wconf 88' lang='lat' dir='ltr'>vallum</span> <span class='ocrx_word' id='word_1_17' title='bbox 602 630 669 702; x_wconf 89' lang='lat' dir='ltr'>iaci</span> <span class='ocrx_word' id='word_1_18' title='bbox 699 628 820 703; x_wconf 88' lang='lat' dir='ltr'>iussit:</span> <span class='ocrx_word' id='word_1_19' title='bbox 853 638 1067 726; x_wconf 89' lang='lat' dir='ltr'>strenueque</span> <span class='ocrx_word' id='word_1_20' title='bbox 1094 651 1202 726; x_wconf 90' lang='lat' dir='ltr'>opere</span> <span class='ocrx_word' id='word_1_21' title='bbox 1227 630 1340 725; x_wconf 86' lang='lat' dir='ltr'>perfe-</span> 
     </span>
     <span class='ocr_line' id='line_1_4' title="bbox 122 738 1341 836; baseline -0.002 -24"><span class='ocrx_word' id='word_1_22' title='bbox 122 750 171 829; x_wconf 87' lang='lat' dir='ltr'>cto,</span> <span class='ocrx_word' id='word_1_23' title='bbox 191 740 226 812; x_wconf 93' lang='lat' dir='ltr'>in</span> <span class='ocrx_word' id='word_1_24' title='bbox 251 741 545 830; x_wconf 89' lang='lat' dir='ltr'>tabernaculum,</span> <span class='ocrx_word' id='word_1_25' title='bbox 572 766 618 814; x_wconf 90' lang='lat' dir='ltr'>ex</span> <span class='ocrx_word' id='word_1_26' title='bbox 645 765 715 836; x_wconf 95' lang='lat' dir='ltr'>quo</span> <span class='ocrx_word' id='word_1_27' title='bbox 742 749 821 813; x_wconf 90' lang='lat' dir='ltr'>tota</span> <span class='ocrx_word' id='word_1_28' title='bbox 847 740 949 815; x_wconf 86' lang='lat' dir='ltr'>acies</span> <span class='ocrx_word' id='word_1_29' title='bbox 965 741 1124 813; x_wconf 93' lang='lat' dir='ltr'>hostium</span> <span class='ocrx_word' id='word_1_30' title='bbox 1150 738 1341 835; x_wconf 88' lang='lat' dir='ltr'>conspicie-</span> 
     </span>
     <span class='ocr_line' id='line_1_5' title="bbox 121 850 426 940; baseline -0.003 -17"><span class='ocrx_word' id='word_1_31' title='bbox 121 850 210 940; x_wconf 91' lang='lat' dir='ltr'>batur,</span> <span class='ocrx_word' id='word_1_32' title='bbox 235 851 426 923; x_wconf 87' lang='lat' dir='ltr'>successit.</span> 
     </span>
    </p>

    <p class='ocr_par' dir='ltr' id='par_1_3' title="bbox 89 959 1391 1280">
     <span class='ocr_line' id='line_1_6' title="bbox 89 959 1391 1034; baseline 0 -3"><span class='ocrx_word' id='word_1_33' title='bbox 89 975 120 1025; x_wconf 76' lang='grc' dir='ltr'><strong>Π</strong></span> <span class='ocrx_word' id='word_1_34' title='bbox 198 959 292 1032; x_wconf 91' lang='lat' dir='ltr'>Tum</span> <span class='ocrx_word' id='word_1_35' title='bbox 326 986 418 1034; x_wconf 90' lang='lat' dir='ltr'>vero</span> <span class='ocrx_word' id='word_1_36' title='bbox 447 961 615 1034; x_wconf 87' lang='lat' dir='ltr'>universa</span> <span class='ocrx_word' id='word_1_37' title='bbox 644 960 756 1034; x_wconf 88' lang='lat' dir='ltr'>futuri</span> <span class='ocrx_word' id='word_1_38' title='bbox 791 959 1001 1032; x_wconf 83' lang='lat' dir='ltr'>discriminis</span> <span class='ocrx_word' id='word_1_39' title='bbox 1031 960 1139 1033; x_wconf 87' lang='lat' dir='ltr'>facies</span> <span class='ocrx_word' id='word_1_40' title='bbox 1165 961 1203 1031; x_wconf 91' lang='lat' dir='ltr'>in</span> <span class='ocrx_word' id='word_1_41' title='bbox 1229 959 1391 1032; x_wconf 70' lang='lat' dir='ltr'>oculisll</span> 
     </span>
     <span class='ocr_line' id='line_1_7' title="bbox 119 1069 1342 1168; baseline 0.001 -26"><span class='ocrx_word' id='word_1_42' title='bbox 119 1082 188 1143; x_wconf 87' lang='lat' dir='ltr'>erat:</span> <span class='ocrx_word' id='word_1_43' title='bbox 219 1072 334 1143; x_wconf 86' lang='lat' dir='ltr'>armis</span> <span class='ocrx_word' id='word_1_44' title='bbox 372 1071 566 1168; x_wconf 85' lang='lat' dir='ltr'>insignibus</span> <span class='ocrx_word' id='word_1_45' title='bbox 600 1072 681 1168; x_wconf 91' lang='lat' dir='ltr'>equi</span> <span class='ocrx_word' id='word_1_46' title='bbox 712 1073 851 1167; x_wconf 87' lang='lat' dir='ltr'>virique</span> <span class='ocrx_word' id='word_1_47' title='bbox 878 1069 1133 1167; x_wconf 80' lang='lat' dir='ltr'>splendebant,</span> <span class='ocrx_word' id='word_1_48' title='bbox 1161 1080 1198 1143; x_wconf 90' lang='lat' dir='ltr'>et</span> <span class='ocrx_word' id='word_1_49' title='bbox 1223 1072 1342 1143; x_wconf 86' lang='lat' dir='ltr'>omnia</span> 
     </span>
     <span class='ocr_line' id='line_1_8' title="bbox 118 1180 1341 1280; baseline 0 -28"><span class='ocrx_word' id='word_1_50' title='bbox 118 1180 284 1254; x_wconf 82' lang='lat' dir='ltr'>intentiore</span> <span class='ocrx_word' id='word_1_51' title='bbox 316 1206 406 1253; x_wconf 89' lang='lat' dir='ltr'>cura</span> <span class='ocrx_word' id='word_1_52' title='bbox 430 1182 635 1280; x_wconf 86' lang='lat' dir='ltr'>praeparari</span> <span class='ocrx_word' id='word_1_53' title='bbox 661 1182 758 1280; x_wconf 88' lang='lat' dir='ltr'>apud</span> <span class='ocrx_word' id='word_1_54' title='bbox 783 1183 941 1274; x_wconf 80' lang='lat' dir='ltr'><strong>hostem,</strong></span> <span class='ocrx_word' id='word_1_55' title='bbox 974 1180 1174 1255; x_wconf 84' lang='lat' dir='ltr'>sollicitudo</span> <span class='ocrx_word' id='word_1_56' title='bbox 1200 1191 1341 1279; x_wconf 88' lang='lat' dir='ltr'>praeto·</span> 
     </span>
    </p>

    <p class='ocr_par' dir='ltr' id='par_1_4' title="bbox 89 1291 1342 1612">
     <span class='ocr_line' id='line_1_9' title="bbox 89 1291 1341 1389; baseline 0.001 -27"><span class='ocrx_word' id='word_1_57' title='bbox 89 1305 178 1362; x_wconf 62' lang='lat' dir='ltr'>rrum</span> <span class='ocrx_word' id='word_1_58' title='bbox 200 1291 351 1388; x_wconf 84' lang='lat' dir='ltr'>agmina</span> <span class='ocrx_word' id='word_1_59' title='bbox 388 1316 452 1364; x_wconf 89' lang='lat' dir='ltr'>sua</span> <span class='ocrx_word' id='word_1_60' title='bbox 484 1293 814 1389; x_wconf 82' lang='lat' dir='ltr'>interequitantium</span> <span class='ocrx_word' id='word_1_61' title='bbox 840 1293 1072 1383; x_wconf 82' lang='lat' dir='ltr'>ostendebat,</span> <span class='ocrx_word' id='word_1_62' title='bbox 1091 1305 1146 1366; x_wconf 73' lang='lat' dir='ltr'>‘ac</span> <span class='ocrx_word' id='word_1_63' title='bbox 1170 1293 1341 1389; x_wconf 87' lang='lat' dir='ltr'>pleraque</span> 
     </span>
     <span class='ocr_line' id='line_1_10' title="bbox 115 1401 1341 1502; baseline 0.002 -30"><span class='ocrx_word' id='word_1_64' title='bbox 115 1401 218 1492; x_wconf 84' lang='lat' dir='ltr'>inania,</span> <span class='ocrx_word' id='word_1_65' title='bbox 246 1403 347 1474; x_wconf 89' lang='lat' dir='ltr'>sicut</span> <span class='ocrx_word' id='word_1_66' title='bbox 374 1402 535 1476; x_wconf 83' lang='lat' dir='ltr'>fremitus</span> <span class='ocrx_word' id='word_1_67' title='bbox 560 1405 753 1495; x_wconf 91' lang='lat' dir='ltr'>hominum,</span> <span class='ocrx_word' id='word_1_68' title='bbox 776 1429 951 1502; x_wconf 87' lang='lat' dir='ltr'>equorum</span> <span class='ocrx_word' id='word_1_69' title='bbox 976 1403 1145 1493; x_wconf 86' lang='lat' dir='ltr'>hinnitus,</span> <span class='ocrx_word' id='word_1_70' title='bbox 1160 1427 1341 1474; x_wconf 91' lang='lat' dir='ltr'>armorum</span> 
     </span>
     <span class='ocr_line' id='line_1_11' title="bbox 115 1510 1342 1612; baseline 0.002 -30"><span class='ocrx_word' id='word_1_71' title='bbox 115 1510 383 1584; x_wconf 87' lang='lat' dir='ltr'>internitentium</span> <span class='ocrx_word' id='word_1_72' title='bbox 417 1513 548 1609; x_wconf 81' lang='lat' dir='ltr'>fulgor,</span> <span class='ocrx_word' id='word_1_73' title='bbox 584 1515 733 1587; x_wconf 86' lang='lat' dir='ltr'>sollicita</span> <span class='ocrx_word' id='word_1_74' title='bbox 759 1515 1009 1612; x_wconf 84' lang='lat' dir='ltr'>expectatione</span> <span class='ocrx_word' id='word_1_75' title='bbox 1035 1524 1193 1588; x_wconf 89' lang='lat' dir='ltr'>mentem</span> <span class='ocrx_word' id='word_1_76' title='bbox 1219 1513 1342 1585; x_wconf 90' lang='lat' dir='ltr'>turba·</span> 
     </span>
    </p>

    <p class='ocr_par' dir='ltr' id='par_1_5' title="bbox 90 1622 1341 1833">
     <span class='ocr_line' id='line_1_12' title="bbox 90 1622 1341 1722; baseline 0.002 -30"><span class='ocrx_word' id='word_1_77' title='bbox 90 1631 229 1693; x_wconf 63' lang='lat' dir='ltr'>*verant</span> <span class='ocrx_word' id='word_1_78' title='bbox 271 1622 395 1719; x_wconf 86' lang='lat' dir='ltr'>Igitur</span> <span class='ocrx_word' id='word_1_79' title='bbox 421 1622 495 1695; x_wconf 91' lang='lat' dir='ltr'>sive</span> <span class='ocrx_word' id='word_1_80' title='bbox 522 1623 651 1698; x_wconf 90' lang='lat' dir='ltr'>dubius</span> <span class='ocrx_word' id='word_1_81' title='bbox 677 1626 794 1716; x_wconf 90' lang='lat' dir='ltr'>animi,</span> <span class='ocrx_word' id='word_1_82' title='bbox 822 1627 898 1699; x_wconf 87' lang='lat' dir='ltr'>sive</span> <span class='ocrx_word' id='word_1_83' title='bbox 924 1635 967 1698; x_wconf 94' lang='lat' dir='ltr'>ut</span> <span class='ocrx_word' id='word_1_84' title='bbox 993 1650 1078 1698; x_wconf 91' lang='lat' dir='ltr'>suos</span> <span class='ocrx_word' id='word_1_85' title='bbox 1105 1624 1341 1722; x_wconf 85' lang='lat' dir='ltr'>experiretur,</span> 
     </span>
     <span class='ocr_line' id='line_1_13' title="bbox 117 1730 1341 1833; baseline 0.003 -31"><span class='ocrx_word' id='word_1_86' title='bbox 117 1732 279 1805; x_wconf 88' lang='lat' dir='ltr'>consilium</span> <span class='ocrx_word' id='word_1_87' title='bbox 318 1730 484 1822; x_wconf 88' lang='lat' dir='ltr'>adhibet,</span> <span class='ocrx_word' id='word_1_88' title='bbox 528 1733 613 1829; x_wconf 92' lang='lat' dir='ltr'>quid</span> <span class='ocrx_word' id='word_1_89' title='bbox 645 1735 818 1833; x_wconf 91' lang='lat' dir='ltr'>optimum</span> <span class='ocrx_word' id='word_1_90' title='bbox 852 1736 950 1808; x_wconf 89' lang='lat' dir='ltr'>factu</span> <span class='ocrx_word' id='word_1_91' title='bbox 985 1743 1095 1825; x_wconf 91' lang='lat' dir='ltr'>esset,</span> <span class='ocrx_word' id='word_1_92' title='bbox 1139 1735 1341 1830; x_wconf 84' lang='lat' dir='ltr'>exquirens.</span> 
     </span>
    </p>

    <p class='ocr_par' dir='ltr' id='par_1_6' title="bbox 90 1837 1397 2272">
     <span class='ocr_line' id='line_1_14' title="bbox 90 1837 1341 1939; baseline 0.002 -27"><span class='ocrx_word' id='word_1_93' title='bbox 90 1837 298 1933; x_wconf 65' lang='lat' dir='ltr'>{Parmeni0,</span> <span class='ocrx_word' id='word_1_94' title='bbox 327 1843 565 1939; x_wconf 88' lang='lat' dir='ltr'>peritissimus</span> <span class='ocrx_word' id='word_1_95' title='bbox 590 1848 683 1919; x_wconf 90' lang='lat' dir='ltr'>inter</span> <span class='ocrx_word' id='word_1_96' title='bbox 709 1845 818 1919; x_wconf 89' lang='lat' dir='ltr'>duces</span> <span class='ocrx_word' id='word_1_97' title='bbox 845 1846 976 1918; x_wconf 91' lang='lat' dir='ltr'>artium</span> <span class='ocrx_word' id='word_1_98' title='bbox 1001 1845 1102 1933; x_wconf 88' lang='lat' dir='ltr'>belli,</span> <span class='ocrx_word' id='word_1_99' title='bbox 1127 1845 1241 1933; x_wconf 85' lang='lat' dir='ltr'>furto,</span> <span class='ocrx_word' id='word_1_100' title='bbox 1267 1869 1341 1916; x_wconf 93' lang='lat' dir='ltr'>non</span> 
     </span>
     <span class='ocr_line' id='line_1_15' title="bbox 114 1954 1342 2054; baseline -0.001 -27"><span class='ocrx_word' id='word_1_101' title='bbox 114 1954 224 2048; x_wconf 83' lang='lat' dir='ltr'>proelio</span> <span class='ocrx_word' id='word_1_102' title='bbox 251 1968 366 2050; x_wconf 69' lang='lat' dir='ltr'>opus·</span> <span class='ocrx_word' id='word_1_103' title='bbox 381 1976 458 2025; x_wconf 89' lang='lat' dir='ltr'>esse</span> <span class='ocrx_word' id='word_1_104' title='bbox 485 1955 669 2028; x_wconf 89' lang='lat' dir='ltr'>censebat:</span> <span class='ocrx_word' id='word_1_105' title='bbox 695 1957 912 2054; x_wconf 89' lang='lat' dir='ltr'>intempesta</span> <span class='ocrx_word' id='word_1_106' title='bbox 937 1965 1043 2028; x_wconf 87' lang='lat' dir='ltr'>nocte</span> <span class='ocrx_word' id='word_1_107' title='bbox 1070 1955 1222 2053; x_wconf 89' lang='lat' dir='ltr'>opprimi</span> <span class='ocrx_word' id='word_1_108' title='bbox 1235 1978 1342 2050; x_wconf 87' lang='lat' dir='ltr'>posse</span> 
     </span>
     <span class='ocr_line' id='line_1_16' title="bbox 113 2061 1342 2163; baseline 0.002 -30"><span class='ocrx_word' id='word_1_109' title='bbox 113 2061 227 2138; x_wconf 86' lang='lat' dir='ltr'>hostes:</span> <span class='ocrx_word' id='word_1_110' title='bbox 256 2061 449 2135; x_wconf 88' lang='lat' dir='ltr'>discordes</span> <span class='ocrx_word' id='word_1_111' title='bbox 475 2066 644 2158; x_wconf 91' lang='lat' dir='ltr'>moribus,</span> <span class='ocrx_word' id='word_1_112' title='bbox 670 2066 810 2163; x_wconf 90' lang='lat' dir='ltr'>linguis,</span> <span class='ocrx_word' id='word_1_113' title='bbox 837 2064 884 2137; x_wconf 87' lang='lat' dir='ltr'>ad</span> <span class='ocrx_word' id='word_1_114' title='bbox 910 2066 979 2137; x_wconf 88' lang='lat' dir='ltr'>hoc</span> <span class='ocrx_word' id='word_1_115' title='bbox 1006 2090 1132 2139; x_wconf 90' lang='lat' dir='ltr'>somno</span> <span class='ocrx_word' id='word_1_116' title='bbox 1154 2073 1192 2136; x_wconf 90' lang='lat' dir='ltr'>et</span> <span class='ocrx_word' id='word_1_117' title='bbox 1212 2065 1342 2162; x_wconf 91' lang='lat' dir='ltr'>impro-</span> 
     </span>
     <span class='ocr_line' id='line_1_17' title="bbox 112 2162 1397 2272; baseline -0.001 -26"><span class='ocrx_word' id='word_1_118' title='bbox 112 2173 170 2246; x_wconf 74' lang='lat' dir='ltr'>viso</span> <span class='ocrx_word' id='word_1_119' title='bbox 205 2173 374 2272; x_wconf 87' lang='lat' dir='ltr'>periculo</span> <span class='ocrx_word' id='word_1_120' title='bbox 414 2174 573 2263; x_wconf 84' lang='lat' dir='ltr'>territos,</span> <span class='ocrx_word' id='word_1_121' title='bbox 618 2174 762 2270; x_wconf 88' lang='lat' dir='ltr'>quando</span> <span class='ocrx_word' id='word_1_122' title='bbox 802 2176 838 2246; x_wconf 92' lang='lat' dir='ltr'>in</span> <span class='ocrx_word' id='word_1_123' title='bbox 878 2186 1058 2249; x_wconf 88' lang='lat' dir='ltr'>noctmna</span> <span class='ocrx_word' id='word_1_124' title='bbox 1102 2162 1397 2271; x_wconf 66' lang='lat' dir='ltr'>trepidatione·</span> 
     </span>
    </p>

    <p class='ocr_par' dir='ltr' id='par_1_7' title="bbox 91 2282 1341 2383">
     <span class='ocr_line' id='line_1_18' title="bbox 91 2282 1341 2383; baseline 0.002 -29"><span class='ocrx_word' id='word_1_125' title='bbox 91 2283 272 2357; x_wconf 70' lang='lat' dir='ltr'>iooituros?</span> <span class='ocrx_word' id='word_1_126' title='bbox 330 2282 386 2354; x_wconf 90' lang='lat' dir='ltr'>At</span> <span class='ocrx_word' id='word_1_127' title='bbox 419 2284 575 2358; x_wconf 87' lang='lat' dir='ltr'>interdiu</span> <span class='ocrx_word' id='word_1_128' title='bbox 609 2286 764 2383; x_wconf 92' lang='lat' dir='ltr'>primum</span> <span class='ocrx_word' id='word_1_129' title='bbox 790 2286 968 2360; x_wconf 89' lang='lat' dir='ltr'>terribiles</span> <span class='ocrx_word' id='word_1_130' title='bbox 995 2309 1206 2359; x_wconf 88' lang='lat' dir='ltr'>occursuras</span> <span class='ocrx_word' id='word_1_131' title='bbox 1232 2286 1341 2358; x_wconf 85' lang='lat' dir='ltr'>facies</span> 
     </span>
    </p>

    <p class='ocr_par' dir='ltr' id='par_1_8' title="bbox 105 2388 1342 2800">
     <span class='ocr_line' id='line_1_19' title="bbox 111 2388 1341 2492; baseline 0.003 -28"><span class='ocrx_word' id='word_1_132' title='bbox 111 2388 311 2492; x_wconf 84' lang='lat' dir='ltr'>Scytharum</span> <span class='ocrx_word' id='word_1_133' title='bbox 340 2392 701 2491; x_wconf 89' lang='lat' dir='ltr'>Bactrianorumque:</span> <span class='ocrx_word' id='word_1_134' title='bbox 727 2396 822 2468; x_wconf 91' lang='lat' dir='ltr'>hirta</span> <span class='ocrx_word' id='word_1_135' title='bbox 847 2397 915 2470; x_wconf 91' lang='lat' dir='ltr'>illis</span> <span class='ocrx_word' id='word_1_136' title='bbox 943 2422 1007 2469; x_wconf 85' lang='lat' dir='ltr'>ora</span> <span class='ocrx_word' id='word_1_137' title='bbox 1034 2413 1070 2468; x_wconf 88' lang='lat' dir='ltr'>et</span> <span class='ocrx_word' id='word_1_138' title='bbox 1094 2396 1257 2468; x_wconf 88' lang='lat' dir='ltr'>intonsas</span> <span class='ocrx_word' id='word_1_139' title='bbox 1285 2421 1341 2468; x_wconf 89' lang='lat' dir='ltr'>co·</span> 
     </span>
     <span class='ocr_line' id='line_1_20' title="bbox 109 2502 1342 2604; baseline 0.004 -30"><span class='ocrx_word' id='word_1_140' title='bbox 109 2527 168 2577; x_wconf 91' lang='lat' dir='ltr'>mas</span> <span class='ocrx_word' id='word_1_141' title='bbox 193 2531 291 2595; x_wconf 88' lang='lat' dir='ltr'>esse,</span> <span class='ocrx_word' id='word_1_142' title='bbox 326 2514 518 2601; x_wconf 86' lang='lat' dir='ltr'>praeterea</span> <span class='ocrx_word' id='word_1_143' title='bbox 552 2507 720 2578; x_wconf 85' lang='lat' dir='ltr'>eximiam</span> <span class='ocrx_word' id='word_1_144' title='bbox 743 2515 931 2579; x_wconf 84' lang='lat' dir='ltr'>vastorum</span> <span class='ocrx_word' id='word_1_145' title='bbox 956 2502 1240 2604; x_wconf 86' lang='lat' dir='ltr'>magnitudinem</span> <span class='ocrx_word' id='word_1_146' title='bbox 1267 2532 1342 2579; x_wconf 90' lang='lat' dir='ltr'>cor·</span> 
     </span>
     <span class='ocr_line' id='line_1_21' title="bbox 107 2613 1342 2714; baseline 0 -27"><span class='ocrx_word' id='word_1_147' title='bbox 107 2639 225 2712; x_wconf 91' lang='lat' dir='ltr'>porum.</span> <span class='ocrx_word' id='word_1_148' title='bbox 281 2613 404 2688; x_wconf 88' lang='lat' dir='ltr'>Vanis</span> <span class='ocrx_word' id='word_1_149' title='bbox 431 2626 467 2687; x_wconf 91' lang='lat' dir='ltr'>et</span> <span class='ocrx_word' id='word_1_150' title='bbox 491 2615 657 2688; x_wconf 88' lang='lat' dir='ltr'>inanibus</span> <span class='ocrx_word' id='word_1_151' title='bbox 689 2617 837 2689; x_wconf 89' lang='lat' dir='ltr'>militem</span> <span class='ocrx_word' id='word_1_152' title='bbox 863 2618 977 2714; x_wconf 87' lang='lat' dir='ltr'>magis</span> <span class='ocrx_word' id='word_1_153' title='bbox 1011 2641 1118 2713; x_wconf 86' lang='lat' dir='ltr'>quam</span> <span class='ocrx_word' id='word_1_154' title='bbox 1144 2617 1247 2687; x_wconf 91' lang='lat' dir='ltr'>iustis</span> <span class='ocrx_word' id='word_1_155' title='bbox 1272 2617 1342 2688; x_wconf 89' lang='lat' dir='ltr'>for·</span> 
     </span>
     <span class='ocr_line' id='line_1_22' title="bbox 105 2725 1342 2800; baseline 0 -3"><span class='ocrx_word' id='word_1_156' title='bbox 105 2725 229 2799; x_wconf 88' lang='lat' dir='ltr'>midinis</span> <span class='ocrx_word' id='word_1_157' title='bbox 263 2726 389 2798; x_wconf 89' lang='lat' dir='ltr'>causis</span> <span class='ocrx_word' id='word_1_158' title='bbox 420 2727 567 2799; x_wconf 80' lang='lat' dir='ltr'>moveri.</span> <span class='ocrx_word' id='word_1_159' title='bbox 627 2726 767 2800; x_wconf 90' lang='lat' dir='ltr'>Deinde</span> <span class='ocrx_word' id='word_1_160' title='bbox 802 2737 943 2799; x_wconf 90' lang='lat' dir='ltr'>tantam</span> <span class='ocrx_word' id='word_1_161' title='bbox 977 2725 1243 2799; x_wconf 86' lang='lat' dir='ltr'>multitudinem</span> <span class='ocrx_word' id='word_1_162' title='bbox 1279 2727 1342 2797; x_wconf 89' lang='lat' dir='ltr'>cir-</span> 
     </span>
    </p>
   </div>
   <div class='ocr_carea' id='block_1_3' title="bbox 105 2914 1344 3567">
    <p class='ocr_par' dir='ltr' id='par_1_9' title="bbox 105 2914 1344 3567">
     <span class='ocr_line' id='line_1_23' title="bbox 133 2914 1344 2985; baseline -0.004 -14"><span class='ocrx_word' id='word_1_163' title='bbox 133 2920 206 2982; x_wconf 61' lang='lat' dir='ltr'>btt.</span> <span class='ocrx_word' id='word_1_164' title='bbox 228 2920 258 2970; x_wconf 81' lang='lat' dir='ltr'>in</span> <span class='ocrx_word' id='word_1_165' title='bbox 282 2917 485 2970; x_wconf 75' lang='lat' dir='ltr'>tabernaculum</span> <span class='ocrx_word' id='word_1_166' title='bbox 504 2919 627 2970; x_wconf 79' lang='lat' dir='ltr'>successit</span> <span class='ocrx_word' id='word_1_167' title='bbox 658 2917 702 2972; x_wconf 89' lang='lat' dir='ltr'>Sic</span> <span class='ocrx_word' id='word_1_168' title='bbox 735 2925 763 2971; x_wconf 87' lang='lat' dir='ltr'>et</span> <span class='ocrx_word' id='word_1_169' title='bbox 801 2917 856 2969; x_wconf 93' lang='lat' dir='ltr'>uod</span> <span class='ocrx_word' id='word_1_170' title='bbox 875 2917 997 2970; x_wconf 86' lang='lat' dir='ltr'>codicum</span> <span class='ocrx_word' id='word_1_171' title='bbox 1020 2915 1166 2985; x_wconf 86' lang='lat' dir='ltr'>scripturae</span> <span class='ocrx_word' id='word_1_172' title='bbox 1185 2914 1275 2967; x_wconf 89' lang='lat' dir='ltr'>obstet</span> <span class='ocrx_word' id='word_1_173' title='bbox 1292 2929 1344 2985; x_wconf 88' lang='lat' dir='ltr'>ego</span> 
     </span>
     <span class='ocr_line' id='line_1_24' title="bbox 107 2935 1111 3062; baseline 0.001 -27"><span class='ocrx_word' id='word_1_174' title='bbox 107 2981 195 3062; x_wconf 42' lang='lat' dir='ltr'>in&#39;suis</span> <span class='ocrx_word' id='word_1_175' title='bbox 218 2983 385 3038; x_wconf 86' lang='lat' dir='ltr'>membranis</span> <span class='ocrx_word' id='word_1_176' title='bbox 402 2983 509 3062; x_wconf 77' lang='lat' dir='ltr'>Modius</span> <span class='ocrx_word' id='word_1_177' title='bbox 526 2993 554 3038; x_wconf 88' lang='lat' dir='ltr'>et</span> <span class='ocrx_word' id='word_1_178' title='bbox 571 2983 609 3038; x_wconf 86' lang='lat' dir='ltr'>Su</span> <span class='ocrx_word' id='word_1_179' title='bbox 648 2985 702 3040; x_wconf 85' lang='lat' dir='ltr'>‚in</span> <span class='ocrx_word' id='word_1_180' title='bbox 734 2935 801 3039; x_wconf 91' lang='lat' dir='ltr'>nihil</span> <span class='ocrx_word' id='word_1_181' title='bbox 818 2985 936 3051; x_wconf 77' lang='lat' dir='ltr'>invenire</span> <span class='ocrx_word' id='word_1_182' title='bbox 953 3001 1070 3053; x_wconf 90' lang='lat' dir='ltr'>possum.</span> <span class='ocrx_word' id='word_1_183' title='bbox 1107 3052 1111 3061; x_wconf 40' lang='grc' dir='ltr'>Ι</span> 
     </span>
     <span class='ocr_line' id='line_1_25' title="bbox 106 3048 1344 3121; baseline 0 -19"><span class='ocrx_word' id='word_1_184' title='bbox 106 3048 174 3103; x_wconf 78' lang='lat' dir='ltr'>leid</span> <span class='ocrx_word' id='word_1_185' title='bbox 187 3053 262 3107; x_wconf 83' lang='lat' dir='ltr'>Voss.</span> <span class='ocrx_word' id='word_1_186' title='bbox 281 3061 293 3107; x_wconf 96' lang='lat'>1</span> <span class='ocrx_word' id='word_1_187' title='bbox 315 3053 436 3117; x_wconf 86' lang='lat' dir='ltr'>invemt,</span> <span class='ocrx_word' id='word_1_188' title='bbox 454 3061 483 3105; x_wconf 86' lang='lat' dir='ltr'>et</span> <span class='ocrx_word' id='word_1_189' title='bbox 501 3069 516 3104; x_wconf 86' lang='lat' dir='ltr'>e</span> <span class='ocrx_word' id='word_1_190' title='bbox 535 3071 551 3106; x_wconf 92' lang='lat' dir='ltr'>o</span> <span class='ocrx_word' id='word_1_191' title='bbox 569 3069 603 3105; x_wconf 80' lang='lat' dir='ltr'>ex</span> <span class='ocrx_word' id='word_1_192' title='bbox 619 3053 701 3107; x_wconf 91' lang='lat' dir='ltr'>Bern.</span> <span class='ocrx_word' id='word_1_193' title='bbox 771 3057 794 3121; x_wconf 85' lang='lat'>§.</span> <span class='ocrx_word' id='word_1_194' title='bbox 812 3060 838 3105; x_wconf 78' lang='lat'>4.</span> <span class='ocrx_word' id='word_1_195' title='bbox 882 3055 1018 3106; x_wconf 83' lang='lat' dir='ltr'>discordes</span> <span class='ocrx_word' id='word_1_196' title='bbox 1044 3051 1170 3115; x_wconf 73' lang='lat' dir='ltr'>mondus]</span> <span class='ocrx_word' id='word_1_197' title='bbox 1211 3048 1293 3103; x_wconf 85' lang='lat' dir='ltr'>Bern.</span> <span class='ocrx_word' id='word_1_198' title='bbox 1317 3050 1344 3102; x_wconf 85' lang='lat' dir='ltr'>A</span> 
     </span>
     <span class='ocr_line' id='line_1_26' title="bbox 109 3070 1344 3202; baseline 0.002 -33"><span class='ocrx_word' id='word_1_199' title='bbox 109 3117 175 3170; x_wconf 79' lang='lat' dir='ltr'>Aet</span> <span class='ocrx_word' id='word_1_200' title='bbox 188 3119 311 3174; x_wconf 63' lang='lat' dir='ltr'>suess</span> <span class='ocrx_word' id='word_1_201' title='bbox 333 3128 473 3173; x_wconf 84' lang='lat' dir='ltr'>enotatum</span> <span class='ocrx_word' id='word_1_202' title='bbox 482 3070 615 3192; x_wconf 73' lang='lat' dir='ltr'>videopro</span> <span class='ocrx_word' id='word_1_203' title='bbox 629 3122 701 3202; x_wconf 85' lang='lat' dir='ltr'>vulg.</span> <span class='ocrx_word' id='word_1_204' title='bbox 735 3122 807 3175; x_wconf 88' lang='lat' dir='ltr'>Flor.</span> <span class='ocrx_word' id='word_1_205' title='bbox 841 3120 915 3174; x_wconf 85' lang='lat' dir='ltr'>ABc</span> <span class='ocrx_word' id='word_1_206' title='bbox 944 3119 1019 3171; x_wconf 87' lang='lat' dir='ltr'>Leid.</span> <span class='ocrx_word' id='word_1_207' title='bbox 1046 3118 1123 3198; x_wconf 78' lang='lat' dir='ltr'>Vpss.</span> <span class='ocrx_word' id='word_1_208' title='bbox 1156 3124 1169 3168; x_wconf 95' lang='lat'>1</span> <span class='ocrx_word' id='word_1_209' title='bbox 1203 3118 1344 3184; x_wconf 81' lang='lat' dir='ltr'>discordis,</span> 
     </span>
     <span class='ocr_line' id='line_1_27' title="bbox 110 3183 1344 3260; baseline 0.001 -23"><span class='ocrx_word' id='word_1_210' title='bbox 110 3189 214 3239; x_wconf 80' lang='lat' dir='ltr'>secessit.</span> <span class='ocrx_word' id='word_1_211' title='bbox 245 3188 381 3242; x_wconf 73' lang='lat' dir='ltr'>Nimirum</span> <span class='ocrx_word' id='word_1_212' title='bbox 403 3188 431 3239; x_wconf 91' lang='lat' dir='ltr'>in</span> <span class='ocrx_word' id='word_1_213' title='bbox 456 3188 530 3242; x_wconf 89' lang='lat' dir='ltr'>edito</span> <span class='ocrx_word' id='word_1_214' title='bbox 547 3189 613 3243; x_wconf 88' lang='lat' dir='ltr'>colle</span> <span class='ocrx_word' id='word_1_215' title='bbox 630 3208 702 3260; x_wconf 82' lang='lat' dir='ltr'>posi·</span> <span class='ocrx_word' id='word_1_216' title='bbox 754 3190 809 3241; x_wconf 91' lang='lat' dir='ltr'>uod</span> <span class='ocrx_word' id='word_1_217' title='bbox 833 3195 955 3258; x_wconf 85' lang='lat' dir='ltr'>superest</span> <span class='ocrx_word' id='word_1_218' title='bbox 972 3204 1007 3240; x_wconf 87' lang='lat' dir='ltr'>ex</span> <span class='ocrx_word' id='word_1_219' title='bbox 1024 3194 1136 3255; x_wconf 80' lang='lat' dir='ltr'>antiqua</span> <span class='ocrx_word' id='word_1_220' title='bbox 1154 3183 1344 3257; x_wconf 70' lang='grc' dir='ltr'>ὀρθογραφίᾳ.</span> 
     </span>
     <span class='ocr_line' id='line_1_28' title="bbox 110 3208 1343 3328; baseline 0 -22"><span class='ocrx_word' id='word_1_221' title='bbox 110 3258 159 3306; x_wconf 87' lang='lat' dir='ltr'>tum</span> <span class='ocrx_word' id='word_1_222' title='bbox 175 3263 227 3309; x_wconf 81' lang='lat' dir='ltr'>erat</span> <span class='ocrx_word' id='word_1_223' title='bbox 241 3258 348 3327; x_wconf 83' lang='lat' dir='ltr'>regium</span> <span class='ocrx_word' id='word_1_224' title='bbox 363 3257 571 3324; x_wconf 88' lang='lat' dir='ltr'>tabernaculum,</span> <span class='ocrx_word' id='word_1_225' title='bbox 590 3267 618 3312; x_wconf 90' lang='lat' dir='ltr'>et</span> <span class='ocrx_word' id='word_1_226' title='bbox 631 3259 702 3328; x_wconf 88' lang='lat' dir='ltr'>quod</span> <span class='ocrx_word' id='word_1_227' title='bbox 736 3208 808 3311; x_wconf 53' lang='lat' dir='ltr'>ium</span> <span class='ocrx_word' id='word_1_228' title='bbox 820 3259 858 3309; x_wconf 85' lang='lat' dir='ltr'>nd</span> <span class='ocrx_word' id='word_1_229' title='bbox 873 3259 920 3310; x_wconf 77' lang='lat' dir='ltr'>boc</span> <span class='ocrx_word' id='word_1_230' title='bbox 934 3255 1101 3309; x_wconf 89' lang='lat' dir='ltr'>scribendum</span> <span class='ocrx_word' id='word_1_231' title='bbox 1110 3253 1202 3324; x_wconf 82' lang='lat' dir='ltr'>putavi</span> <span class='ocrx_word' id='word_1_232' title='bbox 1211 3269 1261 3322; x_wconf 90' lang='lat' dir='ltr'>pro</span> <span class='ocrx_word' id='word_1_233' title='bbox 1270 3254 1343 3324; x_wconf 84' lang='lat' dir='ltr'>vulg.</span> 
     </span>
     <span class='ocr_line' id='line_1_29' title="bbox 106 3321 1344 3398; baseline 0.002 -25"><span class='ocrx_word' id='word_1_234' title='bbox 106 3321 161 3375; x_wconf 75' lang='lat' dir='ltr'>abbi</span> <span class='ocrx_word' id='word_1_235' title='bbox 175 3332 212 3378; x_wconf 83' lang='lat' dir='ltr'>cst</span> <span class='ocrx_word' id='word_1_236' title='bbox 227 3327 373 3379; x_wconf 81' lang='lat' dir='ltr'>succedere</span> <span class='ocrx_word' id='word_1_237' title='bbox 392 3334 455 3377; x_wconf 84' lang='lat' dir='ltr'>tecto</span> <span class='ocrx_word' id='word_1_238' title='bbox 474 3333 521 3378; x_wconf 86' lang='lat' dir='ltr'>aut</span> <span class='ocrx_word' id='word_1_239' title='bbox 538 3336 628 3380; x_wconf 79' lang='lat' dir='ltr'>tectum</span> <span class='ocrx_word' id='word_1_240' title='bbox 655 3344 702 3398; x_wconf 90' lang='lat' dir='ltr'>po·</span> <span class='ocrx_word' id='word_1_241' title='bbox 736 3330 774 3380; x_wconf 84' lang='lat' dir='ltr'>nd</span> <span class='ocrx_word' id='word_1_242' title='bbox 790 3329 867 3391; x_wconf 79' lang='lat' dir='ltr'>haec,</span> <span class='ocrx_word' id='word_1_243' title='bbox 925 3324 951 3377; x_wconf 86' lang='lat' dir='ltr'>ia</span> <span class='ocrx_word' id='word_1_244' title='bbox 968 3323 1067 3393; x_wconf 88' lang='lat' dir='ltr'>legitur</span> <span class='ocrx_word' id='word_1_245' title='bbox 1084 3322 1112 3375; x_wconf 92' lang='lat' dir='ltr'>in</span> <span class='ocrx_word' id='word_1_246' title='bbox 1129 3323 1210 3374; x_wconf 86' lang='lat' dir='ltr'>Bern.</span> <span class='ocrx_word' id='word_1_247' title='bbox 1228 3322 1254 3373; x_wconf 80' lang='lat' dir='ltr'>A</span> <span class='ocrx_word' id='word_1_248' title='bbox 1271 3322 1344 3375; x_wconf 86' lang='lat' dir='ltr'>Flor.</span> 
     </span>
     <span class='ocr_line' id='line_1_30' title="bbox 105 3343 1344 3448; baseline 0 -3"><span class='ocrx_word' id='word_1_249' title='bbox 105 3396 148 3445; x_wconf 75' lang='lat' dir='ltr'>aa</span> <span class='ocrx_word' id='word_1_250' title='bbox 163 3392 238 3447; x_wconf 82' lang='lat' dir='ltr'>etiam</span> <span class='ocrx_word' id='word_1_251' title='bbox 256 3410 318 3448; x_wconf 86' lang='lat' dir='ltr'>esse</span> <span class='ocrx_word' id='word_1_252' title='bbox 338 3395 368 3446; x_wconf 83' lang='lat' dir='ltr'>ia</span> <span class='ocrx_word' id='word_1_253' title='bbox 388 3402 486 3446; x_wconf 81' lang='lat' dir='ltr'>tectum.</span> <span class='ocrx_word' id='word_1_254' title='bbox 735 3394 785 3446; x_wconf 89' lang='lat' dir='ltr'>AB</span> <span class='ocrx_word' id='word_1_255' title='bbox 803 3343 978 3447; x_wconf 47' lang='lat' dir='ltr'>Leidflloss.</span> <span class='ocrx_word' id='word_1_256' title='bbox 1000 3401 1010 3444; x_wconf 96' lang='lat' dir='ltr'>l</span> <span class='ocrx_word' id='word_1_257' title='bbox 1032 3389 1248 3444; x_wconf 85' lang='lat' dir='ltr'>emendatissimis</span> <span class='ocrx_word' id='word_1_258' title='bbox 1266 3392 1344 3445; x_wconf 91' lang='lat' dir='ltr'>codd.</span> 
     </span>
     <span class='ocr_line' id='line_1_31' title="bbox 129 3459 1344 3567; baseline -0.004 -50"><span class='ocrx_word' id='word_1_259' title='bbox 129 3493 186 3567; x_wconf 56' lang='lat' dir='ltr'>cap·</span> <span class='ocrx_word' id='word_1_260' title='bbox 209 3503 261 3563; x_wconf 64' lang='grc'>47,</span> <span class='ocrx_word' id='word_1_261' title='bbox 292 3498 317 3564; x_wconf 52' lang='grc' dir='ltr'>ξ.</span> <span class='ocrx_word' id='word_1_262' title='bbox 349 3501 374 3546; x_wconf 52' lang='lat' dir='ltr'>l·</span> <span class='ocrx_word' id='word_1_263' title='bbox 415 3496 572 3563; x_wconf 68' lang='lat' dir='ltr'>OSdendebssd]</span> <span class='ocrx_word' id='word_1_264' title='bbox 615 3495 700 3551; x_wconf 49' lang='lat' dir='ltr'><strong>codd.</strong></span> <span class='ocrx_word' id='word_1_265' title='bbox 734 3463 767 3515; x_wconf 84' lang='lat' dir='ltr'>In</span> <span class='ocrx_word' id='word_1_266' title='bbox 784 3462 857 3514; x_wconf 79' lang='lat' dir='ltr'>FlOI&#39;·</span> <span class='ocrx_word' id='word_1_267' title='bbox 876 3460 967 3516; x_wconf 77' lang='lat' dir='ltr'>CEGI</span> <span class='ocrx_word' id='word_1_268' title='bbox 984 3461 1065 3513; x_wconf 76' lang='lat' dir='ltr'>Bel&#39;ss.</span> <span class='ocrx_word' id='word_1_269' title='bbox 1083 3460 1107 3512; x_wconf 87' lang='lat' dir='ltr'>B</span> <span class='ocrx_word' id='word_1_270' title='bbox 1126 3462 1211 3512; x_wconf 66' lang='lat' dir='ltr'>adhuc</span> <span class='ocrx_word' id='word_1_271' title='bbox 1229 3466 1277 3512; x_wconf 68' lang='lat' dir='ltr'><strong>est·</strong></span> <span class='ocrx_word' id='word_1_272' title='bbox 1301 3459 1344 3514; x_wconf 70' lang='lat' dir='ltr'>Of.</span> 
     </span>
    </p>
   </div>
   <div class='ocr_carea' id='block_1_4' title="bbox 100 3531 1345 3666">
    <p class='ocr_par' dir='ltr' id='par_1_10' title="bbox 100 3531 1345 3666">
     <span class='ocr_line' id='line_1_32' title="bbox 100 3531 1345 3666; baseline 0.017 -36"><span class='ocrx_word' id='word_1_273' title='bbox 100 3578 148 3616; x_wconf 71' lang='lat'>‘¹¹⁸⁸-</span> <span class='ocrx_word' id='word_1_274' title='bbox 169 3572 197 3617; x_wconf 68' lang='lat' dir='ltr'>⁰t</span> <span class='ocrx_word' id='word_1_275' title='bbox 218 3566 282 3618; x_wconf 63' lang='lat' dir='ltr'>edd·</span> <span class='ocrx_word' id='word_1_276' title='bbox 308 3569 380 3616; x_wconf 61' lang='lat' dir='ltr'><strong>vett·</strong></span> <span class='ocrx_word' id='word_1_277' title='bbox 406 3565 602 3631; x_wconf 60' lang='lat' dir='ltr'>⁰⁸‘endebamr’</span> <span class='ocrx_word' id='word_1_278' title='bbox 654 3582 700 3616; x_wconf 65' lang='lat'><em>¹¹²²*</em></span> <span class='ocrx_word' id='word_1_279' title='bbox 734 3531 999 3664; x_wconf 32' lang='lat' dir='ltr'>adsiubdo&#39;eaeiminm</span> <span class='ocrx_word' id='word_1_280' title='bbox 1026 3607 1159 3652; x_wconf 79' lang='lat' dir='ltr'>vastorum</span> <span class='ocrx_word' id='word_1_281' title='bbox 1184 3598 1345 3666; x_wconf 68' lang='lat' dir='ltr'>magnitudi-</span> 
     </span>
    </p>
   </div>
   <div class='ocr_carea' id='block_1_5' title="bbox 100 3630 1346 3800">
    <p class='ocr_par' dir='ltr' id='par_1_11' title="bbox 100 3630 1346 3800">
     <span class='ocr_line' id='line_1_33' title="bbox 100 3630 1346 3800; baseline -0.018 6"><span class='ocrx_word' id='word_1_282' title='bbox 100 3630 701 3770; x_wconf 39' lang='lat' dir='ltr'>destruerentur&amp;</span> <span class='ocrx_word' id='word_1_283' title='bbox 734 3684 797 3787; x_wconf 72' lang='lat' dir='ltr'>rs.</span> <span class='ocrx_word' id='word_1_284' title='bbox 810 3684 849 3785; x_wconf 77' lang='lat' dir='ltr'>s</span> <span class='ocrx_word' id='word_1_285' title='bbox 874 3665 1346 3800; x_wconf 46' lang='lat' dir='ltr'>calliditatum</span> 
     </span>
    </p>
   </div>
   <div class='ocr_carea' id='block_1_6' title="bbox 101 3765 1346 3873">
    <p class='ocr_par' dir='ltr' id='par_1_12' title="bbox 101 3765 1346 3873">
     <span class='ocr_line' id='line_1_34' title="bbox 101 3765 1346 3873; baseline -0.002 -50"><span class='ocrx_word' id='word_1_286' title='bbox 101 3770 237 3823; x_wconf 77' lang='lat' dir='ltr'>mendosam</span> <span class='ocrx_word' id='word_1_287' title='bbox 256 3767 339 3821; x_wconf 87' lang='lat' dir='ltr'>verbi</span> <span class='ocrx_word' id='word_1_288' title='bbox 357 3765 576 3820; x_wconf 85' lang='lat' dir='ltr'>terminationem.</span> <span class='ocrx_word' id='word_1_289' title='bbox 594 3767 701 3822; x_wconf 89' lang='lat' dir='ltr'>Modius</span> <span class='ocrx_word' id='word_1_290' title='bbox 735 3802 856 3856; x_wconf 62' lang='lat' dir='ltr'>adhiberi</span> <span class='ocrx_word' id='word_1_291' title='bbox 872 3804 906 3873; x_wconf 39' lang='lat' dir='ltr'>{in</span> <span class='ocrx_word' id='word_1_292' title='bbox 928 3805 1027 3858; x_wconf 56' lang='lat' dir='ltr'><strong>malam</strong></span> <span class='ocrx_word' id='word_1_293' title='bbox 1052 3812 1173 3873; x_wconf 56' lang='lat' dir='ltr'><strong>partem</strong></span> <span class='ocrx_word' id='word_1_294' title='bbox 1201 3802 1252 3853; x_wconf 64' lang='lat' dir='ltr'>hoe</span> <span class='ocrx_word' id='word_1_295' title='bbox 1274 3801 1346 3852; x_wconf 64' lang='lat' dir='ltr'>enim</span> 
     </span>
    </p>
   </div>
   <div class='ocr_carea' id='block_1_7' title="bbox 102 3834 1243 3937">
    <p class='ocr_par' dir='ltr' id='par_1_13' title="bbox 102 3834 1243 3937">
     <span class='ocr_line' id='line_1_35' title="bbox 102 3834 1243 3937; baseline 0.02 -51"><span class='ocrx_word' id='word_1_296' title='bbox 102 3834 169 3890; x_wconf 78' lang='lat' dir='ltr'>edidit</span> <span class='ocrx_word' id='word_1_297' title='bbox 191 3848 214 3891; x_wconf 83' lang='lat' dir='ltr'>et</span> <span class='ocrx_word' id='word_1_298' title='bbox 243 3837 342 3890; x_wconf 84' lang='lat' dir='ltr'>omnia</span> <span class='ocrx_word' id='word_1_299' title='bbox 366 3835 488 3888; x_wconf 82' lang='lat' dir='ltr'>interiore</span> <span class='ocrx_word' id='word_1_300' title='bbox 506 3853 569 3889; x_wconf 83' lang='lat' dir='ltr'>cura</span> <span class='ocrx_word' id='word_1_301' title='bbox 581 3854 700 3905; x_wconf 82' lang='lat' dir='ltr'>praepu-</span> <span class='ocrx_word' id='word_1_302' title='bbox 734 3871 842 3925; x_wconf 58' lang='lat' dir='ltr'>videtur</span> <span class='ocrx_word' id='word_1_303' title='bbox 867 3872 982 3927; x_wconf 59' lang='lat' dir='ltr'>voluisse</span> <span class='ocrx_word' id='word_1_304' title='bbox 1010 3872 1105 3924; x_wconf 48' lang='lat' dir='ltr'>diem,</span> <span class='ocrx_word' id='word_1_305' title='bbox 1146 3870 1243 3937; x_wconf 66' lang='lat' dir='ltr'>Neque</span> 
     </span>
    </p>
   </div>
   <div class='ocr_carea' id='block_1_8' title="bbox 102 3906 1347 4080">
    <p class='ocr_par' dir='ltr' id='par_1_14' title="bbox 102 3906 1347 4080">
     <span class='ocr_line' id='line_1_36' title="bbox 102 3906 1347 4080; baseline 0.019 -60"><span class='ocrx_word' id='word_1_306' title='bbox 102 3906 700 4045; x_wconf 39' lang='lat' dir='ltr'>fuisse-{stuusserunt</span> <span class='ocrx_word' id='word_1_307' title='bbox 734 3941 944 4080; x_wconf 56' lang='lat' dir='ltr'>gggqg</span> <span class='ocrx_word' id='word_1_308' title='bbox 962 3940 1347 4068; x_wconf 55' lang='lat' dir='ltr'>gp,},0q{,3311135¹sunff</span> 
     </span>
    </p>
   </div>
   <div class='ocr_carea' id='block_1_9' title="bbox 103 4070 1347 4284">
    <p class='ocr_par' dir='ltr' id='par_1_15' title="bbox 103 4070 1347 4284">
     <span class='ocr_line' id='line_1_37' title="bbox 126 4070 1347 4144; baseline -0.008 -12"><span class='ocrx_word' id='word_1_309' title='bbox 126 4077 144 4141; x_wconf 75' lang='lat' dir='ltr'>l.</span> <span class='ocrx_word' id='word_1_310' title='bbox 167 4083 192 4130; x_wconf 77' lang='lat'>2.</span> <span class='ocrx_word' id='word_1_311' title='bbox 236 4073 364 4128; x_wconf 75' lang='lat' dir='ltr'>sollicita</span> <span class='ocrx_word' id='word_1_312' title='bbox 395 4073 565 4141; x_wconf 69' lang='lat' dir='ltr'>expectatione</span> <span class='ocrx_word' id='word_1_313' title='bbox 590 4084 699 4127; x_wconf 80' lang='lat' dir='ltr'>mentem</span> <span class='ocrx_word' id='word_1_314' title='bbox 734 4078 788 4129; x_wconf 80' lang='lat' dir='ltr'>mia</span> <span class='ocrx_word' id='word_1_315' title='bbox 812 4079 932 4144; x_wconf 82' lang='lat' dir='ltr'>iniuria,</span> <span class='ocrx_word' id='word_1_316' title='bbox 961 4087 990 4131; x_wconf 87' lang='lat' dir='ltr'>et</span> <span class='ocrx_word' id='word_1_317' title='bbox 1016 4075 1068 4129; x_wconf 91' lang='lat' dir='ltr'>hoc</span> <span class='ocrx_word' id='word_1_318' title='bbox 1093 4074 1152 4126; x_wconf 90' lang='lat' dir='ltr'>loco</span> <span class='ocrx_word' id='word_1_319' title='bbox 1178 4070 1242 4124; x_wconf 91' lang='lat' dir='ltr'>nihil</span> <span class='ocrx_word' id='word_1_320' title='bbox 1260 4070 1347 4123; x_wconf 85' lang='lat' dir='ltr'>malae</span> 
     </span>
     <span class='ocr_line' id='line_1_38' title="bbox 103 4139 1346 4215; baseline -0.01 -12"><span class='ocrx_word' id='word_1_321' title='bbox 103 4145 162 4215; x_wconf 57' lang='lat' dir='ltr'>dnh]</span> <span class='ocrx_word' id='word_1_322' title='bbox 180 4145 324 4199; x_wconf 82' lang='lat' dir='ltr'>Veterum</span> <span class='ocrx_word' id='word_1_323' title='bbox 344 4139 496 4207; x_wconf 82' lang='lat' dir='ltr'>editionum,</span> <span class='ocrx_word' id='word_1_324' title='bbox 516 4158 623 4210; x_wconf 87' lang='lat' dir='ltr'>quarum</span> <span class='ocrx_word' id='word_1_325' title='bbox 634 4142 698 4194; x_wconf 91' lang='lat' dir='ltr'>mihi</span> <span class='ocrx_word' id='word_1_326' title='bbox 733 4146 818 4215; x_wconf 85' lang='lat' dir='ltr'>partis</span> <span class='ocrx_word' id='word_1_327' title='bbox 843 4155 890 4199; x_wconf 84' lang='lat' dir='ltr'>est</span> <span class='ocrx_word' id='word_1_328' title='bbox 929 4144 1049 4199; x_wconf 90' lang='lat' dir='ltr'>Omnino</span> <span class='ocrx_word' id='word_1_329' title='bbox 1074 4143 1183 4194; x_wconf 77' lang='lat' dir='ltr'>eximius</span> <span class='ocrx_word' id='word_1_330' title='bbox 1207 4156 1266 4190; x_wconf 87' lang='lat' dir='ltr'>cum</span> <span class='ocrx_word' id='word_1_331' title='bbox 1288 4139 1346 4208; x_wconf 92' lang='lat' dir='ltr'>ple-</span> 
     </span>
     <span class='ocr_line' id='line_1_39' title="bbox 103 4207 1347 4284; baseline -0.014 -7"><span class='ocrx_word' id='word_1_332' title='bbox 103 4210 189 4276; x_wconf 64' lang='lat' dir='ltr'>‘llideffl</span> <span class='ocrx_word' id='word_1_333' title='bbox 206 4229 277 4264; x_wconf 90' lang='lat' dir='ltr'>usus</span> <span class='ocrx_word' id='word_1_334' title='bbox 297 4207 428 4278; x_wconf 63' lang='lat' dir='ltr'>suppetit,</span> <span class='ocrx_word' id='word_1_335' title='bbox 446 4208 531 4278; x_wconf 89' lang='lat' dir='ltr'>prima</span> <span class='ocrx_word' id='word_1_336' title='bbox 544 4209 642 4264; x_wconf 86' lang='lat' dir='ltr'>Aldina</span> <span class='ocrx_word' id='word_1_337' title='bbox 660 4229 700 4263; x_wconf 88' lang='lat' dir='ltr'>so·</span> <span class='ocrx_word' id='word_1_338' title='bbox 733 4230 845 4284; x_wconf 87' lang='lat' dir='ltr'>rumque</span> <span class='ocrx_word' id='word_1_339' title='bbox 863 4217 897 4267; x_wconf 90' lang='lat' dir='ltr'>ad</span> <span class='ocrx_word' id='word_1_340' title='bbox 915 4216 1023 4267; x_wconf 89' lang='lat' dir='ltr'>laudem</span> <span class='ocrx_word' id='word_1_341' title='bbox 1041 4211 1138 4274; x_wconf 86' lang='lat' dir='ltr'>valeat,</span> <span class='ocrx_word' id='word_1_342' title='bbox 1156 4224 1347 4277; x_wconf 89' lang='lat' dir='ltr'>nonnunquam</span> 
     </span>
    </p>
   </div>
   <div class='ocr_carea' id='block_1_10' title="bbox 102 4276 1347 4400">
    <p class='ocr_par' dir='ltr' id='par_1_16' title="bbox 102 4276 1347 4400">
     <span class='ocr_line' id='line_1_40' title="bbox 102 4276 1347 4400; baseline -0.001 -74"><span class='ocrx_word' id='word_1_343' title='bbox 102 4276 181 4334; x_wconf 76' lang='lat' dir='ltr'>licitum</span> <span class='ocrx_word' id='word_1_344' title='bbox 208 4282 307 4333; x_wconf 82' lang='lat' dir='ltr'>habet.</span> <span class='ocrx_word' id='word_1_345' title='bbox 356 4277 424 4328; x_wconf 83' lang='lat' dir='ltr'>Eam</span> <span class='ocrx_word' id='word_1_346' title='bbox 459 4284 561 4330; x_wconf 89' lang='lat' dir='ltr'>ceterae</span> <span class='ocrx_word' id='word_1_347' title='bbox 591 4287 699 4331; x_wconf 85' lang='lat' dir='ltr'>secutae</span> <span class='ocrx_word' id='word_1_348' title='bbox 734 4291 839 4346; x_wconf 84' lang='lat' dir='ltr'>tamen,</span> <span class='ocrx_word' id='word_1_349' title='bbox 859 4283 927 4337; x_wconf 85' lang='lat' dir='ltr'>sieut</span> <span class='ocrx_word' id='word_1_350' title='bbox 946 4282 1077 4400; x_wconf 55' lang='lat' dir='ltr'>insqqnis,</span> <span class='ocrx_word' id='word_1_351' title='bbox 1096 4277 1255 4345; x_wconf 67' lang='lat' dir='ltr'>singularis,</span> <span class='ocrx_word' id='word_1_352' title='bbox 1275 4292 1347 4342; x_wconf 73' lang='lat' dir='ltr'>epre-</span> 
     </span>
    </p>
   </div>
   <div class='ocr_carea' id='block_1_11' title="bbox 101 4343 992 4420">
    <p class='ocr_par' dir='ltr' id='par_1_17' title="bbox 101 4343 992 4420">
     <span class='ocr_line' id='line_1_41' title="bbox 101 4343 992 4420; baseline 0.002 -22"><span class='ocrx_word' id='word_1_353' title='bbox 101 4356 162 4414; x_wconf 84' lang='lat' dir='ltr'>unt,</span> <span class='ocrx_word' id='word_1_354' title='bbox 180 4349 233 4402; x_wconf 85' lang='lat' dir='ltr'>etsi</span> <span class='ocrx_word' id='word_1_355' title='bbox 263 4347 295 4398; x_wconf 91' lang='lat' dir='ltr'>in</span> <span class='ocrx_word' id='word_1_356' title='bbox 315 4345 395 4396; x_wconf 88' lang='lat' dir='ltr'>codd.</span> <span class='ocrx_word' id='word_1_357' title='bbox 413 4351 441 4396; x_wconf 90' lang='lat' dir='ltr'>et</span> <span class='ocrx_word' id='word_1_358' title='bbox 459 4343 537 4397; x_wconf 80' lang='lat' dir='ltr'>Snalr.</span> <span class='ocrx_word' id='word_1_359' title='bbox 555 4353 584 4398; x_wconf 90' lang='lat' dir='ltr'>et</span> <span class='ocrx_word' id='word_1_360' title='bbox 601 4347 699 4400; x_wconf 87' lang='lat' dir='ltr'>nostris</span> <span class='ocrx_word' id='word_1_361' title='bbox 732 4352 808 4420; x_wconf 69' lang='lat' dir='ltr'>pius,</span> <span class='ocrx_word' id='word_1_362' title='bbox 833 4349 899 4404; x_wconf 91' lang='lat' dir='ltr'>illud</span> <span class='ocrx_word' id='word_1_363' title='bbox 924 4348 992 4419; x_wconf 89' lang='lat' dir='ltr'>signi</span> 
     </span>
    </p>
   </div>
   <div class='ocr_carea' id='block_1_12' title="bbox 100 4342 1347 4487">
    <p class='ocr_par' dir='ltr' id='par_1_18' title="bbox 100 4342 1347 4487">
     <span class='ocr_line' id='line_1_42' title="bbox 1014 4342 1347 4416; baseline -0.009 -17"><span class='ocrx_word' id='word_1_364' title='bbox 1014 4356 1058 4399; x_wconf 84' lang='lat' dir='ltr'>cat</span> <span class='ocrx_word' id='word_1_365' title='bbox 1083 4345 1156 4416; x_wconf 91' lang='lat' dir='ltr'>quod</span> <span class='ocrx_word' id='word_1_366' title='bbox 1173 4362 1220 4397; x_wconf 89' lang='lat' dir='ltr'>nos</span> <span class='ocrx_word' id='word_1_367' title='bbox 1238 4342 1347 4396; x_wconf 83' lang='lat' dir='ltr'>dicimus</span> 
     </span>
     <span class='ocr_line' id='line_1_43' title="bbox 100 4410 873 4487; baseline 0.012 -23"><span class='ocrx_word' id='word_1_368' title='bbox 100 4417 195 4471; x_wconf 68' lang='lat' dir='ltr'>sollicita</span> <span class='ocrx_word' id='word_1_369' title='bbox 219 4417 347 4486; x_wconf 85' lang='lat' dir='ltr'>legatur.</span> <span class='ocrx_word' id='word_1_370' title='bbox 383 4410 479 4465; x_wconf 86' lang='lat' dir='ltr'>Sensus</span> <span class='ocrx_word' id='word_1_371' title='bbox 501 4430 553 4467; x_wconf 91' lang='lat' dir='ltr'>non</span> <span class='ocrx_word' id='word_1_372' title='bbox 570 4423 698 4483; x_wconf 82' lang='lat' dir='ltr'>mutatur,</span> <span class='ocrx_word' id='word_1_373' title='bbox 735 4419 873 4487; x_wconf 60' lang='lat' dir='ltr'>crustae.</span> 
     </span>
    </p>
   </div>
   <div class='ocr_carea' id='block_1_13' title="bbox 0 0 1475 5174">
    <p class='ocr_par' dir='ltr' id='par_1_19' title="bbox 0 0 1475 5174">
     <span class='ocr_line' id='line_1_44' title="bbox 0 0 1475 5174; baseline 0 0"><span class='ocrx_word' id='word_1_374' title='bbox 0 0 1475 5174; x_wconf 95' lang='lat' dir='ltr'> </span> 
     </span>
    </p>
   </div>
  </div>
 </body>
</html>
