2926 5174
189 316 262 389 416
657 338 692 402 Q·
720 338 844 389 cunrn
868 340 954 391 surr

187 518 256 610 Qui
282 521 397 618 primo
423 522 524 618 aquis
551 522 621 595 leni
647 532 768 596 tractu
798 522 1032 597 subeuntibus
1061 525 1195 622 coepit
1227 527 1352 602 levare
1376 555 1421 602 na·

184 633 296 730 vigia,
331 658 418 705 mox
450 633 536 706 totis
569 635 702 732 campis
734 634 913 707 inundans
946 634 1053 707 etiam
1093 636 1251 735 impulit
1284 640 1419 715 classem

185 743 406 840 Plaususque
437 745 590 817 militum
615 746 921 842 nauticorumque,
946 747 1178 844 insperatam
1198 751 1355 824 salutem
1374 754 1450 826 ima

183 854 323 927 modico
359 856 615 929 celebrantium
647 855 797 954 gaudio,
836 858 999 931 litoribus
1030 859 1204 957 ripisque
1237 864 1419 938 resonabat

183 964 287 1039 Unde
314 977 455 1038 tantum
480 966 633 1040 redisset
659 969 778 1043 subito
804 969 929 1043 mare?
966 995 1035 1066 quo
1071 970 1198 1068 pridie
1225 975 1419 1073 refiigissetl

182 1102 358 1174 quaenam
397 1090 492 1152 esset
530 1077 690 1152 eiusdem
729 1081 895 1155 elementi
932 1093 1083 1172 natura,
1132 1082 1253 1157 modo
1293 1086 1418 1179 discors,

182 1188 291 1261 modo
317 1190 465 1287 imperio
496 1199 700 1289 temporum
731 1192 913 1266 obnoxia?
949 1192 1163 1266 mirabundi
1196 1198 1416 1293 requirebant

180 1300 261 1373 Rex
293 1326 374 1373 cum
407 1326 455 1374 ex
487 1327 549 1390 eo,
585 1303 682 1400 quod
720 1303 916 1395 acciderat,
951 1305 1200 1396 coniectaret,
1237 1320 1323 1405 post
1351 1311 1446 1383 soliar

183 1423 302 1485 ortum
337 1423 471 1486 statum
505 1423 647 1513 tempus
683 1441 780 1506 esse,
817 1415 862 1488 de
895 1415 1012 1487 media
1044 1427 1184 1508 nocte,
1222 1430 1267 1493 ut
1301 1432 1417 1495 aestum

182 1534 392 1622 occuparet,
437 1548 517 1597 cum
557 1527 681 1623 paucis
721 1526 872 1624 navigiis
914 1524 1073 1598 secundo
1120 1552 1235 1604 amne
1277 1532 1415 1607 defluxit

179 1633 407 1732 Evectusque
440 1661 480 1709 os
513 1636 589 1709 eius
621 1637 858 1736 quadraginta
889 1636 1004 1710 stadia
1033 1642 1227 1734 processit
1257 1645 1296 1717 in
1326 1671 1413 1735 mare,

179 1744 325 1820 tandem
350 1748 428 1821 voti
454 1747 509 1819 sui
537 1772 683 1846 compos
690 1776 699 1840 ;
735 1747 1027 1846 praesidibusque
1060 1761 1103 1823 et
1134 1755 1253 1828 maris
1281 1766 1318 1830 et
1340 1758 1413 1829 loco

176 1884 257 1932 rum
283 1857 350 1932 diis
377 1860 549 1933 sacrificio
574 1861 679 1951 facto,
711 1859 758 1933 ad
783 1860 933 1933 classem
958 1858 1074 1933 rediit.

128 1972 176 2043 38
280 1969 374 2044 Hinc
399 1969 591 2044 adversum
618 1971 752 2044 flumen
777 1973 874 2046 subit
900 1971 1037 2062 classis,
1072 1982 1113 2046 et
1140 1976 1263 2050 altero
1290 1977 1345 2052 die
1366 1995 1437 2076 apt

176 2082 280 2180 pulsa
305 2091 361 2154 est
386 2081 484 2155 haud
518 2083 643 2179 procul
676 2082 757 2155 lacu
791 2085 902 2174 salso,
937 2082 1035 2154 cuius
1071 2083 1270 2184 incognita
1303 2101 1411 2164 natura

176 2193 365 2292 plerosque
392 2192 533 2291 decepit
558 2203 693 2267 temere
719 2194 900 2293 ingressos
926 2219 1066 2291 aquam.
1116 2193 1268 2296 Quippe
1294 2202 1410 2274 scabies

177 2329 328 2402 corpora
352 2305 500 2395 invasit,
538 2314 575 2379 et
602 2306 806 2403 contagium
838 2305 954 2377 morbi
980 2305 1091 2379 etiam
1119 2307 1160 2380 in
1188 2310 1282 2383 alios
1308 2314 1409 2409 vulgu-

176 2425 254 2487 tum
281 2424 345 2487 est.
387 2412 516 2498 Oleum
541 2416 699 2490 remedio
725 2417 802 2491 filit.
837 2416 1022 2490 Leonnato
1050 2415 1191 2493 deinde
1218 2424 1429 2519 praemissus

209 2611 283 2676 §.ta
319 2611 378 2661 totis
397 2609 496 2689 campis
514 2610 658 2677 inundans]
691 2609 775 2664 codd.
845 2618 868 2662 et
885 2609 968 2662 muris
985 2618 1008 2661 et
1027 2611 1160 2679 locorum]
1180 2612 1297 2685 Duplex
1314 2626 1337 2670 et
1352 2613 1406 2668 int

174 2676 308 2731 Snekenb.
326 2684 354 2730 et
371 2684 454 2731 nostri
470 2686 576 2748 praeter
592 2677 775 2732 FloacGe‘a-
809 2676 1237 2750 brismss.omnibusexh1betur‚
1275 2682 1407 2754 suciquein

173 2749 303 2801 undantes
320 2748 453 2799 mendose.
483 2746 609 2800 Ceterum
627 2748 686 2800 totis
705 2765 774 2800 com·
803 2748 1019 2816 praesideatque
1029 2745 1174 2814 omittunt,
1184 2749 1256 2805 Flor
1292 2752 1406 2807 Ivossa

167 2817 214 2885 pis
232 2834 285 2868 non
303 2815 406 2869 dativus
424 2831 480 2868 esse
497 2815 543 2867 sed
564 2815 692 2869 ablativos
714 2832 774 2869 cen·
843 2814 910 2885 Cap.
924 2820 971 2881 38,
994 2817 1016 2882 §.
1033 2823 1055 2866 1.
1091 2818 1165 2869 subit
1189 2821 1300 2889 classis]
1334 2821 1405 2890 Vulgo

173 2901 232 2951 seo,
252 2883 320 2938 sicut
341 2884 422 2937 etiam
446 2884 517 2954 apud
533 2883 638 2937 Livium
655 2898 721 2949 vm,
740 2891 773 2937 24
807 2885 901 2950 subiit,
928 2883 973 2936 sed
999 2900 1054 2935 non
1076 2881 1193 2938 videtur
1220 2887 1270 2942 illa
1295 2889 1344 2944 scri
1361 2897 1406 2942 tun

173 2954 267 3007 imbres
286 2955 410 3020 continui,
428 2954 552 3021 campis
571 2953 714 3005 omnibus
732 2954 772 3005 ic·
807 2952 967 3023 optimorum
985 2950 1107 3004 codicum
1125 2951 1322 3011 Leid.V0ss.1
1342 2908 1405 3011 bem

172 3026 318 3089 undantes;
336 3040 397 3075 nam
415 3023 545 3074 inundare
564 3020 610 3073 ubi
625 3037 713 3073 casum
726 3021 773 3074 ali-
806 3021 833 3072 A
850 3019 1003 3074 noallac
1022 3024 1231 3077 contemnenda
1248 3042 1315 3094 esse,
1334 3043 1406 3097 quau·

190 3109 250 3144 uem
267 3090 350 3160 regit,
374 3089 549 3144 accusativum
568 3088 703 3156 adsciscit,
725 3091 773 3142 sed
807 3107 886 3158 quam
899 3087 1074 3141 Praeteritum
1092 3093 1218 3158 appulsu
1237 3104 1284 3147 est
1295 3094 1405 3165 sequitur.

191 3159 268 3214 'citur
286 3159 366 3213 etiam
384 3158 438 3213 siue
451 3176 512 3212 casu
529 3177 579 3230 pro
593 3161 700 3229 affandi,
718 3169 773 3213 sta·
806 3158 879 3210 Nam
898 3156 963 3210 illud
983 3163 1146 3236 perpetuum
1170 3159 1280 3231 aliquid
1303 3181 1350 3234 per
1365 3179 1406 3216 <aa

168 3246 261 3298 qnare.
807 3234 864 3279 tum
889 3234 1011 3296 temporis
1041 3224 1165 3295 spatium
1192 3228 1342 3350 aframeat,
1371 3232 1407 3284 boe

205 3304 279 3365 §.aa
301 3298 413 3349 easdem
431 3298 556 3364 elementa]
581 3297 694 3349 eiusdem
703 3313 773 3348 men·
807 3295 878 3366 quod
895 3294 974 3348 semel
989 3293 1096 3345 'factum
1121 3303 1175 3348 est.
1230 3299 1295 3353 dem
1311 3319 1358 3355 usu
1372 3315 1406 3352 re·

170 3366 204 3419 tis
222 3364 296 3418 Leid.
314 3365 413 3418 Voss.l
434 3365 556 3418 BernA.
584 3365 651 3418 Item
665 3364 771 3417 Medius
805 3363 845 3416 nit
860 3364 940 3434 paulo
957 3368 1030 3432 post,
1054 3361 1102 3415 ubi
1140 3381 1174 3417 ro
1195 3366 1245 3419 vul
1281 3377 1312 3423 to
1327 3368 1406 3424 eatst-

170 3441 216 3486 aut
233 3435 324 3487 mentis
343 3441 389 3487 aut
411 3443 494 3486 motas
516 3433 545 3487 in
565 3433 618 3486 suis
640 3435 771 3486 membra·
806 3433 836 3486 tit
853 3448 868 3484 e
885 3430 958 3484 Leid.
975 3430 1055 3483 Voss.
1071 3437 1084 3482 1
1133 3448 1194 3486 ern.
1211 3385 1331 3493 Aglilor.
1344 3433 1405 3491 ABG

170 3500 210 3555 nis
228 3501 347 3555 exhiberi
365 3502 456 3555 tradit.
805 3500 866 3553 dedi
883 3500 1008 3553 subsistit.

204 3573 227 3639 §-
242 3578 284 3624 27.
319 3581 415 3624 statum
438 3572 546 3691 tempus?
583 3570 628 3624 Sic
653 3570 714 3622 inde
736 3570 770 3623 ab
839 3570 972 3638 insepalta
997 3569 1107 3635 acturo]
1151 3567 1201 3624 Sic
1228 3573 1294 3627 msti
1320 3590 1403 3638 omnes,

168 3638 246 3693 Iunio
264 3639 345 3709 vulgo
362 3640 463 3705 editur,
486 3646 514 3691 et
541 3639 628 3709 egitur
644 3638 671 3691 in
689 3638 770 3692 Bern.
805 3637 869 3690 editi
884 3639 982 3705 iuncto.
1014 3670 1020 3681 ·

168 3707 406 3763 ALeid.v0ss.1
427 3708 498 3761 Flor.
512 3706 575 3761 AC:
598 3706 693 3776 reliqui
715 3717 769 3760 stu·
839 3705 1011 3782 contayiaml
1031 3701 1143 3772 Operae
1151 3708 1291 3827 spretium
1313 3710 1404 3764 videtur

168 3788 257 3831 tutam.
285 3776 356 3830 Tum
368 3779 454 3830 medio
467 3785 547 3842 aucte,
567 3777 638 3846 quod
647 3776 681 3828 ab
690 3775 767 3828 Iunio
822 3782 913 3844 ropter
939 3771 1058 3826 Curtium
1091 3772 1128 3823 ad
1173 3774 1221 3828 all.
1248 3778 1311 3832 Cat.
1329 3786 1359 3833 10
1380 3784 1403 3831 ut

167 3844 230 3899 inde
251 3845 349 3909 editur,
375 3848 403 3900 in
424 3862 477 3896 uno
499 3843 571 3897 Flor.
585 3843 611 3896 G
632 3843 768 3897 inventum
834 3842 881 3895 arii
903 3838 1033 3896 Victorini
1055 3841 1143 3894 verbs
1164 3860 1193 3912 p.
1209 3849 1281 3901 2469
1310 3847 1402 3903 Puteal„

167 3922 221 3981 est,
248 3913 275 3967 in
296 3915 403 3985 reliquis
425 3920 471 3966 aut
494 3930 525 3965 ee
547 3919 588 3965 est
605 3919 653 3965 aut
670 3923 711 3979 et,·
737 3930 768 3965 ea
802 3907 1261 3980 huetransscribam:„Contaqioa
1279 3916 1400 3969 udonus

166 3982 309 4037 deteriores
326 3991 355 4036 et
371 3985 443 4048 Ale,
462 3991 486 4034 et
502 3980 622 4034 meliores
635 3999 694 4034 cum
707 3982 767 4034 edd.
802 3981 857 4033 fere
866 3985 966 4031 veteres
977 3975 1006 4045 (i.
1015 3991 1038 4055 e:
1047 3975 1182 4056 imprimis
1191 3998 1239 4051 ap.
1272 3983 1399 4049 icemnem)

165 4051 250 4123 princ.
282 4052 387 4105 habent.
428 4052 481 4107 Sed
507 4056 628 4103 neutrum
660 4049 766 4120 probari
802 4048 898 4118 scripta
914 4054 953 4099 est
970 4052 1136 4097 nommatrvo
1155 4063 1238 4117 cun,
1262 4059 1294 4105 ut
1315 4054 1400 4107 οὸιὶᾶο

165 4127 266 4191 potest,
284 4121 421 4175 emendavi
439 4125 470 4175 de
487 4119 572 4172 media
589 4129 670 4172 nocte.
696 4118 767 4170 Nam
803 4131 905 4188 quoque
919 4121 947 4167 et
960 4113 1061 4178 obliuio,
1080 4113 1131 4165 sed
1149 4124 1299 4185 poetarum
1310 4119 1401 4175 lieentia

166 4205 199 4242 ne
245 4188 284 4240 uis
310 4188 417 4242 fallatur
449 4208 479 4242 ea
508 4187 626 4257 quamvis
656 4184 766 4239 similem
819 4185 912 4238 rimum
929 4181 992 4263 iecit
1008 4183 1135 4261 cqatoyia
1150 4191 1181 4236 et
1196 4188 1306 4256 obliuia,
1322 4198 1400 4261 postes

165 4205 382 4377 qiegnfficatiopem
405 4259 514 4381 habeat(i
542 4254 767 4377 qiciturretanturq
800 4205 951 4376 ,lllfflss
964 4250 1300 4389 bbssgsslssetissifflim'
1317 4266 1399 4381 Zeus·

284 4342 636 4382 ucexeorneemo
683 4341 750 4376 usu
811 4341 827 4375 o
899 4360 905 4370 .
1268 4343 1316 4379 con

165 4391 199 4445 ad
217 4341 316 4444 tertiam
338 4400 442 4464 tempus
464 4396 508 4464 fit,
535 4342 766 4463 nonpsimplicller
800 4341 871 4462 apqud
892 4392 1032 4458 argenteae
1056 4386 1163 4464 aetatis
1191 4392 1326 4460 proserius
1339 4343 1399 4448 m

164 4459 235 4513 idem
252 4459 323 4514 valet
341 4463 412 4532 quod
428 4476 499 4534 poet.
799 4467 889 4531 ptores
906 4463 934 4510 et
950 4451 1029 4525 paulo
1046 4470 1138 4509 ramus
1157 4453 1308 4517 invenitur.
