2926 5174
419 307 468 358 nn
495 307 621 360 ansrrs
648 307 757 359 max.
783 309 820 378 v,
846 307 871 353 2.
1193 290 1265 362 165

80 493 144 566 tile
171 491 305 590 ditique
329 516 418 589 gaza
444 497 595 594 repleta:
631 503 800 591 quattuor
834 494 930 566 milia
956 495 1131 568 talentum
1155 497 1265 588 fuere,

81 616 216 678 reterea
250 604 425 702 pretiosae
458 615 597 696 vestes,
634 606 764 696 totius,
804 615 845 678 ut
883 631 992 705 supra
1024 606 1160 680 dictum
1200 619 1265 700 est,

81 717 206 790 arcitus
239 716 364 814 opibus
399 716 437 789 in
470 717 567 788 illam
604 716 728 791 sedem
763 718 951 816 congestis.
1012 717 1266 817 Ingruentibus

81 828 155 902 nde
167 829 312 919 morbis,
330 855 420 926 quos
446 827 536 903 odor
562 827 777 903 cadaverum
803 829 888 902 totis
914 830 1106 904 iacentium
1131 833 1265 931 campis

81 949 248 1039 gaverat,
274 940 448 1014 maturius
474 950 593 1014 eastra
618 941 741 1015 movit.
781 939 959 1037 Euntibus
986 967 1008 1014 a
1033 952 1136 1040 parte
1161 944 1266 1017 laeva

81 1052 168 1143 abia,
195 1050 347 1125 odorum
372 1054 555 1126 fertilitate
581 1052 710 1126 nobilis
736 1052 845 1149 regia,
872 1063 1071 1151 campestre
1097 1053 1175 1145 iter,
1199 1066 1263 1128 est.

81 1190 118 1238 er
155 1163 279 1262 Tigrin
310 1173 347 1237 et
377 1163 588 1264 Euphraten
628 1164 779 1237 iacentia
821 1173 896 1237 tam
933 1164 1035 1239 uberi
1070 1173 1107 1237 et
1141 1166 1265 1264 pingui

81 1303 96 1350 r
132 1286 238 1366 sunt,
273 1286 314 1349 ut
339 1301 362 1349 a
385 1289 494 1374 pastu
525 1277 650 1375 repelli
674 1299 807 1374 pecora
838 1274 1018 1366 dicantur,
1044 1301 1090 1349 ne
1116 1279 1263 1352 satietas

81 1390 182 1462 imat.
226 1384 341 1460 Causa
366 1389 558 1462 fertilitatis
585 1398 641 1461 est
666 1388 804 1478 humor,
819 1388 879 1486 qui
906 1414 953 1461 ex
978 1397 1132 1485 utroque
1158 1416 1262 1466 amne

81 1511 157 1590 nat,
192 1507 273 1573 toto
307 1499 381 1572 fere
417 1501 492 1574 solo
530 1508 680 1598 propter
710 1524 821 1573 venas
853 1526 1028 1598 aquarum
1058 1501 1261 1576 resudante

82 1613 94 1684 i
132 1636 258 1684 amnes
293 1637 339 1684 ex
374 1612 566 1685 Armeniae
604 1611 787 1685 montibus
821 1611 1022 1710 profluunt,
1057 1639 1099 1686 ac
1130 1639 1261 1714 magno

81 1723 350 1822 ndeaquarum
375 1722 530 1798 divortio
556 1723 635 1815 iter,
663 1721 759 1822 quod
785 1734 997 1822 coeperrmt,
1032 1740 1261 1824 perorarunt:

81 1963 165 2031 iique,
191 1961 266 2016 Flor.
292 1957 317 2014 Ε
345 1963 454 2032 denique
479 1979 496 2015 a
521 1979 562 2033 pr.
587 1979 623 2016 m.
659 1960 724 2014 item
741 1960 839 2014 omisso
855 1961 937 2016 verbo
954 1971 1023 2016 sunt.
1054 1961 1108 2016 Sed
1124 1970 1156 2016 ut
1172 1964 1223 2018 hoc
1239 1964 1264 2021 ei

81 2039 223 2101 actumque
241 2032 347 2100 ditique.
657 2029 729 2084 credi
752 2037 858 2099 potest,
887 2030 924 2084 sic
951 2048 985 2084 ne
1010 2031 1133 2085 mnviciis
1156 2031 1263 2103 quidem

81 2106 133 2152 ,11.
150 2119 167 2153 a
223 2110 262 2152 rte
279 2100 478 2170 lneoaArabia]
497 2099 624 2152 Arabiam
657 2098 710 2152 suis
742 2097 863 2179 cuiquam
889 2099 1060 2169 persuadebit
1086 2117 1178 2154 verum
1206 2119 1263 2156 esse

81 2118 370 2238 cesseblddopotamiae
387 2175 491 2239 partem
508 2175 622 2235 constat,
675 2168 727 2221 uod
754 2167 822 2221 fehci
845 2185 968 2239 successu¹
988 2168 1139 2224 emendasse
1156 2169 1206 2224 sibi
1224 2170 1263 2224 vi·

81 2237 232 2308 ndoquidem
258 2238 360 2290 Arabes
385 2237 466 2290 etiam
491 2237 519 2289 in
549 2237 624 2290 laeva
657 2185 781 2289 debatur:
800 2239 919 2291 euntibus
936 2239 1047 2307 aperit
1061 2255 1094 2292 sa
1107 2241 1182 2292 laeva
1190 2240 1264 2293 Ara-

81 2305 238 2376 rEuphratis
260 2322 342 2376 usque
360 2306 393 2358 ad
410 2304 505 2375 Tigrin
522 2305 622 2373 colunt,
657 2307 701 2358 bia
711 2308 819 2359 odorum
819 2307 962 2375 fertilitate
977 2307 1073 2360 nobilis
1082 2325 1111 2360 re
1129 2309 1162 2362 io.
1184 2307 1262 2362 Cam·

82 2372 139 2427 Plin
160 2390 210 2441 γι,
234 2381 267 2428 27
292 2377 352 2445 (31)
377 2379 400 2440 §.
420 2381 484 2441 129,
512 2390 623 2445 eamque
652 2383 741 2443 pestre
756 2376 806 2426 iter
819 2376 938 2428 estinter
949 2376 1050 2445 Tiprim
1064 2385 1087 2429 et
1117 2378 1261 2446 ‘aphratem

81 2440 154 2496 ionem
169 2443 296 2497 odoribus
312 2443 448 2513 impletam
465 2460 522 2496 esse
538 2443 622 2496 tradit
656 2453 710 2496 tam
732 2444 795 2496 uber
816 2453 840 2498 et
856 2445 969 2514 pinquis
994 2446 1060 2511 soli,
1083 2454 1111 2499 ut
1133 2454 1179 2498 cet.
1215 2445 1261 2500 sio

81 2528 106 2562 rm
119 2511 239 2583 Xenoph.
263 2512 347 2564 Anab.
369 2527 394 2579 1,
417 2518 492 2582 bpr.
527 2511 622 2582 Itaque
657 2510 726 2564 enirn
748 2510 847 2581 legitur
872 2512 900 2565 in
926 2513 989 2566 edit.
1018 2512 1111 2567 Calon.
1141 2520 1207 2568 1579
1231 2523 1260 2569 et

81 2587 132 2632 aaa
148 2581 257 2635 Curtius
276 2598 292 2633 a
308 2581 382 2633 laeva
398 2580 470 2633 illam
487 2580 623 2651 regionem
658 2587 725 2634 1604
751 2578 807 2632 sine
831 2580 1052 2652 interpunctione.
1088 2582 1176 2647 Quam
1198 2583 1259 2636 stri-

81 2663 106 2700 se
127 2649 204 2718 dixit,
237 2650 370 2720 putandus
398 2657 443 2726 pst
467 2649 622 2702 Alexander
656 2647 693 2701 bli
714 2649 781 2702 'nem
790 2649 910 2703 Acidalio
922 2650 1004 2704 miror
1015 2650 1122 2720 probari
1131 2651 1258 2720 potuisse,

81 2714 120 2784 pin
134 2717 265 2772 traiecisse
288 2725 315 2771 et
371 2716 516 2772 rmediam
533 2718 622 2771 Meso·
657 2734 685 2771 se
721 2733 814 2771 vereor
831 2735 864 2771 ne
881 2719 926 2771 ille
943 2735 971 2771 se
989 2721 1090 2772 asinali
1102 2723 1258 2775 uerecundia

81 2784 161 2840 mam
189 2787 276 2840 ivisse.
353 2803 420 2856 eque
454 2785 519 2839 situs
549 2785 622 2839 urbis
656 2789 760 2840 ductum
779 2787 919 2839 ostendere
936 2786 1059 2841 noluerit.

81 2853 128 2906 nnis
154 2862 287 2926 repugnat
318 2854 415 2926 quippe
431 2852 490 2925 'qui
515 2872 622 2925 prorsus
691 2858 713 2923 5.
734 2863 774 2909 12.
809 2858 949 2908 resudante
966 2855 983 2908 i.
1001 2871 1024 2908 e.
1043 2862 1198 2925 conceptum
1216 2872 1260 2909 su-

81 2929 137 2976 ntus
152 2925 198 2992 sit,
226 2943 286 2977 cum
307 2924 393 2977 fontes
410 2923 544 2977 bituminis
562 2923 621 2994 plu·
656 2925 746 2977 dorem
771 2923 901 2976 emittere.
946 2923 1065 2978 Verbum
1102 2923 1259 2979 Curtianum

81 2988 135 3044 icis
150 3001 176 3046 et
192 3000 267 3046 trans
286 2992 382 3062 Tigrin
398 2991 572 3046 inveniantur.
655 3001 706 3060 est,
725 3010 778 3063 quo
795 2999 824 3045 et
837 3007 890 3058 vn,
903 2998 936 3045 39
954 2991 1052 3044 utitur:
1071 2995 1156 3062 ipsum
1174 2995 1259 3046 solum

81 3059 146 3124 ila.
184 3064 253 3114 inter
283 3061 377 3130 Tipriri
402 3072 426 3114 et
450 3063 618 3132 Euphraten]
654 3079 686 3114 ne
704 3062 803 3114 modico
821 3062 924 3129 quidem
942 3063 1050 3112 resudat
1067 3063 1181 3114 tumore.

81 3123 122 3195 lgr
133 3135 161 3181 ut
173 3130 226 3190 fere
239 3146 342 3201 semper
353 3131 620 3200 Tiprimetli'uplrra-
689 3132 713 3198 ᾗ.
723 3136 764 3183 13.
782 3131 832 3181 iter
849 3130 919 3199 quod
934 3139 1072 3198 coeperunt
1083 3131 1257 3200 percurrunt]

81 3195 620 3321 t³ttt¹³f¹3ttttttttttttlltr
653 3196 1260 3329 ltttttrtttttffittttttt?
1299 3274 1302 3281 ·

81 3334 160 3402 Armes,
180 3335 208 3388 in
225 3336 310 3389 altero
328 3335 407 3388 etiam
424 3336 512 3406 plures
529 3344 619 3388 mstos.
654 3334 691 3387 hil
708 3341 832 3402 notatur,
859 3351 907 3388 nec
929 3334 1012 3388 Srrak.
1028 3335 1130 3388 nisiex
1146 3336 1223 3389 Voss.
1243 3343 1256 3389 1

81 3414 169 3472 mque
207 3411 236 3457 et
275 3404 410 3458 Snakenb.
452 3405 619 3474 probaverat
655 3413 776 3472 ceperunt
808 3405 925 3471 enotat);
960 3402 1056 3457 deinde
1093 3404 1119 3457 di
1138 3404 1258 3475 hthongo

82 3482 108 3520 se
130 3480 269 3542 sequuntur
290 3474 407 3526 nondum
433 3481 526 3526 sanata
548 3481 618 3541 sunt,
654 3471 733 3525 malui
769 3489 829 3524 uam
846 3471 956 3543 simplici
972 3472 1057 3526 vocali
1071 3423 1181 3527 verbum
1195 3474 1258 3528 sori·

81 3537 162 3592 adia
181 3558 197 3594 a
220 3558 263 3594 me
288 3541 356 3595 sicut
378 3550 439 3612 post
455 3541 555 3595 Aldum
571 3559 620 3611 per
654 3541 725 3594 bere.
751 3490 832 3593 tllam
849 3543 898 3594 iter
916 3559 1008 3610 capere
1025 3541 1174 3596 inauditum
1191 3551 1258 3614 puto

156 3608 335 3680 editionespro
389 3610 526 3675 anturln
544 3612 619 3665 codd.
653 3626 718 3678 esse,
737 3619 852 3731 coeptum
869 3618 897 3664 et
914 3612 1043 3680 inceptum
1056 3613 1114 3666 'iter
1132 3613 1256 3682 frequens

150 3677 221 3730 mstis
242 3686 360 3732 extrema
400 3697 447 3734 aec
468 3678 520 3732 duo
539 3681 620 3733 verba
653 3687 709 3746 est,
731 3686 759 3731 et
796 3679 840 3732 .l.
856 3679 1064 3733 subaudiendum
1085 3688 1126 3735 est
1144 3685 1265 3734 carrera

81 3757 89 3793 r
107 3754 161 3797 sunt
181 3764 285 3815 prorsus
310 3747 478 3817 ignorantur,
501 3747 529 3800 irr
546 3748 618 3801 Flor.
654 3746 782 3802 Codicum
799 3746 827 3800 in
844 3747 971 3801 eiusmodi
983 3766 1012 3802 re
1025 3768 1079 3803 non
1092 3766 1125 3803 ex
1145 3750 1259 3802 ectanda

81 3811 175 3887 panG
190 3813 217 3866 in
233 3816 350 3885 margine
366 3817 468 3870 adiecta
485 3816 618 3886 leguntur.
653 3826 694 3870 est
712 3816 868 3884 auctoritas;
895 3817 995 3870 habent
1016 3825 1106 3872 tamen
1158 3833 1213 3869 ern.
1231 3819 1258 3869 A

81 3884 105 3930 lt
119 3897 156 3950 pr.
170 3885 256 3937 iacens
273 3892 302 3937 et
318 3888 383 3951 solo,
402 3885 497 3939 omisso
514 3892 619 3938 tantum
653 3894 681 3938 et
697 3885 769 3939 Flor.
783 3886 809 3937 A
827 3885 899 3955 quod
917 3885 1068 3940 coniectura
1084 3884 1196 3938 assecuti
1213 3902 1257 3937 su·

81 3944 114 3999 bo
128 3960 189 4003 saur.
221 3952 319 4005 Deesse
335 3953 434 4025 aliquid
451 3955 522 4006 haud
540 3953 619 4007 dubie
652 3971 718 4007 mus.
752 3955 819 4007 Mox
841 3956 920 4007 iidem
943 3953 1043 4024 primus
1064 3953 1138 4007 dedit
1155 3951 1256 4017 Iunius,

81 4018 215 4089 ¹currendum
235 4028 290 4088 est,
314 4021 363 4075 nisi
382 4023 449 4076 forte
476 4023 619 4076 secundum
652 4041 712 4076 eam
729 4031 808 4090 antea
824 4021 917 4076 fuisset
934 4021 1034 4075 editum
1048 4024 1121 4086 item,·
1138 4019 1257 4074 codicum

81 4083 186 4152 spana.
202 4088 265 4142 velis
284 4089 422 4160 corrigere:
440 4093 508 4144 inter
524 4093 618 4161 Tigrin
652 4109 713 4145 mss.
743 4090 864 4144 meliores
893 4093 978 4158 idem,
1013 4089 1157 4143 deteriores
1188 4088 1256 4142 item.

93 4147 115 4200 Ε
144 4154 227 4208 traten
253 4158 320 4210 iacet
345 4159 478 4227 (nimirum
505 4159 616 4231 Arabia)
652 4160 726 4212 Num
751 4161 786 4214 sit
812 4162 890 4214 iidem
916 4159 944 4213 in
974 4156 1180 4230 aliquomodo,
1206 4157 1257 4211 nisi

81 4228 167 4300 maer
190 4233 212 4276 et
232 4227 344 4294 pinquis.
377 4228 496 4282 Modiam
513 4244 618 4281 necesse
652 4229 721 4280 sorte
737 4229 874 4284 inVoss.1
895 4227 940 4309 qui
957 4246 1011 4281 non
1029 4234 1255 4280 commemoratur.

81 4285 212 4370 terrebas
232 4311 307 4346 usum
324 4311 377 4348 eae
394 4314 410 4349 a
426 4295 522 4349 nostru
539 4296 618 4366 longe
653 4296 724 4349 Tum
740 4297 787 4351 aar
804 4297 832 4351 in
846 4297 924 4350 easta
933 4294 1126 4373 exemplaribus
1138 4293 1255 4374 caraea.

81 4362 155 4421 uam,
175 4375 194 4410 sr
209 4377 300 4413 verum
316 4371 355 4416 est
371 4363 397 4417 in
414 4363 464 4418 illis
480 4364 617 4419 inventum
651 4383 743 4418 norum
761 4376 846 4419 terras
864 4367 989 4418 habemus
1015 4363 1043 4416 in
1060 4371 1168 4434 optrmrs
1183 4362 1257 4416 hbris

81 4427 105 4467 Ν
118 4421 192 4479 beans
216 4437 268 4483 tam
294 4432 365 4485 uberi
385 4443 407 4486 et
422 4436 535 4504 pinquis
550 4437 615 4504 soli,
650 4433 724 4488 Laid.
741 4435 822 4489 Bern.
839 4433 865 4488 A
881 4433 952 4487 Flor.
963 4405 1012 4486 All
1030 4429 1176 4485 invenimus
1188 4431 1256 4485 Gor-
