<?xml version="1.0" encoding="UTF-8"?>
<!DOCTYPE html PUBLIC "-//W3C//DTD XHTML 1.0 Transitional//EN"
    "http://www.w3.org/TR/xhtml1/DTD/xhtml1-transitional.dtd">
<html xmlns="http://www.w3.org/1999/xhtml" xml:lang="en" lang="en">
 <head>
  <title>
</title>
<meta http-equiv="Content-Type" content="text/html;charset=utf-8" />
  <meta name='ocr-system' content='tesseract 3.04.00' />
  <meta name='ocr-capabilities' content='ocr_page ocr_carea ocr_par ocr_line ocrx_word'/>
</head>
<body>
  <div class='ocr_page' id='page_1' title='image "./qcurtiirufidege01rufugoog_0316.png"; bbox 0 0 2926 5174; ppageno 0'>
   <div class='ocr_carea' id='block_1_1' title="bbox 462 295 1320 380">
    <p class='ocr_par' dir='ltr' id='par_1_1' title="bbox 462 295 1320 380">
     <span class='ocr_line' id='line_1_1' title="bbox 462 295 1320 380; baseline 0.01 -23"><span class='ocrx_word' id='word_1_1' title='bbox 462 306 511 358; x_wconf 85' lang='lat' dir='ltr'>nn</span> <span class='ocrx_word' id='word_1_2' title='bbox 538 305 665 360; x_wconf 81' lang='lat' dir='ltr'>assus</span> <span class='ocrx_word' id='word_1_3' title='bbox 691 305 799 359; x_wconf 79' lang='lat' dir='ltr'>Anax.</span> <span class='ocrx_word' id='word_1_4' title='bbox 826 309 876 380; x_wconf 89' lang='lat' dir='ltr'>vr,</span> <span class='ocrx_word' id='word_1_5' title='bbox 893 308 936 362; x_wconf 80' lang='lat' dir='ltr'>a.</span> <span class='ocrx_word' id='word_1_6' title='bbox 1247 295 1320 368; x_wconf 79' lang='lat'>285</span> 
     </span>
    </p>
   </div>
   <div class='ocr_carea' id='block_1_2' title="bbox 91 492 1431 2489">
    <p class='ocr_par' dir='ltr' id='par_1_2' title="bbox 91 492 1321 698">
     <span class='ocr_line' id='line_1_2' title="bbox 91 492 1321 594; baseline 0.013 -38"><span class='ocrx_word' id='word_1_7' title='bbox 91 495 228 582; x_wconf 77' lang='lat' dir='ltr'>apossm,</span> <span class='ocrx_word' id='word_1_8' title='bbox 260 497 379 560; x_wconf 89' lang='lat' dir='ltr'>tamen</span> <span class='ocrx_word' id='word_1_9' title='bbox 413 516 486 563; x_wconf 93' lang='lat' dir='ltr'>non</span> <span class='ocrx_word' id='word_1_10' title='bbox 511 517 685 566; x_wconf 88' lang='lat' dir='ltr'>recusare.</span> <span class='ocrx_word' id='word_1_11' title='bbox 738 492 792 566; x_wconf 93' lang='lat' dir='ltr'>llli</span> <span class='ocrx_word' id='word_1_12' title='bbox 818 495 981 569; x_wconf 89' lang='lat' dir='ltr'>collocuti</span> <span class='ocrx_word' id='word_1_13' title='bbox 1008 495 1095 570; x_wconf 89' lang='lat' dir='ltr'>satis</span> <span class='ocrx_word' id='word_1_14' title='bbox 1122 499 1321 594; x_wconf 88' lang='lat' dir='ltr'>quaesitum</span> 
     </span>
     <span class='ocr_line' id='line_1_3' title="bbox 117 595 693 698; baseline 0.014 -30"><span class='ocrx_word' id='word_1_15' title='bbox 117 595 212 688; x_wconf 80' lang='lat' dir='ltr'>rideri,</span> <span class='ocrx_word' id='word_1_16' title='bbox 237 596 283 670; x_wconf 87' lang='lat' dir='ltr'>ad</span> <span class='ocrx_word' id='word_1_17' title='bbox 308 624 428 698; x_wconf 86' lang='lat' dir='ltr'>regem</span> <span class='ocrx_word' id='word_1_18' title='bbox 454 614 693 678; x_wconf 88' lang='lat' dir='ltr'>revertuntur.</span> 
     </span>
    </p>

    <p class='ocr_par' dir='ltr' id='par_1_3' title="bbox 91 705 1431 2489">
     <span class='ocr_line' id='line_1_4' title="bbox 195 705 1373 813; baseline 0.013 -32"><span class='ocrx_word' id='word_1_19' title='bbox 195 705 259 797; x_wconf 78' lang='lat' dir='ltr'>Qui</span> <span class='ocrx_word' id='word_1_20' title='bbox 291 722 435 808; x_wconf 87' lang='lat' dir='ltr'>postero</span> <span class='ocrx_word' id='word_1_21' title='bbox 469 715 525 789; x_wconf 91' lang='lat' dir='ltr'>die</span> <span class='ocrx_word' id='word_1_22' title='bbox 558 726 594 789; x_wconf 93' lang='lat' dir='ltr'>et</span> <span class='ocrx_word' id='word_1_23' title='bbox 620 742 711 813; x_wconf 88' lang='lat' dir='ltr'>quae</span> <span class='ocrx_word' id='word_1_24' title='bbox 738 717 919 791; x_wconf 86' lang='lat' dir='ltr'>confessus</span> <span class='ocrx_word' id='word_1_25' title='bbox 946 737 1024 793; x_wconf 89' lang='lat' dir='ltr'>erat</span> <span class='ocrx_word' id='word_1_26' title='bbox 1049 717 1209 793; x_wconf 85' lang='lat' dir='ltr'>Philotas</span> <span class='ocrx_word' id='word_1_27' title='bbox 1236 721 1373 796; x_wconf 78' lang='lat' dir='ltr'>reci-44</span> 
     </span>
     <span class='ocr_line' id='line_1_5' title="bbox 115 816 1431 927; baseline 0.011 -36"><span class='ocrx_word' id='word_1_28' title='bbox 115 821 177 910; x_wconf 87' lang='lat' dir='ltr'>tari,</span> <span class='ocrx_word' id='word_1_29' title='bbox 212 832 246 894; x_wconf 89' lang='lat' dir='ltr'>et</span> <span class='ocrx_word' id='word_1_30' title='bbox 284 822 416 920; x_wconf 86' lang='lat' dir='ltr'>ipsum,</span> <span class='ocrx_word' id='word_1_31' title='bbox 456 827 539 922; x_wconf 87' lang='lat' dir='ltr'>quia</span> <span class='ocrx_word' id='word_1_32' title='bbox 575 827 712 926; x_wconf 81' lang='lat' dir='ltr'>ingredi</span> <span class='ocrx_word' id='word_1_33' title='bbox 749 855 822 902; x_wconf 93' lang='lat' dir='ltr'>non</span> <span class='ocrx_word' id='word_1_34' title='bbox 856 840 1013 927; x_wconf 90' lang='lat' dir='ltr'>poterat,</span> <span class='ocrx_word' id='word_1_35' title='bbox 1050 831 1154 904; x_wconf 89' lang='lat' dir='ltr'>iussit</span> <span class='ocrx_word' id='word_1_36' title='bbox 1192 833 1320 905; x_wconf 90' lang='lat' dir='ltr'>afferri.</span> <span class='ocrx_word' id='word_1_37' title='bbox 1424 816 1431 833; x_wconf 61' lang='lat'><em>⁰</em></span> 
     </span>
     <span class='ocr_line' id='line_1_6' title="bbox 93 927 1320 1042; baseline 0.011 -41"><span class='ocrx_word' id='word_1_38' title='bbox 93 927 218 1004; x_wconf 79' lang='lat' dir='ltr'>⁵Omnia</span> <span class='ocrx_word' id='word_1_39' title='bbox 242 947 456 1030; x_wconf 77' lang='lat' dir='ltr'>agnoscente</span> <span class='ocrx_word' id='word_1_40' title='bbox 483 963 536 1029; x_wconf 91' lang='lat' dir='ltr'>eo,</span> <span class='ocrx_word' id='word_1_41' title='bbox 562 937 780 1030; x_wconf 89' lang='lat' dir='ltr'>Demetrius,</span> <span class='ocrx_word' id='word_1_42' title='bbox 808 942 868 1037; x_wconf 90' lang='lat' dir='ltr'>qui</span> <span class='ocrx_word' id='word_1_43' title='bbox 893 942 1047 1038; x_wconf 84' lang='lat' dir='ltr'>proximi</span> <span class='ocrx_word' id='word_1_44' title='bbox 1074 944 1216 1018; x_wconf 87' lang='lat' dir='ltr'>sceleris</span> <span class='ocrx_word' id='word_1_45' title='bbox 1242 969 1320 1042; x_wconf 88' lang='lat' dir='ltr'>par·</span> 
     </span>
     <span class='ocr_line' id='line_1_7' title="bbox 114 1042 1320 1148; baseline 0.012 -35"><span class='ocrx_word' id='word_1_46' title='bbox 114 1042 199 1140; x_wconf 87' lang='lat' dir='ltr'>ticeps</span> <span class='ocrx_word' id='word_1_47' title='bbox 224 1068 301 1118; x_wconf 89' lang='lat' dir='ltr'>csse</span> <span class='ocrx_word' id='word_1_48' title='bbox 327 1049 552 1144; x_wconf 79' lang='lat' dir='ltr'>arguebatur,</span> <span class='ocrx_word' id='word_1_49' title='bbox 579 1050 797 1148; x_wconf 81' lang='lat' dir='ltr'>producitur.</span> <span class='ocrx_word' id='word_1_50' title='bbox 849 1049 963 1126; x_wconf 93' lang='lat' dir='ltr'>Multa</span> <span class='ocrx_word' id='word_1_51' title='bbox 988 1053 1222 1127; x_wconf 75' lang='lat' dir='ltr'>affirmatione</span> <span class='ocrx_word' id='word_1_52' title='bbox 1248 1055 1320 1127; x_wconf 89' lang='lat' dir='ltr'>ani-</span> 
     </span>
     <span class='ocr_line' id='line_1_8' title="bbox 113 1154 1317 1262; baseline 0.011 -37"><span class='ocrx_word' id='word_1_53' title='bbox 113 1154 204 1252; x_wconf 86' lang='lat' dir='ltr'>mique</span> <span class='ocrx_word' id='word_1_54' title='bbox 229 1158 361 1255; x_wconf 92' lang='lat' dir='ltr'>pariter</span> <span class='ocrx_word' id='word_1_55' title='bbox 387 1163 588 1236; x_wconf 89' lang='lat' dir='ltr'>constantia</span> <span class='ocrx_word' id='word_1_56' title='bbox 614 1174 651 1237; x_wconf 91' lang='lat' dir='ltr'>et</span> <span class='ocrx_word' id='word_1_57' title='bbox 677 1164 800 1236; x_wconf 83' lang='lat' dir='ltr'>vultus</span> <span class='ocrx_word' id='word_1_58' title='bbox 826 1164 1002 1255; x_wconf 77' lang='lat' dir='ltr'>abnuenS,</span> <span class='ocrx_word' id='word_1_59' title='bbox 1035 1165 1223 1262; x_wconf 89' lang='lat' dir='ltr'>quicquam</span> <span class='ocrx_word' id='word_1_60' title='bbox 1250 1167 1317 1241; x_wconf 82' lang='lat' dir='ltr'>sibi</span> 
     </span>
     <span class='ocr_line' id='line_1_9' title="bbox 112 1263 1317 1373; baseline 0.012 -37"><span class='ocrx_word' id='word_1_61' title='bbox 112 1263 276 1365; x_wconf 87' lang='lat' dir='ltr'>inregem</span> <span class='ocrx_word' id='word_1_62' title='bbox 309 1272 503 1369; x_wconf 90' lang='lat' dir='ltr'>cogitatum</span> <span class='ocrx_word' id='word_1_63' title='bbox 542 1299 638 1365; x_wconf 88' lang='lat' dir='ltr'>esse,</span> <span class='ocrx_word' id='word_1_64' title='bbox 679 1285 858 1349; x_wconf 87' lang='lat' dir='ltr'>tormenta</span> <span class='ocrx_word' id='word_1_65' title='bbox 890 1277 997 1350; x_wconf 90' lang='lat' dir='ltr'>etiam</span> <span class='ocrx_word' id='word_1_66' title='bbox 1029 1274 1246 1373; x_wconf 89' lang='lat' dir='ltr'>deposcebat</span> <span class='ocrx_word' id='word_1_67' title='bbox 1280 1278 1317 1349; x_wconf 93' lang='lat' dir='ltr'>in</span> 
     </span>
     <span class='ocr_line' id='line_1_10' title="bbox 91 1380 1316 1478; baseline 0.014 -33"><span class='ocrx_word' id='word_1_68' title='bbox 91 1380 333 1478; x_wconf 78' lang='lat' dir='ltr'>tsemetipsum:</span> <span class='ocrx_word' id='word_1_69' title='bbox 366 1411 445 1458; x_wconf 91' lang='lat' dir='ltr'>cum</span> <span class='ocrx_word' id='word_1_70' title='bbox 472 1385 648 1478; x_wconf 82' lang='lat' dir='ltr'>Philotas,</span> <span class='ocrx_word' id='word_1_71' title='bbox 681 1387 893 1460; x_wconf 85' lang='lat' dir='ltr'>circumlatis</span> <span class='ocrx_word' id='word_1_72' title='bbox 929 1388 1053 1477; x_wconf 91' lang='lat' dir='ltr'>oculis,</span> <span class='ocrx_word' id='word_1_73' title='bbox 1089 1396 1130 1458; x_wconf 90' lang='lat' dir='ltr'>ut</span> <span class='ocrx_word' id='word_1_74' title='bbox 1161 1388 1316 1462; x_wconf 86' lang='lat' dir='ltr'>incidere</span> 
     </span>
     <span class='ocr_line' id='line_1_11' title="bbox 110 1483 1318 1597; baseline 0.014 -39"><span class='ocrx_word' id='word_1_75' title='bbox 110 1483 235 1563; x_wconf 81' lang='lat' dir='ltr'>inllalin</span> <span class='ocrx_word' id='word_1_76' title='bbox 261 1494 450 1590; x_wconf 89' lang='lat' dir='ltr'>quemdam</span> <span class='ocrx_word' id='word_1_77' title='bbox 475 1496 573 1571; x_wconf 91' lang='lat' dir='ltr'>haud</span> <span class='ocrx_word' id='word_1_78' title='bbox 598 1499 723 1596; x_wconf 92' lang='lat' dir='ltr'>procul</span> <span class='ocrx_word' id='word_1_79' title='bbox 749 1510 914 1591; x_wconf 89' lang='lat' dir='ltr'>stantem,</span> <span class='ocrx_word' id='word_1_80' title='bbox 933 1499 1081 1597; x_wconf 91' lang='lat' dir='ltr'>propius</span> <span class='ocrx_word' id='word_1_81' title='bbox 1108 1522 1189 1571; x_wconf 90' lang='lat' dir='ltr'>eum</span> <span class='ocrx_word' id='word_1_82' title='bbox 1215 1500 1318 1575; x_wconf 88' lang='lat' dir='ltr'>iussit</span> 
     </span>
     <span class='ocr_line' id='line_1_12' title="bbox 110 1601 1317 1706; baseline 0.014 -36"><span class='ocrx_word' id='word_1_83' title='bbox 110 1601 261 1676; x_wconf 86' lang='lat' dir='ltr'>accedere.</span> <span class='ocrx_word' id='word_1_84' title='bbox 328 1605 392 1679; x_wconf 92' lang='lat' dir='ltr'>lllo</span> <span class='ocrx_word' id='word_1_85' title='bbox 422 1609 632 1706; x_wconf 90' lang='lat' dir='ltr'>perturbato</span> <span class='ocrx_word' id='word_1_86' title='bbox 669 1621 706 1686; x_wconf 91' lang='lat' dir='ltr'>et</span> <span class='ocrx_word' id='word_1_87' title='bbox 739 1621 926 1683; x_wconf 86' lang='lat' dir='ltr'>recusante</span> <span class='ocrx_word' id='word_1_88' title='bbox 965 1610 1116 1682; x_wconf 88' lang='lat' dir='ltr'>transire</span> <span class='ocrx_word' id='word_1_89' title='bbox 1148 1610 1195 1683; x_wconf 90' lang='lat' dir='ltr'>ad</span> <span class='ocrx_word' id='word_1_90' title='bbox 1226 1639 1317 1705; x_wconf 91' lang='lat' dir='ltr'>eum,</span> 
     </span>
     <span class='ocr_line' id='line_1_13' title="bbox 108 1709 1358 1822; baseline 0.012 -40"><span class='ocrx_word' id='word_1_91' title='bbox 108 1709 240 1808; x_wconf 75' lang='lat' dir='ltr'>raam,</span> <span class='ocrx_word' id='word_1_92' title='bbox 265 1716 393 1815; x_wconf 91' lang='lat' dir='ltr'>inquit,</span> <span class='ocrx_word' id='word_1_93' title='bbox 419 1720 627 1794; x_wconf 70' lang='lat' dir='ltr'>Demetrium</span> <span class='ocrx_word' id='word_1_94' title='bbox 652 1722 800 1814; x_wconf 83' lang='lat' dir='ltr'>rnemtiri,</span> <span class='ocrx_word' id='word_1_95' title='bbox 825 1747 1007 1822; x_wconf 81' lang='lat' dir='ltr'>rursusque</span> <span class='ocrx_word' id='word_1_96' title='bbox 1031 1747 1083 1794; x_wconf 83' lang='lat' dir='ltr'>me</span> <span class='ocrx_word' id='word_1_97' title='bbox 1108 1723 1317 1798; x_wconf 71' lang='lat' dir='ltr'>carrariam?</span> <span class='ocrx_word' id='word_1_98' title='bbox 1355 1752 1358 1757; x_wconf 39' lang='lat'><em>⁸</em></span> 
     </span>
     <span class='ocr_line' id='line_1_14' title="bbox 91 1820 1316 1928; baseline 0.011 -34"><span class='ocrx_word' id='word_1_99' title='bbox 91 1820 189 1899; x_wconf 78' lang='lat' dir='ltr'>tCalin</span> <span class='ocrx_word' id='word_1_100' title='bbox 217 1855 292 1902; x_wconf 84' lang='lat' dir='ltr'>vox</span> <span class='ocrx_word' id='word_1_101' title='bbox 323 1832 536 1928; x_wconf 88' lang='lat' dir='ltr'>sanguisque</span> <span class='ocrx_word' id='word_1_102' title='bbox 569 1831 790 1905; x_wconf 75' lang='lat' dir='ltr'>deiecerant:</span> <span class='ocrx_word' id='word_1_103' title='bbox 827 1842 864 1906; x_wconf 89' lang='lat' dir='ltr'>et</span> <span class='ocrx_word' id='word_1_104' title='bbox 887 1830 1103 1905; x_wconf 87' lang='lat' dir='ltr'>Macedones</span> <span class='ocrx_word' id='word_1_105' title='bbox 1135 1830 1316 1907; x_wconf 86' lang='lat' dir='ltr'>Philotam</span> 
     </span>
     <span class='ocr_line' id='line_1_15' title="bbox 107 1932 1314 2041; baseline 0.011 -35"><span class='ocrx_word' id='word_1_106' title='bbox 107 1932 265 2034; x_wconf 88' lang='lat' dir='ltr'>inquinare</span> <span class='ocrx_word' id='word_1_107' title='bbox 291 1941 455 2016; x_wconf 84' lang='lat' dir='ltr'>innoxios</span> <span class='ocrx_word' id='word_1_108' title='bbox 482 1945 573 2017; x_wconf 90' lang='lat' dir='ltr'>velle</span> <span class='ocrx_word' id='word_1_109' title='bbox 599 1943 881 2041; x_wconf 89' lang='lat' dir='ltr'>suspicabantur,</span> <span class='ocrx_word' id='word_1_110' title='bbox 908 1944 990 2041; x_wconf 90' lang='lat' dir='ltr'>quia</span> <span class='ocrx_word' id='word_1_111' title='bbox 1015 1970 1081 2018; x_wconf 92' lang='lat' dir='ltr'>nec</span> <span class='ocrx_word' id='word_1_112' title='bbox 1108 1969 1130 2017; x_wconf 89' lang='lat' dir='ltr'>a</span> <span class='ocrx_word' id='word_1_113' title='bbox 1154 1943 1314 2019; x_wconf 89' lang='lat' dir='ltr'>Nicoma·</span> 
     </span>
     <span class='ocr_line' id='line_1_16' title="bbox 107 2048 1314 2152; baseline 0.009 -34"><span class='ocrx_word' id='word_1_114' title='bbox 107 2048 252 2141; x_wconf 79' lang='lat' dir='ltr'>chance</span> <span class='ocrx_word' id='word_1_115' title='bbox 279 2054 324 2126; x_wconf 90' lang='lat' dir='ltr'>ab</span> <span class='ocrx_word' id='word_1_116' title='bbox 350 2054 428 2151; x_wconf 90' lang='lat' dir='ltr'>ipso</span> <span class='ocrx_word' id='word_1_117' title='bbox 442 2052 593 2146; x_wconf 85' lang='lat' dir='ltr'>Philota,</span> <span class='ocrx_word' id='word_1_118' title='bbox 620 2080 700 2128; x_wconf 92' lang='lat' dir='ltr'>cum</span> <span class='ocrx_word' id='word_1_119' title='bbox 726 2065 963 2152; x_wconf 88' lang='lat' dir='ltr'>torqueretur,</span> <span class='ocrx_word' id='word_1_120' title='bbox 988 2056 1192 2130; x_wconf 74' lang='lat' dir='ltr'>nominatus</span> <span class='ocrx_word' id='word_1_121' title='bbox 1219 2068 1314 2131; x_wconf 88' lang='lat' dir='ltr'>esset</span> 
     </span>
     <span class='ocr_line' id='line_1_17' title="bbox 106 2159 1313 2265; baseline 0.01 -35"><span class='ocrx_word' id='word_1_122' title='bbox 106 2159 298 2239; x_wconf 87' lang='lat' dir='ltr'>adolescens.</span> <span class='ocrx_word' id='word_1_123' title='bbox 347 2163 415 2254; x_wconf 79' lang='lat' dir='ltr'>Qui</span> <span class='ocrx_word' id='word_1_124' title='bbox 441 2177 483 2239; x_wconf 93' lang='lat' dir='ltr'>ut</span> <span class='ocrx_word' id='word_1_125' title='bbox 508 2168 705 2265; x_wconf 87' lang='lat' dir='ltr'>praefectos</span> <span class='ocrx_word' id='word_1_126' title='bbox 731 2168 824 2265; x_wconf 85' lang='lat' dir='ltr'>regis</span> <span class='ocrx_word' id='word_1_127' title='bbox 852 2167 1120 2241; x_wconf 88' lang='lat' dir='ltr'>circumstantes</span> <span class='ocrx_word' id='word_1_128' title='bbox 1148 2193 1187 2240; x_wconf 90' lang='lat' dir='ltr'>se</span> <span class='ocrx_word' id='word_1_129' title='bbox 1213 2169 1313 2261; x_wconf 86' lang='lat' dir='ltr'>vidit,</span> 
     </span>
     <span class='ocr_line' id='line_1_18' title="bbox 105 2267 1313 2378; baseline 0.006 -32"><span class='ocrx_word' id='word_1_130' title='bbox 105 2267 302 2349; x_wconf 86' lang='lat' dir='ltr'>Demetrium</span> <span class='ocrx_word' id='word_1_131' title='bbox 334 2287 371 2350; x_wconf 92' lang='lat' dir='ltr'>et</span> <span class='ocrx_word' id='word_1_132' title='bbox 407 2279 652 2375; x_wconf 62' lang='lat' dir='ltr'>semetipsum.</span> <span class='ocrx_word' id='word_1_133' title='bbox 673 2277 710 2351; x_wconf 94' lang='lat' dir='ltr'>id</span> <span class='ocrx_word' id='word_1_134' title='bbox 744 2279 881 2352; x_wconf 88' lang='lat' dir='ltr'>facinus</span> <span class='ocrx_word' id='word_1_135' title='bbox 919 2279 1094 2378; x_wconf 89' lang='lat' dir='ltr'>cogitasse</span> <span class='ocrx_word' id='word_1_136' title='bbox 1131 2281 1313 2354; x_wconf 86' lang='lat' dir='ltr'>confessus</span> 
     </span>
     <span class='ocr_line' id='line_1_19' title="bbox 91 2385 1314 2489; baseline 0.01 -35"><span class='ocrx_word' id='word_1_137' title='bbox 91 2396 152 2458; x_wconf 72' lang='lat' dir='ltr'>test.</span> <span class='ocrx_word' id='word_1_138' title='bbox 200 2385 332 2463; x_wconf 90' lang='lat' dir='ltr'>Omnes</span> <span class='ocrx_word' id='word_1_139' title='bbox 359 2415 445 2487; x_wconf 86' lang='lat' dir='ltr'>ergo</span> <span class='ocrx_word' id='word_1_140' title='bbox 463 2415 485 2462; x_wconf 92' lang='lat' dir='ltr'>a</span> <span class='ocrx_word' id='word_1_141' title='bbox 500 2387 716 2463; x_wconf 86' lang='lat' dir='ltr'>Nicomacho</span> <span class='ocrx_word' id='word_1_142' title='bbox 741 2390 923 2482; x_wconf 88' lang='lat' dir='ltr'>nominati,</span> <span class='ocrx_word' id='word_1_143' title='bbox 948 2416 1048 2477; x_wconf 90' lang='lat' dir='ltr'>more</span> <span class='ocrx_word' id='word_1_144' title='bbox 1074 2392 1202 2489; x_wconf 89' lang='lat' dir='ltr'>patrio,</span> <span class='ocrx_word' id='word_1_145' title='bbox 1229 2392 1314 2466; x_wconf 86' lang='lat' dir='ltr'>dato</span> 
     </span>
    </p>
   </div>
   <div class='ocr_carea' id='block_1_3' title="bbox 91 2631 1313 4492">
    <p class='ocr_par' dir='ltr' id='par_1_4' title="bbox 91 2631 1313 4492">
     <span class='ocr_line' id='line_1_20' title="bbox 102 2631 1311 2707; baseline 0.01 -27"><span class='ocrx_word' id='word_1_146' title='bbox 102 2631 453 2688; x_wconf 80' lang='lat' dir='ltr'>ticoniunctionenidirimere</span> <span class='ocrx_word' id='word_1_147' title='bbox 470 2635 677 2707; x_wconf 81' lang='lat' dir='ltr'>assequentibus</span> <span class='ocrx_word' id='word_1_148' title='bbox 712 2635 779 2690; x_wconf 92' lang='lat' dir='ltr'>sicut</span> <span class='ocrx_word' id='word_1_149' title='bbox 804 2642 845 2689; x_wconf 89' lang='lat' dir='ltr'>est</span> <span class='ocrx_word' id='word_1_150' title='bbox 870 2636 898 2688; x_wconf 91' lang='lat' dir='ltr'>in</span> <span class='ocrx_word' id='word_1_151' title='bbox 923 2635 997 2689; x_wconf 83' lang='lat' dir='ltr'>Leia.</span> <span class='ocrx_word' id='word_1_152' title='bbox 1022 2635 1103 2688; x_wconf 89' lang='lat' dir='ltr'>Bern.</span> <span class='ocrx_word' id='word_1_153' title='bbox 1120 2636 1146 2688; x_wconf 88' lang='lat' dir='ltr'><strong>A</strong></span> <span class='ocrx_word' id='word_1_154' title='bbox 1173 2635 1243 2691; x_wconf 88' lang='lat' dir='ltr'>Flor.</span> <span class='ocrx_word' id='word_1_155' title='bbox 1261 2637 1311 2691; x_wconf 90' lang='lat' dir='ltr'>AB</span> 
     </span>
     <span class='ocr_line' id='line_1_21' title="bbox 101 2701 1312 2776; baseline 0.006 -25"><span class='ocrx_word' id='word_1_156' title='bbox 101 2701 257 2764; x_wconf 85' lang='lat' dir='ltr'>praemittere.</span> <span class='ocrx_word' id='word_1_157' title='bbox 711 2713 793 2776; x_wconf 86' lang='lat' dir='ltr'>atque</span> <span class='ocrx_word' id='word_1_158' title='bbox 819 2704 919 2758; x_wconf 88' lang='lat' dir='ltr'>editum</span> <span class='ocrx_word' id='word_1_159' title='bbox 946 2703 996 2756; x_wconf 85' lang='lat' dir='ltr'>fait</span> <span class='ocrx_word' id='word_1_160' title='bbox 1018 2721 1034 2757; x_wconf 90' lang='lat' dir='ltr'>a</span> <span class='ocrx_word' id='word_1_161' title='bbox 1054 2703 1172 2775; x_wconf 86' lang='lat' dir='ltr'>principe</span> <span class='ocrx_word' id='word_1_162' title='bbox 1198 2705 1312 2758; x_wconf 86' lang='lat' dir='ltr'>editore:</span> 
     </span>
     <span class='ocr_line' id='line_1_22' title="bbox 111 2767 1313 2845; baseline 0.005 -24"><span class='ocrx_word' id='word_1_163' title='bbox 111 2767 157 2844; x_wconf 80' lang='lat' dir='ltr'>¹(la</span> <span class='ocrx_word' id='word_1_164' title='bbox 175 2811 181 2822; x_wconf 95' lang='lat'>.</span> <span class='ocrx_word' id='word_1_165' title='bbox 197 2779 240 2839; x_wconf 83' lang='lat'>44,</span> <span class='ocrx_word' id='word_1_166' title='bbox 259 2777 334 2839; x_wconf 67' lang='lat' dir='ltr'>§.lm</span> <span class='ocrx_word' id='word_1_167' title='bbox 360 2790 388 2825; x_wconf 87' lang='lat' dir='ltr'>eo</span> <span class='ocrx_word' id='word_1_168' title='bbox 402 2773 558 2826; x_wconf 85' lang='lat' dir='ltr'>Demetrias.</span> <span class='ocrx_word' id='word_1_169' title='bbox 592 2773 678 2828; x_wconf 89' lang='lat' dir='ltr'>Recte</span> <span class='ocrx_word' id='word_1_170' title='bbox 711 2775 856 2845; x_wconf 89' lang='lat' dir='ltr'>perfectum</span> <span class='ocrx_word' id='word_1_171' title='bbox 874 2781 979 2843; x_wconf 88' lang='lat' dir='ltr'>tempus</span> <span class='ocrx_word' id='word_1_172' title='bbox 1001 2779 1058 2839; x_wconf 87' lang='lat' dir='ltr'>est,</span> <span class='ocrx_word' id='word_1_173' title='bbox 1080 2779 1109 2824; x_wconf 88' lang='lat' dir='ltr'>et</span> <span class='ocrx_word' id='word_1_174' title='bbox 1131 2773 1313 2844; x_wconf 86' lang='lat' dir='ltr'>coniungenda</span> 
     </span>
     <span class='ocr_line' id='line_1_23' title="bbox 100 2840 1312 2922; baseline 0.003 -33"><span class='ocrx_word' id='word_1_175' title='bbox 100 2848 127 2888; x_wconf 81' lang='lat' dir='ltr'>mc</span> <span class='ocrx_word' id='word_1_176' title='bbox 166 2840 249 2893; x_wconf 90' lang='lat' dir='ltr'>odius:</span> <span class='ocrx_word' id='word_1_177' title='bbox 276 2841 364 2912; x_wconf 85' lang='lat' dir='ltr'>Vulgo</span> <span class='ocrx_word' id='word_1_178' title='bbox 382 2844 482 2910; x_wconf 83' lang='lat' dir='ltr'>eodem,</span> <span class='ocrx_word' id='word_1_179' title='bbox 505 2842 575 2913; x_wconf 90' lang='lat' dir='ltr'>quod</span> <span class='ocrx_word' id='word_1_180' title='bbox 597 2859 632 2896; x_wconf 89' lang='lat' dir='ltr'>ne</span> <span class='ocrx_word' id='word_1_181' title='bbox 649 2843 677 2896; x_wconf 90' lang='lat' dir='ltr'>in</span> <span class='ocrx_word' id='word_1_182' title='bbox 711 2844 873 2896; x_wconf 85' lang='lat' dir='ltr'>verbasunt:</span> <span class='ocrx_word' id='word_1_183' title='bbox 893 2860 949 2896; x_wconf 86' lang='lat' dir='ltr'>cam</span> <span class='ocrx_word' id='word_1_184' title='bbox 958 2841 1215 2908; x_wconf 83' lang='lat' dir='ltr'>Philotas-iussit,</span> <span class='ocrx_word' id='word_1_185' title='bbox 1229 2859 1312 2922; x_wconf 87' lang='lat' dir='ltr'>eaque</span> 
     </span>
     <span class='ocr_line' id='line_1_24' title="bbox 99 2899 1312 2981; baseline 0.004 -23"><span class='ocrx_word' id='word_1_186' title='bbox 99 2899 155 2980; x_wconf 66' lang='lat' dir='ltr'>blais</span> <span class='ocrx_word' id='word_1_187' title='bbox 171 2909 274 2979; x_wconf 89' lang='lat' dir='ltr'>quidem</span> <span class='ocrx_word' id='word_1_188' title='bbox 295 2910 475 2981; x_wconf 85' lang='lat' dir='ltr'>manuscriptis</span> <span class='ocrx_word' id='word_1_189' title='bbox 492 2919 546 2976; x_wconf 87' lang='lat' dir='ltr'>est,</span> <span class='ocrx_word' id='word_1_190' title='bbox 569 2911 619 2965; x_wconf 88' lang='lat' dir='ltr'>nisi</span> <span class='ocrx_word' id='word_1_191' title='bbox 641 2911 677 2966; x_wconf 88' lang='lat' dir='ltr'>sic</span> <span class='ocrx_word' id='word_1_192' title='bbox 711 2909 851 2966; x_wconf 79' lang='grc' dir='ltr'><em>ἀπόδοσιν</em></span> <span class='ocrx_word' id='word_1_193' title='bbox 869 2910 987 2963; x_wconf 85' lang='lat' dir='ltr'>efficiunt</span> <span class='ocrx_word' id='word_1_194' title='bbox 1029 2909 1312 2978; x_wconf 81' lang='lat' dir='ltr'>aegressisDemctrms</span> 
     </span>
     <span class='ocr_line' id='line_1_25' title="bbox 99 2926 1311 3050; baseline 0.002 -22"><span class='ocrx_word' id='word_1_195' title='bbox 99 2973 219 3029; x_wconf 64' lang='lat' dir='ltr'>amosa</span> <span class='ocrx_word' id='word_1_196' title='bbox 236 2987 265 3031; x_wconf 91' lang='lat' dir='ltr'>et</span> <span class='ocrx_word' id='word_1_197' title='bbox 281 2979 368 3049; x_wconf 82' lang='lat' dir='ltr'>paucis</span> <span class='ocrx_word' id='word_1_198' title='bbox 382 2979 440 3033; x_wconf 87' lang='lat' dir='ltr'>aliis</span> <span class='ocrx_word' id='word_1_199' title='bbox 458 2983 576 3034; x_wconf 85' lang='lat' dir='ltr'>eodemet</span> <span class='ocrx_word' id='word_1_200' title='bbox 588 2981 676 3050; x_wconf 84' lang='lat' dir='ltr'>prius.</span> <span class='ocrx_word' id='word_1_201' title='bbox 710 2981 913 3048; x_wconf 79' lang='lat' dir='ltr'>-deposcebat</span> <span class='ocrx_word' id='word_1_202' title='bbox 939 2977 971 3030; x_wconf 91' lang='lat' dir='ltr'>In</span> <span class='ocrx_word' id='word_1_203' title='bbox 988 2926 1045 3031; x_wconf 72' lang='lat' dir='ltr'>aliis</span> <span class='ocrx_word' id='word_1_204' title='bbox 1063 2977 1193 3031; x_wconf 86' lang='lat' dir='ltr'>codicibus</span> <span class='ocrx_word' id='word_1_205' title='bbox 1210 2978 1311 3032; x_wconf 86' lang='lat' dir='ltr'>excidit</span> 
     </span>
     <span class='ocr_line' id='line_1_26' title="bbox 97 3040 1310 3116; baseline 0.002 -19"><span class='ocrx_word' id='word_1_206' title='bbox 97 3040 206 3112; x_wconf 74' lang='lat' dir='ltr'>Agnoscis</span> <span class='ocrx_word' id='word_1_207' title='bbox 224 3048 396 3101; x_wconf 88' lang='lat' dir='ltr'>describentis</span> <span class='ocrx_word' id='word_1_208' title='bbox 413 3048 499 3101; x_wconf 89' lang='lat' dir='ltr'>fidem.</span> <span class='ocrx_word' id='word_1_209' title='bbox 710 3059 751 3116; x_wconf 85' lang='lat' dir='ltr'>at,</span> <span class='ocrx_word' id='word_1_210' title='bbox 774 3049 821 3100; x_wconf 89' lang='lat' dir='ltr'>sed</span> <span class='ocrx_word' id='word_1_211' title='bbox 842 3046 962 3101; x_wconf 86' lang='lat' dir='ltr'>relictum</span> <span class='ocrx_word' id='word_1_212' title='bbox 980 3053 1021 3099; x_wconf 89' lang='lat' dir='ltr'>est</span> <span class='ocrx_word' id='word_1_213' title='bbox 1043 3047 1173 3114; x_wconf 84' lang='lat' dir='ltr'>incidere,</span> <span class='ocrx_word' id='word_1_214' title='bbox 1196 3047 1310 3101; x_wconf 68' lang='lat' dir='ltr'>Flora</span> 
     </span>
     <span class='ocr_line' id='line_1_27' title="bbox 122 3116 978 3185; baseline 0.004 -20"><span class='ocrx_word' id='word_1_215' title='bbox 122 3117 241 3184; x_wconf 81' lang='lat' dir='ltr'>animique</span> <span class='ocrx_word' id='word_1_216' title='bbox 253 3119 359 3185; x_wconf 81' lang='lat' dir='ltr'>pariter</span> <span class='ocrx_word' id='word_1_217' title='bbox 376 3119 521 3171; x_wconf 81' lang='lat' dir='ltr'>constantio</span> <span class='ocrx_word' id='word_1_218' title='bbox 540 3128 564 3172; x_wconf 88' lang='lat' dir='ltr'>ct</span> <span class='ocrx_word' id='word_1_219' title='bbox 580 3120 674 3172; x_wconf 84' lang='lat' dir='ltr'>ealles.</span> <span class='ocrx_word' id='word_1_220' title='bbox 708 3118 785 3172; x_wconf 88' lang='lat' dir='ltr'>Voss.</span> <span class='ocrx_word' id='word_1_221' title='bbox 804 3125 817 3169; x_wconf 95' lang='lat'>1</span> <span class='ocrx_word' id='word_1_222' title='bbox 836 3116 893 3169; x_wconf 90' lang='lat' dir='ltr'>Pal.</span> <span class='ocrx_word' id='word_1_223' title='bbox 910 3122 934 3168; x_wconf 79' lang='lat'>2.</span> <span class='ocrx_word' id='word_1_224' title='bbox 953 3121 978 3169; x_wconf 87' lang='lat'>3.</span> 
     </span>
     <span class='ocr_line' id='line_1_28' title="bbox 96 3174 1310 3263; baseline 0.002 -28"><span class='ocrx_word' id='word_1_225' title='bbox 96 3174 143 3235; x_wconf 81' lang='lat' dir='ltr'>lion</span> <span class='ocrx_word' id='word_1_226' title='bbox 157 3185 229 3254; x_wconf 90' lang='lat' dir='ltr'>potui</span> <span class='ocrx_word' id='word_1_227' title='bbox 246 3184 309 3237; x_wconf 90' lang='lat' dir='ltr'>mihi</span> <span class='ocrx_word' id='word_1_228' title='bbox 327 3193 475 3255; x_wconf 88' lang='lat' dir='ltr'>temperare</span> <span class='ocrx_word' id='word_1_229' title='bbox 492 3187 554 3256; x_wconf 90' lang='lat' dir='ltr'>quin</span> <span class='ocrx_word' id='word_1_230' title='bbox 572 3186 674 3240; x_wconf 89' lang='lat' dir='ltr'>Heinsii</span> <span class='ocrx_word' id='word_1_231' title='bbox 743 3190 766 3256; x_wconf 58' lang='grc' dir='ltr'>ᾗ.</span> <span class='ocrx_word' id='word_1_232' title='bbox 784 3193 825 3240; x_wconf 82' lang='grc'>37.</span> <span class='ocrx_word' id='word_1_233' title='bbox 860 3202 907 3238; x_wconf 86' lang='lat' dir='ltr'>mec</span> <span class='ocrx_word' id='word_1_234' title='bbox 924 3185 957 3237; x_wconf 87' lang='lat' dir='ltr'>ab</span> <span class='ocrx_word' id='word_1_235' title='bbox 975 3186 1032 3263; x_wconf 84' lang='lat' dir='ltr'>ipso</span> <span class='ocrx_word' id='word_1_236' title='bbox 1050 3182 1177 3254; x_wconf 67' lang='lat' dir='ltr'>Philota}</span> <span class='ocrx_word' id='word_1_237' title='bbox 1204 3185 1246 3236; x_wconf 84' lang='lat' dir='ltr'>Al</span> <span class='ocrx_word' id='word_1_238' title='bbox 1263 3185 1310 3237; x_wconf 87' lang='lat' dir='ltr'>illo</span> 
     </span>
     <span class='ocr_line' id='line_1_29' title="bbox 96 3249 1310 3334; baseline 0.005 -34"><span class='ocrx_word' id='word_1_239' title='bbox 96 3249 253 3307; x_wconf 73' lang='lat' dir='ltr'>malacim-am</span> <span class='ocrx_word' id='word_1_240' title='bbox 270 3256 354 3308; x_wconf 84' lang='lat' dir='ltr'>celtas</span> <span class='ocrx_word' id='word_1_241' title='bbox 380 3272 430 3325; x_wconf 91' lang='lat' dir='ltr'>pro</span> <span class='ocrx_word' id='word_1_242' title='bbox 449 3271 482 3307; x_wconf 90' lang='lat' dir='ltr'>eo</span> <span class='ocrx_word' id='word_1_243' title='bbox 501 3257 573 3326; x_wconf 94' lang='lat' dir='ltr'>quod</span> <span class='ocrx_word' id='word_1_244' title='bbox 590 3256 675 3309; x_wconf 87' lang='lat' dir='ltr'>adhuc</span> <span class='ocrx_word' id='word_1_245' title='bbox 707 3255 812 3308; x_wconf 77' lang='lat' dir='ltr'>Philota</span> <span class='ocrx_word' id='word_1_246' title='bbox 829 3254 904 3307; x_wconf 86' lang='lat' dir='ltr'>codd.</span> <span class='ocrx_word' id='word_1_247' title='bbox 945 3252 1045 3324; x_wconf 83' lang='lat' dir='ltr'>lemque</span> <span class='ocrx_word' id='word_1_248' title='bbox 1063 3269 1165 3315; x_wconf 82' lang='lat' dir='ltr'>omnes,</span> <span class='ocrx_word' id='word_1_249' title='bbox 1192 3253 1310 3334; x_wconf 87' lang='lat' dir='ltr'>exceptis</span> 
     </span>
     <span class='ocr_line' id='line_1_30' title="bbox 95 3271 1310 3395; baseline 0.003 -25"><span class='ocrx_word' id='word_1_250' title='bbox 95 3316 176 3374; x_wconf 76' lang='lat' dir='ltr'>editum</span> <span class='ocrx_word' id='word_1_251' title='bbox 199 3330 240 3375; x_wconf 91' lang='lat' dir='ltr'>est</span> <span class='ocrx_word' id='word_1_252' title='bbox 263 3325 333 3376; x_wconf 85' lang='lat' dir='ltr'>calta</span> <span class='ocrx_word' id='word_1_253' title='bbox 350 3322 378 3375; x_wconf 92' lang='lat' dir='ltr'>in</span> <span class='ocrx_word' id='word_1_254' title='bbox 394 3330 499 3376; x_wconf 86' lang='lat' dir='ltr'>textum</span> <span class='ocrx_word' id='word_1_255' title='bbox 520 3324 673 3395; x_wconf 89' lang='lat' dir='ltr'>reciperem.</span> <span class='ocrx_word' id='word_1_256' title='bbox 707 3332 796 3377; x_wconf 87' lang='lat' dir='ltr'>tamen</span> <span class='ocrx_word' id='word_1_257' title='bbox 821 3323 893 3376; x_wconf 84' lang='lat' dir='ltr'>Flor.</span> <span class='ocrx_word' id='word_1_258' title='bbox 914 3271 996 3375; x_wconf 69' lang='lat' dir='ltr'>ElPG.</span> <span class='ocrx_word' id='word_1_259' title='bbox 1040 3320 1200 3392; x_wconf 85' lang='lat' dir='ltr'>Bongarsius</span> <span class='ocrx_word' id='word_1_260' title='bbox 1227 3321 1310 3392; x_wconf 80' lang='lat' dir='ltr'>igitur</span> 
     </span>
     <span class='ocr_line' id='line_1_31' title="bbox 94 3382 1309 3462; baseline 0.003 -22"><span class='ocrx_word' id='word_1_261' title='bbox 94 3382 157 3456; x_wconf 76' lang='lat' dir='ltr'>Otr,</span> <span class='ocrx_word' id='word_1_262' title='bbox 168 3397 199 3444; x_wconf 80' lang='lat'>25</span> <span class='ocrx_word' id='word_1_263' title='bbox 219 3393 258 3443; x_wconf 88' lang='lat' dir='ltr'>sic</span> <span class='ocrx_word' id='word_1_264' title='bbox 276 3393 358 3444; x_wconf 81' lang='lat' dir='ltr'>animi</span> <span class='ocrx_word' id='word_1_265' title='bbox 375 3394 509 3462; x_wconf 82' lang='lat' dir='ltr'>vallesque</span> <span class='ocrx_word' id='word_1_266' title='bbox 526 3395 672 3447; x_wconf 83' lang='lat' dir='ltr'>constantia</span> <span class='ocrx_word' id='word_1_267' title='bbox 706 3392 829 3446; x_wconf 85' lang='lat' dir='ltr'>Philotae</span> <span class='ocrx_word' id='word_1_268' title='bbox 846 3390 933 3462; x_wconf 88' lang='lat' dir='ltr'>potius</span> <span class='ocrx_word' id='word_1_269' title='bbox 950 3407 1046 3444; x_wconf 91' lang='lat' dir='ltr'>nomen</span> <span class='ocrx_word' id='word_1_270' title='bbox 1063 3399 1094 3442; x_wconf 88' lang='lat' dir='ltr'>ut</span> <span class='ocrx_word' id='word_1_271' title='bbox 1111 3390 1145 3443; x_wconf 84' lang='lat' dir='ltr'>ab</span> <span class='ocrx_word' id='word_1_272' title='bbox 1164 3390 1219 3443; x_wconf 88' lang='lat' dir='ltr'>inte</span> <span class='ocrx_word' id='word_1_273' title='bbox 1252 3398 1309 3444; x_wconf 88' lang='lat' dir='ltr'>rete</span> 
     </span>
     <span class='ocr_line' id='line_1_32' title="bbox 93 3458 1309 3530; baseline 0.002 -19"><span class='ocrx_word' id='word_1_274' title='bbox 93 3461 174 3512; x_wconf 76' lang='lat' dir='ltr'>amir.</span> <span class='ocrx_word' id='word_1_275' title='bbox 202 3459 289 3513; x_wconf 88' lang='lat' dir='ltr'>Codd.</span> <span class='ocrx_word' id='word_1_276' title='bbox 307 3459 475 3530; x_wconf 83' lang='lat' dir='ltr'>pertinaciter</span> <span class='ocrx_word' id='word_1_277' title='bbox 488 3470 511 3513; x_wconf 86' lang='lat' dir='ltr'>et</span> <span class='ocrx_word' id='word_1_278' title='bbox 525 3462 672 3515; x_wconf 83' lang='lat' dir='ltr'>constantia</span> <span class='ocrx_word' id='word_1_279' title='bbox 707 3462 826 3513; x_wconf 85' lang='lat' dir='ltr'>additum</span> <span class='ocrx_word' id='word_1_280' title='bbox 852 3460 933 3513; x_wconf 90' lang='lat' dir='ltr'>deleri</span> <span class='ocrx_word' id='word_1_281' title='bbox 959 3460 1054 3513; x_wconf 88' lang='lat' dir='ltr'>voluit.</span> <span class='ocrx_word' id='word_1_282' title='bbox 1095 3459 1150 3512; x_wconf 87' lang='lat' dir='ltr'>Sed</span> <span class='ocrx_word' id='word_1_283' title='bbox 1175 3458 1309 3514; x_wconf 89' lang='lat' dir='ltr'>inso&#39;tum</span> 
     </span>
     <span class='ocr_line' id='line_1_33' title="bbox 91 3528 1307 3598; baseline 0 -17"><span class='ocrx_word' id='word_1_284' title='bbox 91 3530 185 3595; x_wconf 70' lang='lat' dir='ltr'>arura,</span> <span class='ocrx_word' id='word_1_285' title='bbox 204 3528 346 3582; x_wconf 85' lang='lat' dir='ltr'>deteriores</span> <span class='ocrx_word' id='word_1_286' title='bbox 365 3529 470 3598; x_wconf 91' lang='lat' dir='ltr'>quidem</span> <span class='ocrx_word' id='word_1_287' title='bbox 486 3529 524 3583; x_wconf 88' lang='lat' dir='ltr'>ita</span> <span class='ocrx_word' id='word_1_288' title='bbox 541 3539 572 3583; x_wconf 92' lang='lat' dir='ltr'>ut</span> <span class='ocrx_word' id='word_1_289' title='bbox 590 3530 674 3583; x_wconf 76' lang='lat' dir='ltr'>animai</span> <span class='ocrx_word' id='word_1_290' title='bbox 708 3548 762 3583; x_wconf 91' lang='lat' dir='ltr'>uon</span> <span class='ocrx_word' id='word_1_291' title='bbox 780 3537 821 3582; x_wconf 90' lang='lat' dir='ltr'>est</span> <span class='ocrx_word' id='word_1_292' title='bbox 838 3529 950 3582; x_wconf 86' lang='lat' dir='ltr'>librariis</span> <span class='ocrx_word' id='word_1_293' title='bbox 967 3531 1023 3597; x_wconf 83' lang='lat' dir='ltr'>ipse</span> <span class='ocrx_word' id='word_1_294' title='bbox 1040 3535 1068 3581; x_wconf 93' lang='lat' dir='ltr'>et</span> <span class='ocrx_word' id='word_1_295' title='bbox 1078 3529 1122 3582; x_wconf 87' lang='lat' dir='ltr'>illc</span> <span class='ocrx_word' id='word_1_296' title='bbox 1139 3529 1307 3582; x_wconf 83' lang='lat' dir='ltr'>confundere.</span> 
     </span>
     <span class='ocr_line' id='line_1_34' title="bbox 91 3597 1309 3667; baseline 0.002 -19"><span class='ocrx_word' id='word_1_297' title='bbox 91 3607 131 3648; x_wconf 79' lang='lat' dir='ltr'>non</span> <span class='ocrx_word' id='word_1_298' title='bbox 146 3600 275 3666; x_wconf 76' lang='lat' dir='ltr'>animique</span> <span class='ocrx_word' id='word_1_299' title='bbox 292 3597 441 3651; x_wconf 86' lang='lat' dir='ltr'>exhibeant.</span> <span class='ocrx_word' id='word_1_300' title='bbox 742 3602 764 3667; x_wconf 68' lang='grc' dir='ltr'>ξ.</span> <span class='ocrx_word' id='word_1_301' title='bbox 783 3604 825 3652; x_wconf 84' lang='grc'>38.</span> <span class='ocrx_word' id='word_1_302' title='bbox 863 3600 956 3652; x_wconf 65' lang='grc' dir='ltr'><em>Οφηηεε</em></span> <span class='ocrx_word' id='word_1_303' title='bbox 974 3616 1035 3667; x_wconf 71' lang='lat' dir='ltr'>erpo</span> <span class='ocrx_word' id='word_1_304' title='bbox 1053 3615 1071 3650; x_wconf 87' lang='lat' dir='ltr'>a</span> <span class='ocrx_word' id='word_1_305' title='bbox 1084 3598 1245 3651; x_wconf 80' lang='lat' dir='ltr'>Nicomacho</span> <span class='ocrx_word' id='word_1_306' title='bbox 1263 3616 1309 3650; x_wconf 88' lang='lat' dir='ltr'>eo-</span> 
     </span>
     <span class='ocr_line' id='line_1_35' title="bbox 114 3666 1308 3736; baseline -0.001 -16"><span class='ocrx_word' id='word_1_307' title='bbox 114 3667 133 3732; x_wconf 60' lang='grc' dir='ltr'>ξ.</span> <span class='ocrx_word' id='word_1_308' title='bbox 148 3673 189 3720; x_wconf 82' lang='grc'>36.</span> <span class='ocrx_word' id='word_1_309' title='bbox 216 3667 375 3719; x_wconf 81' lang='lat' dir='ltr'>circumlatis</span> <span class='ocrx_word' id='word_1_310' title='bbox 393 3668 483 3732; x_wconf 86' lang='lat' dir='ltr'>aculis,</span> <span class='ocrx_word' id='word_1_311' title='bbox 501 3675 528 3720; x_wconf 89' lang='lat' dir='ltr'>at</span> <span class='ocrx_word' id='word_1_312' title='bbox 545 3667 671 3733; x_wconf 84' lang='lat' dir='ltr'>incidere]</span> <span class='ocrx_word' id='word_1_313' title='bbox 706 3669 848 3721; x_wconf 84' lang='lat' dir='ltr'>minati-</span> <span class='ocrx_word' id='word_1_314' title='bbox 868 3669 953 3720; x_wconf 83' lang='lat' dir='ltr'>obruti</span> <span class='ocrx_word' id='word_1_315' title='bbox 984 3676 1052 3720; x_wconf 84' lang='lat' dir='ltr'>sumt.</span> <span class='ocrx_word' id='word_1_316' title='bbox 1101 3667 1197 3720; x_wconf 89' lang='lat' dir='ltr'>Editur</span> <span class='ocrx_word' id='word_1_317' title='bbox 1228 3666 1308 3736; x_wconf 87' lang='lat' dir='ltr'>vulgo</span> 
     </span>
     <span class='ocr_line' id='line_1_36' title="bbox 91 3728 1309 3801; baseline 0.002 -18"><span class='ocrx_word' id='word_1_318' title='bbox 91 3728 156 3789; x_wconf 81' lang='lat' dir='ltr'>lldns</span> <span class='ocrx_word' id='word_1_319' title='bbox 173 3752 208 3788; x_wconf 84' lang='lat' dir='ltr'>ex</span> <span class='ocrx_word' id='word_1_320' title='bbox 225 3735 301 3790; x_wconf 89' lang='lat' dir='ltr'>codd.</span> <span class='ocrx_word' id='word_1_321' title='bbox 317 3735 388 3788; x_wconf 90' lang='lat' dir='ltr'>Flor.</span> <span class='ocrx_word' id='word_1_322' title='bbox 406 3734 498 3788; x_wconf 84' lang='lat' dir='ltr'>DFHI</span> <span class='ocrx_word' id='word_1_323' title='bbox 514 3734 598 3787; x_wconf 91' lang='lat' dir='ltr'>edidit</span> <span class='ocrx_word' id='word_1_324' title='bbox 615 3752 673 3787; x_wconf 87' lang='lat' dir='ltr'>cam</span> <span class='ocrx_word' id='word_1_325' title='bbox 707 3754 844 3789; x_wconf 88' lang='lat' dir='ltr'>omnes-</span> <span class='ocrx_word' id='word_1_326' title='bbox 862 3738 1008 3789; x_wconf 81' lang='lat' dir='ltr'>nominatos</span> <span class='ocrx_word' id='word_1_327' title='bbox 1026 3767 1061 3776; x_wconf 72' lang='grc'>»-</span> <span class='ocrx_word' id='word_1_328' title='bbox 1078 3736 1230 3801; x_wconf 82' lang='lat' dir='ltr'>obruerant,</span> <span class='ocrx_word' id='word_1_329' title='bbox 1263 3736 1309 3786; x_wconf 91' lang='lat' dir='ltr'>sed</span> 
     </span>
     <span class='ocr_line' id='line_1_37' title="bbox 91 3797 1308 3873; baseline -0.001 -19"><span class='ocrx_word' id='word_1_330' title='bbox 91 3797 142 3873; x_wconf 76' lang='lat' dir='ltr'>Phil.</span> <span class='ocrx_word' id='word_1_331' title='bbox 158 3805 319 3857; x_wconf 81' lang='lat' dir='ltr'>circumlatis</span> <span class='ocrx_word' id='word_1_332' title='bbox 337 3805 418 3857; x_wconf 82' lang='lat' dir='ltr'>oculis</span> <span class='ocrx_word' id='word_1_333' title='bbox 435 3805 569 3871; x_wconf 82' lang='lat' dir='ltr'>incideret,</span> <span class='ocrx_word' id='word_1_334' title='bbox 587 3820 672 3873; x_wconf 86' lang='lat' dir='ltr'>eaque</span> <span class='ocrx_word' id='word_1_335' title='bbox 706 3804 852 3858; x_wconf 88' lang='lat' dir='ltr'>subiectum</span> <span class='ocrx_word' id='word_1_336' title='bbox 869 3805 974 3872; x_wconf 89' lang='lat' dir='ltr'>deesse,</span> <span class='ocrx_word' id='word_1_337' title='bbox 992 3822 1052 3858; x_wconf 91' lang='lat' dir='ltr'>cum</span> <span class='ocrx_word' id='word_1_338' title='bbox 1068 3802 1243 3857; x_wconf 87' lang='lat' dir='ltr'>Macedonum</span> <span class='ocrx_word' id='word_1_339' title='bbox 1260 3819 1308 3854; x_wconf 93' lang='lat' dir='ltr'>no-</span> 
     </span>
     <span class='ocr_line' id='line_1_38' title="bbox 91 3870 1307 3942; baseline -0.002 -19"><span class='ocrx_word' id='word_1_340' title='bbox 91 3871 150 3925; x_wconf 86' lang='lat' dir='ltr'>ectio</span> <span class='ocrx_word' id='word_1_341' title='bbox 172 3873 282 3942; x_wconf 85' lang='lat' dir='ltr'>vulgata</span> <span class='ocrx_word' id='word_1_342' title='bbox 306 3873 374 3926; x_wconf 86' lang='lat' dir='ltr'>facta</span> <span class='ocrx_word' id='word_1_343' title='bbox 399 3881 448 3925; x_wconf 87' lang='lat' dir='ltr'>est.</span> <span class='ocrx_word' id='word_1_344' title='bbox 482 3873 582 3926; x_wconf 90' lang='lat' dir='ltr'>Verum</span> <span class='ocrx_word' id='word_1_345' title='bbox 603 3871 672 3925; x_wconf 91' lang='lat' dir='ltr'>oculi</span> <span class='ocrx_word' id='word_1_346' title='bbox 705 3891 767 3926; x_wconf 87' lang='lat' dir='ltr'>men</span> <span class='ocrx_word' id='word_1_347' title='bbox 790 3872 929 3928; x_wconf 88' lang='lat' dir='ltr'>interiecta</span> <span class='ocrx_word' id='word_1_348' title='bbox 951 3872 1113 3927; x_wconf 89' lang='lat' dir='ltr'>confessione</span> <span class='ocrx_word' id='word_1_349' title='bbox 1135 3871 1206 3925; x_wconf 82' lang='lat' dir='ltr'>Colis</span> <span class='ocrx_word' id='word_1_350' title='bbox 1229 3870 1307 3941; x_wconf 89' lang='lat' dir='ltr'>paulo</span> 
     </span>
     <span class='ocr_line' id='line_1_39' title="bbox 91 3938 1306 4013; baseline 0.002 -24"><span class='ocrx_word' id='word_1_351' title='bbox 91 3938 203 4009; x_wconf 76' lang='lat' dir='ltr'>addunt,</span> <span class='ocrx_word' id='word_1_352' title='bbox 226 3959 282 3994; x_wconf 93' lang='lat' dir='ltr'>non</span> <span class='ocrx_word' id='word_1_353' title='bbox 306 3939 361 4011; x_wconf 90' lang='lat' dir='ltr'>ipse</span> <span class='ocrx_word' id='word_1_354' title='bbox 384 3943 469 3995; x_wconf 90' lang='lat' dir='ltr'>homo.</span> <span class='ocrx_word' id='word_1_355' title='bbox 504 3940 612 3994; x_wconf 86' lang='lat' dir='ltr'>Medius</span> <span class='ocrx_word' id='word_1_356' title='bbox 635 3954 672 3993; x_wconf 80' lang='lat' dir='ltr'>ex</span> <span class='ocrx_word' id='word_1_357' title='bbox 706 3941 810 4013; x_wconf 87' lang='lat' dir='ltr'>longius</span> <span class='ocrx_word' id='word_1_358' title='bbox 827 3950 958 3996; x_wconf 88' lang='lat' dir='ltr'>remotum</span> <span class='ocrx_word' id='word_1_359' title='bbox 975 3941 1022 4007; x_wconf 90' lang='lat' dir='ltr'>sit,</span> <span class='ocrx_word' id='word_1_360' title='bbox 1046 3938 1226 3993; x_wconf 89' lang='lat' dir='ltr'>molestissime</span> <span class='ocrx_word' id='word_1_361' title='bbox 1243 3939 1306 3991; x_wconf 88' lang='lat' dir='ltr'>sero.</span> 
     </span>
     <span class='ocr_line' id='line_1_40' title="bbox 91 4005 1307 4080; baseline -0.001 -19"><span class='ocrx_word' id='word_1_362' title='bbox 91 4005 128 4061; x_wconf 86' lang='lat' dir='ltr'>liis</span> <span class='ocrx_word' id='word_1_363' title='bbox 144 4011 229 4076; x_wconf 88' lang='lat' dir='ltr'>libris,</span> <span class='ocrx_word' id='word_1_364' title='bbox 253 4008 341 4080; x_wconf 87' lang='lat' dir='ltr'>quales</span> <span class='ocrx_word' id='word_1_365' title='bbox 358 4020 420 4064; x_wconf 87' lang='lat' dir='ltr'>sunt</span> <span class='ocrx_word' id='word_1_366' title='bbox 435 4010 507 4063; x_wconf 88' lang='lat' dir='ltr'>Flor.</span> <span class='ocrx_word' id='word_1_367' title='bbox 526 4009 588 4077; x_wconf 86' lang='lat' dir='ltr'>CG,</span> <span class='ocrx_word' id='word_1_368' title='bbox 614 4027 670 4062; x_wconf 89' lang='lat' dir='ltr'>cam</span> <span class='ocrx_word' id='word_1_369' title='bbox 705 4009 848 4065; x_wconf 84' lang='lat' dir='ltr'>Praeterea</span> <span class='ocrx_word' id='word_1_370' title='bbox 871 4028 960 4064; x_wconf 89' lang='lat' dir='ltr'>omnes</span> <span class='ocrx_word' id='word_1_371' title='bbox 978 4010 1052 4067; x_wconf 82' lang='lat' dir='ltr'>codd.</span> <span class='ocrx_word' id='word_1_372' title='bbox 1070 4009 1210 4073; x_wconf 83' lang='lat' dir='ltr'>naminari,</span> <span class='ocrx_word' id='word_1_373' title='bbox 1236 4008 1307 4074; x_wconf 92' lang='lat' dir='ltr'>qaod</span> 
     </span>
     <span class='ocr_line' id='line_1_41' title="bbox 91 4073 1306 4151; baseline 0.002 -23"><span class='ocrx_word' id='word_1_374' title='bbox 91 4073 139 4131; x_wconf 72' lang='lat' dir='ltr'>mil.</span> <span class='ocrx_word' id='word_1_375' title='bbox 157 4080 317 4134; x_wconf 82' lang='lat' dir='ltr'>circumlatis</span> <span class='ocrx_word' id='word_1_376' title='bbox 334 4081 415 4133; x_wconf 82' lang='lat' dir='ltr'>oculis</span> <span class='ocrx_word' id='word_1_377' title='bbox 432 4089 460 4132; x_wconf 86' lang='lat' dir='ltr'>ut</span> <span class='ocrx_word' id='word_1_378' title='bbox 473 4081 598 4132; x_wconf 86' lang='lat' dir='ltr'>incideret</span> <span class='ocrx_word' id='word_1_379' title='bbox 615 4077 670 4130; x_wconf 90' lang='lat' dir='ltr'>edi·</span> <span class='ocrx_word' id='word_1_380' title='bbox 704 4079 725 4131; x_wconf 90' lang='lat' dir='ltr'>si</span> <span class='ocrx_word' id='word_1_381' title='bbox 743 4082 849 4151; x_wconf 89' lang='lat' dir='ltr'>probas,</span> <span class='ocrx_word' id='word_1_382' title='bbox 867 4081 900 4132; x_wconf 91' lang='lat' dir='ltr'>ab</span> <span class='ocrx_word' id='word_1_383' title='bbox 918 4075 1086 4131; x_wconf 77' lang='lat' dir='ltr'>unoFlorG</span> <span class='ocrx_word' id='word_1_384' title='bbox 1103 4075 1235 4128; x_wconf 87' lang='lat' dir='ltr'>discedere</span> <span class='ocrx_word' id='word_1_385' title='bbox 1253 4093 1306 4130; x_wconf 91' lang='lat' dir='ltr'>non</span> 
     </span>
     <span class='ocr_line' id='line_1_42' title="bbox 91 4142 1305 4218; baseline -0.001 -22"><span class='ocrx_word' id='word_1_386' title='bbox 91 4142 122 4213; x_wconf 89' lang='lat' dir='ltr'>lit,</span> <span class='ocrx_word' id='word_1_387' title='bbox 138 4148 184 4201; x_wconf 87' lang='lat' dir='ltr'>sed</span> <span class='ocrx_word' id='word_1_388' title='bbox 202 4165 281 4218; x_wconf 91' lang='lat' dir='ltr'>quem</span> <span class='ocrx_word' id='word_1_389' title='bbox 299 4165 400 4201; x_wconf 88' lang='lat' dir='ltr'>sensum</span> <span class='ocrx_word' id='word_1_390' title='bbox 417 4146 472 4200; x_wconf 89' lang='lat' dir='ltr'>istis</span> <span class='ocrx_word' id='word_1_391' title='bbox 481 4147 567 4200; x_wconf 85' lang='lat' dir='ltr'>verbis</span> <span class='ocrx_word' id='word_1_392' title='bbox 584 4147 670 4199; x_wconf 88' lang='lat' dir='ltr'>inesse</span> <span class='ocrx_word' id='word_1_393' title='bbox 703 4148 812 4218; x_wconf 88' lang='lat' dir='ltr'>poteris,</span> <span class='ocrx_word' id='word_1_394' title='bbox 831 4147 858 4199; x_wconf 90' lang='lat' dir='ltr'>in</span> <span class='ocrx_word' id='word_1_395' title='bbox 875 4166 929 4218; x_wconf 91' lang='lat' dir='ltr'>quo</span> <span class='ocrx_word' id='word_1_396' title='bbox 941 4146 1006 4199; x_wconf 90' lang='lat' dir='ltr'>illud</span> <span class='ocrx_word' id='word_1_397' title='bbox 1016 4143 1202 4215; x_wconf 90' lang='lat' dir='ltr'>quodModius</span> <span class='ocrx_word' id='word_1_398' title='bbox 1212 4143 1305 4211; x_wconf 86' lang='lat' dir='ltr'>edidit,</span> 
     </span>
     <span class='ocr_line' id='line_1_43' title="bbox 91 4212 1305 4272; baseline 0 -6"><span class='ocrx_word' id='word_1_399' title='bbox 91 4214 181 4270; x_wconf 85' lang='lat' dir='ltr'>eluerit</span> <span class='ocrx_word' id='word_1_400' title='bbox 201 4225 231 4270; x_wconf 90' lang='lat' dir='ltr'>et</span> <span class='ocrx_word' id='word_1_401' title='bbox 253 4233 301 4270; x_wconf 88' lang='lat' dir='ltr'>eur</span> <span class='ocrx_word' id='word_1_402' title='bbox 316 4233 373 4270; x_wconf 90' lang='lat' dir='ltr'>eam</span> <span class='ocrx_word' id='word_1_403' title='bbox 393 4216 531 4270; x_wconf 89' lang='lat' dir='ltr'>lectionem</span> <span class='ocrx_word' id='word_1_404' title='bbox 557 4216 669 4269; x_wconf 89' lang='lat' dir='ltr'>multum</span> <span class='ocrx_word' id='word_1_405' title='bbox 703 4219 788 4272; x_wconf 82' lang='lat' dir='ltr'>obruti</span> <span class='ocrx_word' id='word_1_406' title='bbox 816 4225 876 4270; x_wconf 83' lang='lat' dir='ltr'>sant</span> <span class='ocrx_word' id='word_1_407' title='bbox 907 4214 1044 4268; x_wconf 88' lang='lat' dir='ltr'>manifesto</span> <span class='ocrx_word' id='word_1_408' title='bbox 1075 4220 1158 4264; x_wconf 84' lang='lat' dir='ltr'>extat.</span> <span class='ocrx_word' id='word_1_409' title='bbox 1212 4212 1305 4266; x_wconf 88' lang='lat' dir='ltr'>Habes</span> 
     </span>
     <span class='ocr_line' id='line_1_44' title="bbox 91 4281 1305 4359; baseline -0.004 -21"><span class='ocrx_word' id='word_1_410' title='bbox 91 4283 166 4338; x_wconf 87' lang='lat' dir='ltr'>ddere</span> <span class='ocrx_word' id='word_1_411' title='bbox 200 4285 347 4355; x_wconf 84' lang='lat' dir='ltr'>elegantiae</span> <span class='ocrx_word' id='word_1_412' title='bbox 381 4286 493 4338; x_wconf 90' lang='lat' dir='ltr'>orationi</span> <span class='ocrx_word' id='word_1_413' title='bbox 525 4285 667 4356; x_wconf 87' lang='lat' dir='ltr'>putaverit,</span> <span class='ocrx_word' id='word_1_414' title='bbox 701 4284 784 4356; x_wconf 84' lang='lat' dir='ltr'>igitur</span> <span class='ocrx_word' id='word_1_415' title='bbox 800 4287 887 4338; x_wconf 92' lang='lat' dir='ltr'>denuo</span> <span class='ocrx_word' id='word_1_416' title='bbox 904 4282 1052 4352; x_wconf 85' lang='lat' dir='ltr'>exemplum</span> <span class='ocrx_word' id='word_1_417' title='bbox 1069 4281 1233 4359; x_wconf 80' lang='lat' dir='ltr'>confusarum</span> <span class='ocrx_word' id='word_1_418' title='bbox 1250 4288 1305 4333; x_wconf 85' lang='lat' dir='ltr'>ter-</span> 
     </span>
     <span class='ocr_line' id='line_1_45' title="bbox 91 4349 1304 4428; baseline -0.001 -25"><span class='ocrx_word' id='word_1_419' title='bbox 91 4360 153 4408; x_wconf 74' lang='lat' dir='ltr'>tteor</span> <span class='ocrx_word' id='word_1_420' title='bbox 168 4371 212 4407; x_wconf 88' lang='lat' dir='ltr'>me</span> <span class='ocrx_word' id='word_1_421' title='bbox 228 4372 282 4408; x_wconf 91' lang='lat' dir='ltr'>non</span> <span class='ocrx_word' id='word_1_422' title='bbox 306 4354 460 4424; x_wconf 85' lang='lat' dir='ltr'>intelligere.</span> <span class='ocrx_word' id='word_1_423' title='bbox 495 4355 668 4409; x_wconf 79' lang='lat' dir='ltr'>scribendum</span> <span class='ocrx_word' id='word_1_424' title='bbox 701 4355 875 4409; x_wconf 81' lang='lat' dir='ltr'>minationem</span> <span class='ocrx_word' id='word_1_425' title='bbox 892 4351 964 4406; x_wconf 89' lang='lat' dir='ltr'>verbi</span> <span class='ocrx_word' id='word_1_426' title='bbox 974 4349 1053 4403; x_wconf 86' lang='lat' dir='ltr'>activi</span> <span class='ocrx_word' id='word_1_427' title='bbox 1062 4356 1090 4402; x_wconf 88' lang='lat' dir='ltr'>et</span> <span class='ocrx_word' id='word_1_428' title='bbox 1099 4349 1202 4428; x_wconf 76' lang='lat' dir='ltr'>passivi.</span> <span class='ocrx_word' id='word_1_429' title='bbox 1222 4350 1304 4413; x_wconf 82' lang='lat' dir='ltr'>Quod</span> 
     </span>
     <span class='ocr_line' id='line_1_46' title="bbox 91 4419 1303 4492; baseline -0.002 -17"><span class='ocrx_word' id='word_1_430' title='bbox 91 4437 139 4477; x_wconf 68' lang='lat' dir='ltr'>runc</span> <span class='ocrx_word' id='word_1_431' title='bbox 166 4425 272 4476; x_wconf 91' lang='lat' dir='ltr'>demum</span> <span class='ocrx_word' id='word_1_432' title='bbox 302 4423 376 4477; x_wconf 88' lang='lat' dir='ltr'>video</span> <span class='ocrx_word' id='word_1_433' title='bbox 403 4440 459 4476; x_wconf 91' lang='lat' dir='ltr'>esse</span> <span class='ocrx_word' id='word_1_434' title='bbox 489 4434 516 4477; x_wconf 85' lang='lat' dir='ltr'>at</span> <span class='ocrx_word' id='word_1_435' title='bbox 541 4426 666 4491; x_wconf 80' lang='lat' dir='ltr'>incidere,</span> <span class='ocrx_word' id='word_1_436' title='bbox 702 4425 736 4478; x_wconf 88' lang='lat' dir='ltr'>ad</span> <span class='ocrx_word' id='word_1_437' title='bbox 754 4422 891 4478; x_wconf 87' lang='lat' dir='ltr'>historiam</span> <span class='ocrx_word' id='word_1_438' title='bbox 908 4419 1006 4475; x_wconf 86' lang='lat' dir='ltr'>attinet</span> <span class='ocrx_word' id='word_1_439' title='bbox 1018 4419 1192 4490; x_wconf 78' lang='lat' dir='ltr'>Demetrium,</span> <span class='ocrx_word' id='word_1_440' title='bbox 1211 4435 1303 4492; x_wconf 89' lang='lat' dir='ltr'>corpo-</span> 
     </span>
    </p>
   </div>
   <div class='ocr_carea' id='block_1_4' title="bbox 0 0 1468 5174">
    <p class='ocr_par' dir='ltr' id='par_1_5' title="bbox 0 0 1468 5174">
     <span class='ocr_line' id='line_1_47' title="bbox 0 0 1468 5174; baseline 0 7"><span class='ocrx_word' id='word_1_441' title='bbox 0 0 1468 5174; x_wconf 95' lang='lat' dir='ltr'> </span> 
     </span>
    </p>
   </div>
  </div>
 </body>
</html>
