2984 5176
437 1006 942 1112 PRAEFATIO.

588 1311 794 1321 ——-

178 1547 219 1638 Q.
246 1547 359 1622 Curtii
384 1547 466 1621 Rufi
501 1547 611 1620 libros
646 1545 692 1621 de
715 1526 833 1646 'gestis
859 1549 1058 1624 Alexandri
1084 1551 1204 1650 Magni
1236 1556 1305 1653 pri·

69 1702 170 1750 mum
195 1676 356 1749 recensui
382 1676 648 1771 recensitosque
674 1675 770 1749 edidi
795 1703 826 1749 a.
856 1680 953 1750 1826
981 1677 1137 1752 Berolini
1159 1684 1305 1780 sumpti·

69 1807 137 1878 bus
169 1802 388 1877 Duemmleri
422 1802 646 1899 bibliopolae.
704 1802 747 1874 In
773 1805 993 1901 praefatione
1028 1807 1104 1877 eius
1139 1807 1304 1880 editionis

69 1932 232 2031 pluribus
258 1930 379 2003 verbis
407 1929 557 2026 exposui
590 1954 680 2024 quae
711 1955 769 2003 me
796 1955 924 2004 causae
951 1930 1120 2004 adhunc
1145 1933 1305 2006 laborem

69 2058 292 2158 impulerint,
329 2056 529 2152 quibusque
562 2056 759 2129 rationibus
786 2056 915 2130 ductus
940 2057 1083 2130 foedam
1110 2061 1304 2158 corruptio·

68 2212 153 2259 nem
177 2183 439 2281 indagaverim,
475 2207 582 2278 quam
618 2184 899 2281 elegantissimus
934 2186 1087 2283 scriptor
1116 2187 1155 2259 in
1180 2189 1302 2285 uulga-

69 2314 168 2387 ribus
203 2310 417 2385 editionibus
451 2334 642 2407 perpessus
677 2321 742 2383 est.
811 2311 953 2384 Accidit
987 2313 1082 2384 enim
1116 2324 1175 2405 ut,
1221 2340 1303 2387 cum

71 2439 247 2538 principes
274 2436 447 2511 editiones
473 2462 520 2508 ex
545 2439 721 2536 corruptis
747 2440 997 2536 manuscriptis
1022 2439 1151 2513 ductae
1174 2452 1303 2533 essent,

70 2566 231 2639 homines
258 2564 369 2654 docti,
405 2565 464 2660 qui
491 2574 618 2662 postea
648 2565 696 2637 ad
723 2563 884 2639 Curtium
918 2565 1180 2640 emendandum
1207 2594 1303 2641 acce·

71 2694 216 2782 derent,
252 2690 409 2764 subsidia
444 2684 604 2764 codicum
640 2717 724 2765 msa.
756 2702 820 2765 aut
853 2695 952 2765 nulla
986 2703 1050 2764 aut
1074 2720 1148 2766 non
1175 2694 1305 2768 idonea

68 2821 260 2908 haberent,
287 2828 350 2891 aut
375 2819 405 2890 si
431 2844 502 2914 qua
527 2819 703 2891 haberent
728 2819 872 2909 idonea,
907 2846 980 2891 non
1007 2830 1207 2911 uterentur,
1241 2832 1303 2895 aut

71 2948 198 3044 quibus
233 2956 424 3041 utrumque
459 2945 677 3040 contigerat,
716 2953 758 3015 ut
797 2954 834 3015 et
867 2946 970 3016 bonis
1005 2946 1103 3017 libris
1139 2948 1303 3021 instructi

73 3084 192 3147 essent
217 3083 254 3146 et
278 3073 320 3144 iis
356 3071 404 3145 ad
439 3068 701 3144 emendandum
736 3080 877 3142 textum
912 3070 964 3142 uti
1000 3069 1192 3162 auderent,
1231 3098 1304 3148 non

69 3212 191 3275 tamen
216 3201 372 3273 fructum
397 3201 532 3272 ferrent
556 3198 761 3288 industriae,
789 3198 884 3295 quod
911 3199 1020 3295 vulgo
1047 3199 1096 3272 eis
1118 3200 1208 3274 fides
1231 3227 1304 3276 non

70 3339 127 3402 est
151 3328 283 3400 habita
335 3326 378 3398 In
403 3328 518 3425 prima
544 3328 657 3399 classe
689 3352 828 3417 eorum,
864 3328 923 3424 qui
955 3352 1031 3399 rem
1064 3328 1203 3404 efficere
1228 3357 1301 3404 non

68 3464 235 3555 possent,
261 3463 423 3528 vetustos
450 3453 697 3527 emendatores
724 3464 762 3529 et
787 3456 983 3552 scripturae
1009 3456 1177 3552 vulgatae
1202 3483 1301 3555 repe·

68 3585 195 3656 titores
222 3581 417 3678 ponebam;
452 3583 489 3653 in
523 3583 636 3654 altera
668 3607 806 3673 eorum,
841 3583 901 3678 qui
935 3582 1038 3655 bonis
1073 3584 1201 3657 oblatis
1228 3611 1303 3658 non

69 3718 272 3799 uterentur,
311 3710 500 3807 praecipue
534 3707 727 3781 Henricum
763 3706 1088 3806 snakenburgium3
1124 3712 1160 3781 in
1195 3713 1302 3785 tertia

69 3836 222 3932 denique
256 3836 428 3932 imprimis
462 3835 690 3909 Franciscum
724 3834 899 3926 Modium,
931 3861 1037 3932 quem
1067 3862 1239 3934 prospere
1264 3839 1302 3908 in

70 3961 294 4037 emendando
318 3959 442 4036 Curtio
468 3973 661 4053 versatum,
689 3962 753 4036 sed
775 3989 797 4036 a
817 3965 916 4036 nullo
939 3963 985 4036 ob
1006 3963 1045 4035 id
1065 3965 1183 4059 ipsum
1205 3963 1302 4059 quod

69 4091 248 4190 praestitit
273 4090 465 4192 probatum
492 4115 570 4163 esse
594 4090 845 4188 intelligebam.
889 4087 960 4163 Sed
979 4099 1095 4162 totam
1116 4090 1301 4182 rationem,

68 4243 140 4316 qua
174 4218 345 4290 historiae
372 4214 563 4292 Curtianae
594 4217 795 4291 emendatio
827 4228 864 4290 et
898 4225 1053 4290 tractata
1088 4227 1183 4289 esset
1218 4219 1301 4288 olim

70 4355 107 4417 et
132 4369 241 4442 porro
266 4346 413 4418 tractari
439 4344 600 4435 deberet,
636 4369 718 4417 cum
750 4369 797 4416 ex
822 4344 1004 4417 veteribus
1032 4345 1140 4440 copiis
1166 4367 1189 4414 a
1215 4341 1301 4416 Sna·
