2926 5174
120 292 193 362 486
325 348 328 353 .
589 309 622 372 o.
651 310 776 363 cunru
801 311 886 363 aurs

117 496 196 595 gius
232 496 268 568 in
295 491 479 569 Oceanum
503 496 696 594 procedere
729 497 897 588 iusserat,
933 499 1215 596 superveniunt.
1273 500 1371 576 Nun-u

117 608 255 681 tiabant
273 616 393 679 autem
416 606 591 704 quaedam
618 607 750 698 audita,
777 607 846 679 alia
864 619 1075 708 comperta:
1104 611 1261 684 insulam
1276 613 1344 686 ostio

118 720 232 792 amnis
258 718 454 791 subiectam
472 743 559 792 auro
586 717 779 809 abundare,
805 718 948 816 inopem
967 747 1154 818 equorum
1181 749 1273 796 esse:
1293 725 1343 796 sin-

117 832 220 929 gulos
248 854 309 905 eos
336 829 381 901 ab
408 830 467 919 iis,
494 831 554 926 qui
581 856 628 904 ex
654 831 849 903 continenti
875 832 1044 904 traiicere
1073 832 1268 926 auderent,
1294 835 1343 908 sin·

117 943 209 1041 gulis
245 943 387 1014 talentis
426 944 504 1016 emi.
568 941 718 1014 Plenum
757 967 836 1015 esse
877 942 1073 1016 beluarum
1112 969 1230 1018 mare:
1265 956 1344 1018 aestu
1355 966 1373 1012 12

119 1052 275 1129 secundo
315 1077 376 1126 eas
416 1055 500 1126 ferri
530 1078 742 1151 magnarum
782 1054 928 1126 navium
968 1079 1132 1153 corpora
1165 1067 1344 1152 aequantes,

115 1166 207 1240 truci
234 1173 341 1238 cantu
368 1164 555 1238 deterritas
588 1164 687 1261 sequi
713 1167 880 1256 classem,
915 1189 999 1238 curn
1032 1192 1174 1264 magno
1207 1167 1343 1264 aequoris

118 1276 286 1374 strepitu,
320 1278 422 1348 velut
459 1275 624 1348 demersa
662 1278 823 1375 navigia,
856 1276 996 1350 subisse
1041 1302 1174 1375 aquas.
1241 1277 1345 1354 Cetera
1355 1300 1372 1346 0

116 1387 240 1460 incolis
269 1385 503 1477 crediderant,
529 1387 622 1459 inter
649 1411 750 1483 quae,
777 1386 939 1459 Rubrum
965 1413 1071 1461 mare
1099 1415 1178 1462 non
1205 1417 1227 1464 a
1250 1392 1344 1464 colore

116 1496 308 1589 undarum,
344 1507 385 1570 ut
409 1499 568 1596 plerique
596 1497 797 1587 crederent,
837 1496 900 1569 sed
927 1499 973 1571 ab
1001 1497 1173 1598 Erythro
1200 1527 1278 1602 rege
1300 1529 1343 1600 ap·

116 1609 256 1709 pellari:
291 1632 369 1682 esse
396 1608 494 1681 haud
528 1609 653 1707 procul
679 1635 701 1681 a
727 1609 921 1681 continenti
957 1610 1122 1683 insulam
1149 1614 1273 1710 palmis
1294 1613 1372 1686 fre-n

116 1720 307 1818 quentibus
342 1720 531 1810 consitam,
575 1729 612 1793 et
643 1720 680 1792 in
712 1718 829 1794 medio
863 1721 936 1792 fere
969 1745 1128 1795 nemore
1169 1725 1344 1797 columnam

117 1832 287 1922 eminere,
331 1828 478 1929 Erythri
512 1832 606 1929 regis
641 1840 926 1920 monumentum,
963 1831 1100 1905 litteris
1140 1836 1257 1933 gentis
1288 1837 1343 1908 eius

117 1944 295 2041 scriptam.
353 1940 595 2033 Adiiciebant,
626 1943 784 2039 navigia,
821 1967 911 2039 quae
942 1944 1040 2015 lixas
1075 1959 1344 2044 mercatoresque
1355 1965 1372 2011 1⁵

116 2055 317 2144 rexissent,
349 2054 480 2126 famam
512 2057 589 2128 auri
620 2055 751 2127 secutis
785 2054 1094 2151 gubernatoribus
1101 2113 1112 2148 ,
1147 2059 1188 2130 in
1218 2059 1344 2132 insulan

25 2209 30 2217 ·
117 2191 195 2241 esse
222 2167 445 2256 transmissa,
472 2192 538 2239 nec
565 2165 692 2239 deinde
719 2167 764 2238 ab
790 2166 846 2238 his
870 2174 999 2262 postea
1027 2167 1125 2244 visa.
1182 2169 1276 2261 Rex,
1303 2183 1371 2241 cot

117 2276 312 2378 gnoscendi
346 2278 451 2374 plura
482 2277 646 2376 cupidine
673 2302 857 2366 accensus,
889 2301 1017 2349 rursus
1056 2303 1124 2353 eos
1162 2291 1292 2359 terram
1310 2281 1344 2352 le

115 2413 200 2488 gere
225 2389 340 2476 iubet,
376 2385 490 2460 donec
516 2386 563 2460 ad
589 2386 781 2485 Euphratis
817 2388 907 2459 ostia
932 2390 1173 2484 appellerent
1205 2395 1343 2479 classem

116 2498 199 2572 inde
226 2498 379 2572 adverso
407 2524 510 2572 amne
536 2498 724 2597 Babylona
750 2498 939 2572 subituros.

115 2770 193 2824 chum
218 2786 234 2821 a
259 2768 336 2822 litore
361 2768 439 2821 maris
456 2767 602 2822 ascendisse
627 2767 718 2820 relicta
751 2766 822 2820 vium
839 2767 874 2818 ad
890 2765 947 2818 Liv.
967 2781 1012 2833 IV,
1044 2773 1095 2835 15,
1128 2778 1194 2824 601
1210 2787 1295 2838 mx,
1316 2775 1344 2833 lt,

115 2839 197 2893 classe
221 2845 250 2890 et
275 2838 308 2889 ad
326 2836 507 2890 Alexandrum
532 2837 559 2889 in
579 2836 718 2890 Carmania
752 2846 766 2889 9
793 2851 868 2888 ame
892 2834 1034 2888 laudatum
1052 2837 1082 2889 in
1102 2837 1155 2892 Gr.
1182 2840 1243 2894 Lat.
1268 2843 1289 2908 ξ.
1304 2843 1344 2901 111,

115 2914 239 2977 agentem
256 2906 357 2958 venisse
374 2905 463 2961 tradit.
643 2950 648 2959 ,
751 2905 798 2956 sed
815 2903 918 2973 ineptus
935 2911 1006 2956 esset
1025 2904 1073 2974 qui
1092 2925 1200 2978 negare
1215 2909 1292 2962 vellet
1304 2923 1344 2959 rer·

150 2979 172 3044 ξ.
201 2982 241 3027 11.
277 2975 393 3042 stapulos
420 2992 462 3026 eos
488 2975 520 3026 ab
547 2975 591 3040 iis]
627 2973 717 3042 Vulgo
750 2974 813 3026 bum
831 2972 896 3026 illud
913 2973 1051 3025 numerale
1070 2975 1157 3029 etiam
1176 2977 1218 3031 bis
1235 2975 1300 3048 poni.

114 3063 170 3098 non
193 3061 235 3096 eos
262 3042 362 3107 editur,
390 3043 436 3094 sed
458 3059 549 3113 equos,
576 3037 717 3094 iniucunda
783 3046 807 3107 S.
828 3049 867 3095 12.
886 3043 953 3093 truci
971 3051 1054 3094 cantu
1074 3047 1189 3113 detera]
1215 3047 1343 3101 Straboxv

114 3111 273 3182 repetitione
283 3118 310 3163 et
324 3109 456 3163 codicibus
466 3117 592 3179 quantum
606 3109 716 3178 cognovi
750 3112 775 3179 p'.
795 3115 843 3163 725
868 3107 1116 3174 ἀποσοβηθέντας
1144 3119 1181 3180 τῆ
1201 3119 1298 3188 κραυγῇ
1311 3114 1343 3162 sat

114 3179 235 3234 omnibus
253 3179 349 3231 invitis.
382 3178 453 3229 Tum
470 3180 503 3230 ub
522 3180 556 3230 iis
574 3178 672 3246 legitur
689 3178 716 3230 in
752 3183 786 3250 τῇ
805 3176 933 3248 σάλπιγγι
948 3169 1212 3236 ἀπαλλάττεσθῖικ
1229 3192 1268 3236 est
1283 3169 1343 3249 igitur

112 3249 266 3314 Flor.A(et
273 3248 334 3300 fort.
343 3246 462 3314 inLeid.)
471 3246 565 3315 reliqui
573 3263 636 3298 vero
647 3246 717 3298 codi-
753 3254 844 3299 cantus
863 3244 945 3315 qualis
967 3246 1105 3301 excitatur
1129 3268 1191 3304 cum
1209 3253 1275 3306 acies
1298 3265 1342 3301 con·

113 3333 155 3370 ces
173 3318 263 3382 abhis,
283 3324 385 3368 tantum
401 3314 581 3394 quodFlor.B
599 3314 716 3367 etBern.
752 3322 866 3367 currunt.
900 3313 1003 3366 Eadem
1020 3316 1160 3373 Arrianus
1186 3321 1216 3375 in
1232 3317 1342 3375 Indicier-

112 3385 139 3437 A
155 3402 195 3463 pr.
205 3402 239 3436 m.
257 3386 291 3435 ot
309 3385 358 3436 tiis
369 3384 495 3449 scribunt,
515 3395 542 3435 et
551 3383 633 3435 verba
642 3385 674 3434 ab
683 3385 717 3435 iis
751 3389 784 3436 30
802 3382 891 3436 tradit.

112 3459 239 3505 omittunt
256 3452 326 3505 Flor.
344 3451 393 3504 DI.
419 3451 505 3504 Porro
522 3451 625 3503 addunt
641 3451 717 3504 multi
785 3454 808 3519 ξ.
829 3459 867 3505 13.
898 3451 931 3502 ab
949 3449 1070 3520 Erythro
1088 3458 1167 3536 repe]
1196 3456 1313 3527 VulgoE

112 3519 214 3574 codices
231 3527 292 3590 post
309 3537 351 3572 eos
370 3518 715 3588 compererantLeid.Voss.
750 3522 817 3584 ttra,
836 3527 863 3572 et
879 3518 984 3572 infraE
1015 3523 1094 3575 tlsrae
1113 3525 1217 3579 editur:
1235 3470 1342 3596 03010111

115 3599 125 3642 1
146 3589 227 3642 Bern.
253 3590 278 3640 A
296 3588 367 3641 Flor.
395 3588 419 3638 A
447 3588 651 3656 (compeperont)
680 3587 714 3655 G,
750 3589 825 3641 oodd.
848 3587 918 3641 Flor.
944 3594 972 3639 et
982 3537 1183 3647 risernensium
1210 3606 1341 3648 censeam

112 3665 195 3738 atque
212 3656 333 3709 ediderat
350 3656 387 3708 sic
405 3655 519 3708 Medius.
556 3656 641 3720 Quem
659 3654 715 3708 imi·
750 3657 911 3725 sequendum
919 3655 1017 3725 putavi.
1037 3658 1110 3712 Vide
1119 3663 1341 3732 supraadvrrutt.

112 3737 164 3779 tarr
182 3725 253 3778 nolui
263 3732 402 3795 propterea
411 3724 491 3804 quod,
511 3742 570 3776 cum
588 3735 715 3791 compertu
785 3727 808 3792 ξ.
834 3730 874 3777 15.
917 3741 971 3776 esse
1004 3731 1185 3802 transmissu]
1239 3729 1341 3798 Plerique

112 3791 717 3916 111118ὼὲ8.·111“1ᾒ”101ῖῖῗῗὲἲ’ῗ1
750 3792 1189 3919 bild‘ff⁶¹¹⁶⁰iis{⁶dl⁸s¹³i“⁸
1197 3799 1341 3922 quiqam

130 3880 298 3915 11800108
349 3881 356 3914 1
801 3880 831 3913 sa
884 3892 918 3900 —
998 3880 1031 3914 m.
1101 3882 1118 3918 e
1187 3885 1280 3920 ua

112 3929 193 3984 ceteri
219 3930 278 3984 libri
296 3881 367 3982 Fliir.
386 3879 511 4000 imprimis
538 3879 579 3983 ciii
604 3928 716 3981 multum
751 3928 854 3999 scripsit
870 3946 963 3998 parum
980 3942 1107 3986 accurate
1126 3887 1284 4005 prsimmine
1297 3947 1341 3987 mn

112 3999 201 4052 tribuo
227 3999 284 4052 cod.
306 3999 330 4052 B
357 3997 423 4050 illud
448 3998 557 4050 verbum
583 3996 715 4066 ignorant.
750 4005 801 4061 est,
819 4015 878 4050 cum
895 3997 1003 4051 deberet
1021 4017 1039 4051 a
1058 4019 1096 4054 se.
1135 4003 1280 4071 Existimas,
1296 3998 1341 4056 sai·

113 4067 240 4121 Ceterum
258 4068 329 4136 quod
337 4067 410 4119 Petr.
423 4066 589 4119 Burmannus
608 4065 642 4116 ad
650 4065 715 4118 Vel·
750 4073 851 4135 ptos-em
882 4063 1015 4118 institutae
1043 4069 1182 4126 orationis
1210 4073 1341 4127 otlimms

40 4194 46 4203 ,
112 4135 191 4188 leium
209 4134 254 4188 lib.
263 4150 293 4187 11.
310 4151 333 4188 0.
345 4142 376 4188 10
390 4134 416 4186 in
428 4151 500 4205 seqq.
514 4135 626 4202 stupetis
635 4133 716 4186 deleri
750 4151 797 4186 sua
814 4150 932 4204 persona,
954 4132 994 4185 uti
1010 4134 1070 4188 fere
1088 4141 1260 4208 grmmntjei
1275 4140 1342 4193 dicen

111 4202 209 4265 voluit,
236 4203 360 4272 quoniam
382 4204 474 4256 eadem
497 4221 549 4256 vox
570 4202 623 4254 iam
640 4218 715 4271 prae·
749 4202 852 4268 solent,
880 4203 928 4255 hoe
948 4200 1091 4259 addidisse.
1136 4209 1195 4263 Sed
1217 4212 1292 4265 Bam.
1307 4203 1341 4261 AB

112 4268 243 4336 cessisset,
279 4288 370 4324 verum
418 4271 506 4323 uidem
531 4279 572 4324 est
605 4286 714 4323 numero
749 4270 820 4323 Flor.
840 4270 972 4324 Gabiis.

112 4336 209 4407 plurali
226 4340 397 4392 talentiaeam
425 4339 578 4393 'stribuendi
586 4337 715 4392 rationem
784 4342 807 4406 ξ.
827 4346 867 4394 16.
890 4340 927 4391 od
941 4338 1093 4407 Euphratis
1113 4348 1198 4414 ostia]
1233 4346 1296 4401 Post
1310 4341 1342 4397 sl

112 4403 266 4475 significari,
289 4424 341 4479 qua
358 4409 391 4460 de
408 4425 438 4461 re
456 4408 489 4462 cf.
506 4408 529 4462 L
547 4408 591 4462 Fr.
611 4405 714 4460 Grono·
749 4407 811 4460 dum
837 4407 916 4477 vulgo
933 4405 1032 4459 editum
1059 4419 1104 4464 est
1133 4417 1177 4467 ad
1193 4416 1342 4486 Euphrates
