<?xml version="1.0" encoding="UTF-8"?>
<!DOCTYPE html PUBLIC "-//W3C//DTD XHTML 1.0 Transitional//EN"
    "http://www.w3.org/TR/xhtml1/DTD/xhtml1-transitional.dtd">
<html xmlns="http://www.w3.org/1999/xhtml" xml:lang="en" lang="en">
 <head>
  <title>
</title>
<meta http-equiv="Content-Type" content="text/html;charset=utf-8" />
  <meta name='ocr-system' content='tesseract 3.04.00' />
  <meta name='ocr-capabilities' content='ocr_page ocr_carea ocr_par ocr_line ocrx_word'/>
</head>
<body>
  <div class='ocr_page' id='page_1' title='image "./qcurtiirufidege01rufugoog_0417.png"; bbox 0 0 2984 5176; ppageno 0'>
   <div class='ocr_carea' id='block_1_1' title="bbox 175 264 940 346">
    <p class='ocr_par' dir='ltr' id='par_1_1' title="bbox 175 264 940 346">
     <span class='ocr_line' id='line_1_1' title="bbox 175 264 940 346; baseline -0.003 -11"><span class='ocrx_word' id='word_1_1' title='bbox 175 264 247 336; x_wconf 82' lang='grc'><strong>386</strong></span> <span class='ocrx_word' id='word_1_2' title='bbox 645 282 679 346; x_wconf 80' lang='lat' dir='ltr'><strong>a.</strong></span> <span class='ocrx_word' id='word_1_3' title='bbox 707 282 831 334; x_wconf 73' lang='lat' dir='ltr'><strong>carran</strong></span> <span class='ocrx_word' id='word_1_4' title='bbox 855 283 940 333; x_wconf 72' lang='lat' dir='ltr'><strong>rrum</strong></span> 
     </span>
    </p>
   </div>
   <div class='ocr_carea' id='block_1_2' title="bbox 122 461 1436 3228">
    <p class='ocr_par' dir='ltr' id='par_1_2' title="bbox 123 461 1433 1006">
     <span class='ocr_line' id='line_1_2' title="bbox 123 461 1427 559; baseline -0.006 -21"><span class='ocrx_word' id='word_1_5' title='bbox 123 468 170 538; x_wconf 75' lang='lat'><strong>22</strong></span> <span class='ocrx_word' id='word_1_6' title='bbox 276 463 413 537; x_wconf 84' lang='lat' dir='ltr'><strong>Aderat</strong></span> <span class='ocrx_word' id='word_1_7' title='bbox 439 491 531 554; x_wconf 92' lang='lat' dir='ltr'><strong>nox,</strong></span> <span class='ocrx_word' id='word_1_8' title='bbox 564 490 634 559; x_wconf 89' lang='lat' dir='ltr'><strong>qua</strong></span> <span class='ocrx_word' id='word_1_9' title='bbox 660 465 833 538; x_wconf 88' lang='lat' dir='ltr'><strong>coniurati</strong></span> <span class='ocrx_word' id='word_1_10' title='bbox 860 464 1039 538; x_wconf 87' lang='lat' dir='ltr'><strong>excubare</strong></span> <span class='ocrx_word' id='word_1_11' title='bbox 1068 461 1267 550; x_wconf 82' lang='lat' dir='ltr'><strong>debebant,</strong></span> <span class='ocrx_word' id='word_1_12' title='bbox 1291 472 1399 536; x_wconf 87' lang='lat' dir='ltr'><strong>mutua</strong></span> <span class='ocrx_word' id='word_1_13' title='bbox 1411 482 1427 531; x_wconf 84' lang='lat' dir='ltr'><strong>r</strong></span> 
     </span>
     <span class='ocr_line' id='line_1_3' title="bbox 173 569 1400 666; baseline 0 -19"><span class='ocrx_word' id='word_1_14' title='bbox 173 575 243 650; x_wconf 89' lang='lat' dir='ltr'><strong>fide</strong></span> <span class='ocrx_word' id='word_1_15' title='bbox 275 574 376 666; x_wconf 88' lang='lat' dir='ltr'><strong>laeti,</strong></span> <span class='ocrx_word' id='word_1_16' title='bbox 411 577 510 649; x_wconf 88' lang='lat' dir='ltr'><strong>cuius</strong></span> <span class='ocrx_word' id='word_1_17' title='bbox 544 573 798 646; x_wconf 82' lang='lat' dir='ltr'>documentum</span> <span class='ocrx_word' id='word_1_18' title='bbox 829 586 886 648; x_wconf 93' lang='lat' dir='ltr'><strong>tot</strong></span> <span class='ocrx_word' id='word_1_19' title='bbox 917 575 991 647; x_wconf 89' lang='lat' dir='ltr'><strong>dies</strong></span> <span class='ocrx_word' id='word_1_20' title='bbox 1022 575 1178 647; x_wconf 87' lang='lat' dir='ltr'><strong>fuerant.</strong></span> <span class='ocrx_word' id='word_1_21' title='bbox 1232 569 1400 647; x_wconf 83' lang='lat' dir='ltr'><strong>Neminem</strong></span> 
     </span>
     <span class='ocr_line' id='line_1_4' title="bbox 172 685 1399 783; baseline -0.001 -25"><span class='ocrx_word' id='word_1_22' title='bbox 172 696 289 758; x_wconf 89' lang='lat' dir='ltr'><strong>metus</strong></span> <span class='ocrx_word' id='word_1_23' title='bbox 317 709 445 783; x_wconf 86' lang='lat' dir='ltr'><strong>spesve</strong></span> <span class='ocrx_word' id='word_1_24' title='bbox 476 695 698 758; x_wconf 85' lang='lat' dir='ltr'><strong>mutaverat:</strong></span> <span class='ocrx_word' id='word_1_25' title='bbox 732 697 835 759; x_wconf 87' lang='lat' dir='ltr'><strong>tanta</strong></span> <span class='ocrx_word' id='word_1_26' title='bbox 866 685 1030 759; x_wconf 91' lang='lat' dir='ltr'><strong>omnibus</strong></span> <span class='ocrx_word' id='word_1_27' title='bbox 1057 686 1118 758; x_wconf 92' lang='lat' dir='ltr'><strong>vel</strong></span> <span class='ocrx_word' id='word_1_28' title='bbox 1142 685 1181 757; x_wconf 89' lang='lat' dir='ltr'><strong>in</strong></span> <span class='ocrx_word' id='word_1_29' title='bbox 1207 708 1329 782; x_wconf 85' lang='lat' dir='ltr'><strong>regem</strong></span> <span class='ocrx_word' id='word_1_30' title='bbox 1348 686 1399 777; x_wconf 87' lang='lat' dir='ltr'><strong>ira,</strong></span> 
     </span>
     <span class='ocr_line' id='line_1_5' title="bbox 172 786 1433 896; baseline -0.005 -26"><span class='ocrx_word' id='word_1_31' title='bbox 172 797 231 870; x_wconf 91' lang='lat' dir='ltr'><strong>vel</strong></span> <span class='ocrx_word' id='word_1_32' title='bbox 266 795 355 868; x_wconf 87' lang='lat' dir='ltr'><strong>fides</strong></span> <span class='ocrx_word' id='word_1_33' title='bbox 390 799 484 871; x_wconf 84' lang='lat' dir='ltr'><strong>inter</strong></span> <span class='ocrx_word' id='word_1_34' title='bbox 517 799 613 896; x_wconf 92' lang='lat' dir='ltr'><strong>ipsos</strong></span> <span class='ocrx_word' id='word_1_35' title='bbox 647 798 723 870; x_wconf 87' lang='lat' dir='ltr'><strong>fuit.</strong></span> <span class='ocrx_word' id='word_1_36' title='bbox 777 794 930 871; x_wconf 80' lang='lat' dir='ltr'><strong>Stabant</strong></span> <span class='ocrx_word' id='word_1_37' title='bbox 963 799 1073 895; x_wconf 87' lang='lat' dir='ltr'><strong>igitur</strong></span> <span class='ocrx_word' id='word_1_38' title='bbox 1108 797 1158 870; x_wconf 87' lang='lat' dir='ltr'><strong>ad</strong></span> <span class='ocrx_word' id='word_1_39' title='bbox 1193 786 1302 873; x_wconf 81' lang='lat' dir='ltr'><strong>fores·</strong></span> <span class='ocrx_word' id='word_1_40' title='bbox 1320 796 1400 870; x_wconf 86' lang='lat' dir='ltr'><strong>aedis</strong></span> <span class='ocrx_word' id='word_1_41' title='bbox 1414 817 1433 864; x_wconf 82' lang='lat' dir='ltr'><strong>rr</strong></span> 
     </span>
     <span class='ocr_line' id='line_1_6' title="bbox 173 907 1401 1006; baseline -0.001 -25"><span class='ocrx_word' id='word_1_42' title='bbox 173 908 259 995; x_wconf 89' lang='lat' dir='ltr'><strong>eius,</strong></span> <span class='ocrx_word' id='word_1_43' title='bbox 286 907 322 980; x_wconf 91' lang='lat' dir='ltr'><strong>in</strong></span> <span class='ocrx_word' id='word_1_44' title='bbox 350 934 419 1003; x_wconf 88' lang='lat' dir='ltr'><strong>qua</strong></span> <span class='ocrx_word' id='word_1_45' title='bbox 445 934 511 981; x_wconf 90' lang='lat' dir='ltr'><strong>rex</strong></span> <span class='ocrx_word' id='word_1_46' title='bbox 536 910 758 999; x_wconf 78' lang='lat' dir='ltr'><strong>vescebatur,</strong></span> <span class='ocrx_word' id='word_1_47' title='bbox 785 919 827 981; x_wconf 91' lang='lat' dir='ltr'><strong>ut</strong></span> <span class='ocrx_word' id='word_1_48' title='bbox 853 907 1017 982; x_wconf 90' lang='lat' dir='ltr'><strong>convivio</strong></span> <span class='ocrx_word' id='word_1_49' title='bbox 1045 934 1237 1006; x_wconf 86' lang='lat' dir='ltr'><strong>egressum</strong></span> <span class='ocrx_word' id='word_1_50' title='bbox 1263 911 1300 983; x_wconf 93' lang='lat' dir='ltr'><strong>in</strong></span> <span class='ocrx_word' id='word_1_51' title='bbox 1324 909 1401 982; x_wconf 93' lang='lat' dir='ltr'><strong>cubi-</strong></span> 
     </span>
    </p>

    <p class='ocr_par' dir='ltr' id='par_1_3' title="bbox 122 1016 1436 3228">
     <span class='ocr_line' id='line_1_7' title="bbox 122 1016 1436 1121; baseline 0.001 -29"><span class='ocrx_word' id='word_1_52' title='bbox 122 1067 129 1080; x_wconf 88' lang='lat'><strong>·</strong></span> <span class='ocrx_word' id='word_1_53' title='bbox 174 1019 291 1092; x_wconf 91' lang='lat' dir='ltr'><strong>culum</strong></span> <span class='ocrx_word' id='word_1_54' title='bbox 310 1017 536 1093; x_wconf 87' lang='lat' dir='ltr'><strong>deducerent.</strong></span> <span class='ocrx_word' id='word_1_55' title='bbox 590 1016 662 1093; x_wconf 89' lang='lat' dir='ltr'><strong>Sed</strong></span> <span class='ocrx_word' id='word_1_56' title='bbox 687 1021 832 1104; x_wconf 87' lang='lat' dir='ltr'><strong>fortuna</strong></span> <span class='ocrx_word' id='word_1_57' title='bbox 858 1020 968 1117; x_wconf 90' lang='lat' dir='ltr'><strong>ipsius</strong></span> <span class='ocrx_word' id='word_1_58' title='bbox 994 1019 1171 1117; x_wconf 90' lang='lat' dir='ltr'><strong>simulque</strong></span> <span class='ocrx_word' id='word_1_59' title='bbox 1200 1023 1405 1121; x_wconf 79' lang='lat' dir='ltr'><strong>epulantium</strong></span> <span class='ocrx_word' id='word_1_60' title='bbox 1416 1040 1436 1087; x_wconf 79' lang='lat'><strong>1⁴</strong></span> 
     </span>
     <span class='ocr_line' id='line_1_8' title="bbox 174 1131 1404 1229; baseline 0 -26"><span class='ocrx_word' id='word_1_61' title='bbox 174 1131 322 1203; x_wconf 85' lang='lat' dir='ltr'><strong>comites</strong></span> <span class='ocrx_word' id='word_1_62' title='bbox 348 1132 517 1228; x_wconf 90' lang='lat' dir='ltr'><strong>provexit</strong></span> <span class='ocrx_word' id='word_1_63' title='bbox 543 1156 666 1205; x_wconf 92' lang='lat' dir='ltr'><strong>omnes</strong></span> <span class='ocrx_word' id='word_1_64' title='bbox 694 1131 740 1204; x_wconf 88' lang='lat' dir='ltr'><strong>ad</strong></span> <span class='ocrx_word' id='word_1_65' title='bbox 766 1131 899 1229; x_wconf 82' lang='lat' dir='ltr'><strong>largius</strong></span> <span class='ocrx_word' id='word_1_66' title='bbox 925 1131 1067 1221; x_wconf 88' lang='lat' dir='ltr'><strong>vinum;</strong></span> <span class='ocrx_word' id='word_1_67' title='bbox 1095 1132 1173 1205; x_wconf 93' lang='lat' dir='ltr'><strong>ludi</strong></span> <span class='ocrx_word' id='word_1_68' title='bbox 1202 1134 1314 1207; x_wconf 85' lang='lat' dir='ltr'><strong>etiam</strong></span> <span class='ocrx_word' id='word_1_69' title='bbox 1336 1157 1404 1205; x_wconf 92' lang='lat' dir='ltr'><strong>con·</strong></span> 
     </span>
     <span class='ocr_line' id='line_1_9' title="bbox 172 1240 1405 1341; baseline 0 -26"><span class='ocrx_word' id='word_1_70' title='bbox 172 1241 309 1315; x_wconf 86' lang='lat' dir='ltr'><strong>viveles</strong></span> <span class='ocrx_word' id='word_1_71' title='bbox 337 1253 528 1316; x_wconf 84' lang='lat' dir='ltr'><strong>extraxere</strong></span> <span class='ocrx_word' id='word_1_72' title='bbox 554 1252 706 1340; x_wconf 90' lang='lat' dir='ltr'><strong>tempus,</strong></span> <span class='ocrx_word' id='word_1_73' title='bbox 731 1269 827 1315; x_wconf 91' lang='lat' dir='ltr'><strong>nunc</strong></span> <span class='ocrx_word' id='word_1_74' title='bbox 852 1242 1068 1315; x_wconf 86' lang='lat' dir='ltr'><strong>laetantibus</strong></span> <span class='ocrx_word' id='word_1_75' title='bbox 1087 1245 1300 1335; x_wconf 85' lang='lat' dir='ltr'><strong>coniuratis,</strong></span> <span class='ocrx_word' id='word_1_76' title='bbox 1325 1240 1405 1341; x_wconf 90' lang='lat' dir='ltr'><strong>quod</strong></span> 
     </span>
     <span class='ocr_line' id='line_1_10' title="bbox 173 1352 1404 1451; baseline 0 -26"><span class='ocrx_word' id='word_1_77' title='bbox 173 1353 330 1450; x_wconf 88' lang='lat' dir='ltr'><strong>sopitum</strong></span> <span class='ocrx_word' id='word_1_78' title='bbox 355 1353 557 1451; x_wconf 79' lang='lat' dir='ltr'><strong>aggressuri</strong></span> <span class='ocrx_word' id='word_1_79' title='bbox 584 1362 714 1444; x_wconf 89' lang='lat' dir='ltr'><strong>essent,</strong></span> <span class='ocrx_word' id='word_1_80' title='bbox 740 1376 835 1426; x_wconf 89' lang='lat' dir='ltr'><strong>nuno</strong></span> <span class='ocrx_word' id='word_1_81' title='bbox 861 1352 1028 1443; x_wconf 88' lang='lat' dir='ltr'><strong>sollicitis,</strong></span> <span class='ocrx_word' id='word_1_82' title='bbox 1055 1380 1101 1428; x_wconf 92' lang='lat' dir='ltr'><strong>ne</strong></span> <span class='ocrx_word' id='word_1_83' title='bbox 1127 1356 1167 1429; x_wconf 90' lang='lat' dir='ltr'><strong>in</strong></span> <span class='ocrx_word' id='word_1_84' title='bbox 1195 1358 1316 1430; x_wconf 92' lang='lat' dir='ltr'><strong>lucem</strong></span> <span class='ocrx_word' id='word_1_85' title='bbox 1339 1379 1404 1427; x_wconf 89' lang='lat' dir='ltr'><strong>con·</strong></span> 
     </span>
     <span class='ocr_line' id='line_1_11' title="bbox 171 1460 1432 1567; baseline 0 -31"><span class='ocrx_word' id='word_1_86' title='bbox 171 1465 308 1536; x_wconf 93' lang='lat' dir='ltr'><strong>vivium</strong></span> <span class='ocrx_word' id='word_1_87' title='bbox 350 1465 566 1537; x_wconf 84' lang='lat' dir='ltr'><strong>extraheret.</strong></span> <span class='ocrx_word' id='word_1_88' title='bbox 620 1460 759 1560; x_wconf 83' lang='lat' dir='ltr'><strong>Quippe</strong></span> <span class='ocrx_word' id='word_1_89' title='bbox 798 1463 885 1536; x_wconf 86' lang='lat' dir='ltr'><strong>alios</strong></span> <span class='ocrx_word' id='word_1_90' title='bbox 921 1463 958 1534; x_wconf 92' lang='lat' dir='ltr'><strong>in</strong></span> <span class='ocrx_word' id='word_1_91' title='bbox 996 1466 1193 1541; x_wconf 86' lang='lat' dir='ltr'><strong>stationem</strong></span> <span class='ocrx_word' id='word_1_92' title='bbox 1231 1465 1402 1567; x_wconf 84' lang='lat' dir='ltr'><strong>oportebat</strong></span> <span class='ocrx_word' id='word_1_93' title='bbox 1413 1478 1432 1527; x_wconf 79' lang='lat'><strong>1⁵</strong></span> 
     </span>
     <span class='ocr_line' id='line_1_12' title="bbox 173 1573 1400 1672; baseline 0.002 -26"><span class='ocrx_word' id='word_1_94' title='bbox 173 1575 288 1672; x_wconf 93' lang='lat' dir='ltr'><strong>prima</strong></span> <span class='ocrx_word' id='word_1_95' title='bbox 313 1577 392 1648; x_wconf 90' lang='lat' dir='ltr'><strong>luce</strong></span> <span class='ocrx_word' id='word_1_96' title='bbox 419 1573 619 1665; x_wconf 89' lang='lat' dir='ltr'><strong>succedere,</strong></span> <span class='ocrx_word' id='word_1_97' title='bbox 645 1575 805 1671; x_wconf 92' lang='lat' dir='ltr'><strong>ipsorum</strong></span> <span class='ocrx_word' id='word_1_98' title='bbox 827 1582 911 1672; x_wconf 84' lang='lat' dir='ltr'><strong>post</strong></span> <span class='ocrx_word' id='word_1_99' title='bbox 932 1575 1124 1672; x_wconf 90' lang='lat' dir='ltr'><strong>septimum</strong></span> <span class='ocrx_word' id='word_1_100' title='bbox 1146 1577 1248 1652; x_wconf 91' lang='lat' dir='ltr'><strong>diem</strong></span> <span class='ocrx_word' id='word_1_101' title='bbox 1264 1577 1400 1652; x_wconf 81' lang='lat' dir='ltr'><strong>reditur</strong></span> 
     </span>
     <span class='ocr_line' id='line_1_13' title="bbox 172 1683 1396 1785; baseline 0.002 -27"><span class='ocrx_word' id='word_1_102' title='bbox 172 1686 270 1760; x_wconf 88' lang='lat' dir='ltr'><strong>vice:</strong></span> <span class='ocrx_word' id='word_1_103' title='bbox 303 1711 369 1759; x_wconf 87' lang='lat' dir='ltr'><strong>nec</strong></span> <span class='ocrx_word' id='word_1_104' title='bbox 396 1711 539 1785; x_wconf 88' lang='lat' dir='ltr'><strong>sperare</strong></span> <span class='ocrx_word' id='word_1_105' title='bbox 566 1695 749 1782; x_wconf 86' lang='lat' dir='ltr'><strong>poterant,</strong></span> <span class='ocrx_word' id='word_1_106' title='bbox 775 1686 813 1757; x_wconf 89' lang='lat' dir='ltr'><strong>in</strong></span> <span class='ocrx_word' id='word_1_107' title='bbox 838 1683 925 1757; x_wconf 92' lang='lat' dir='ltr'><strong>illud</strong></span> <span class='ocrx_word' id='word_1_108' title='bbox 950 1695 1093 1783; x_wconf 91' lang='lat' dir='ltr'><strong>tempus</strong></span> <span class='ocrx_word' id='word_1_109' title='bbox 1121 1691 1295 1764; x_wconf 91' lang='lat' dir='ltr'><strong>omnibus</strong></span> <span class='ocrx_word' id='word_1_110' title='bbox 1323 1688 1396 1761; x_wconf 79' lang='lat' dir='ltr'><strong>duu-</strong></span> 
     </span>
     <span class='ocr_line' id='line_1_14' title="bbox 172 1794 1432 1895; baseline 0.003 -28"><span class='ocrx_word' id='word_1_111' title='bbox 172 1804 292 1869; x_wconf 89' lang='lat' dir='ltr'><strong>turam</strong></span> <span class='ocrx_word' id='word_1_112' title='bbox 317 1796 435 1870; x_wconf 87' lang='lat' dir='ltr'><strong>fidem.</strong></span> <span class='ocrx_word' id='word_1_113' title='bbox 490 1794 658 1871; x_wconf 88' lang='lat' dir='ltr'><strong>Ceterum</strong></span> <span class='ocrx_word' id='word_1_114' title='bbox 683 1821 766 1868; x_wconf 91' lang='lat' dir='ltr'><strong>cum</strong></span> <span class='ocrx_word' id='word_1_115' title='bbox 791 1796 863 1869; x_wconf 90' lang='lat' dir='ltr'><strong>iam</strong></span> <span class='ocrx_word' id='word_1_116' title='bbox 894 1796 958 1868; x_wconf 95' lang='lat' dir='ltr'><strong>lux</strong></span> <span class='ocrx_word' id='word_1_117' title='bbox 990 1807 1198 1895; x_wconf 90' lang='lat' dir='ltr'><strong>appeteret,</strong></span> <span class='ocrx_word' id='word_1_118' title='bbox 1239 1812 1281 1874; x_wconf 90' lang='lat' dir='ltr'><strong>et</strong></span> <span class='ocrx_word' id='word_1_119' title='bbox 1307 1797 1432 1873; x_wconf 74' lang='lat' dir='ltr'><strong>couvi-¹⁸</strong></span> 
     </span>
     <span class='ocr_line' id='line_1_15' title="bbox 173 1906 1400 2007; baseline -0.002 -26"><span class='ocrx_word' id='word_1_120' title='bbox 173 1909 272 1981; x_wconf 90' lang='lat' dir='ltr'><strong>vium</strong></span> <span class='ocrx_word' id='word_1_121' title='bbox 299 1909 459 1998; x_wconf 90' lang='lat' dir='ltr'><strong>solvitur,</strong></span> <span class='ocrx_word' id='word_1_122' title='bbox 487 1919 524 1981; x_wconf 89' lang='lat' dir='ltr'><strong>ct</strong></span> <span class='ocrx_word' id='word_1_123' title='bbox 550 1906 724 1980; x_wconf 88' lang='lat' dir='ltr'><strong>coniurati</strong></span> <span class='ocrx_word' id='word_1_124' title='bbox 750 1917 969 2006; x_wconf 89' lang='lat' dir='ltr'><strong>exceperunt</strong></span> <span class='ocrx_word' id='word_1_125' title='bbox 994 1932 1127 2007; x_wconf 84' lang='lat' dir='ltr'><strong>regem,</strong></span> <span class='ocrx_word' id='word_1_126' title='bbox 1155 1911 1247 1985; x_wconf 87' lang='lat' dir='ltr'><strong>laeti</strong></span> <span class='ocrx_word' id='word_1_127' title='bbox 1271 1909 1400 1986; x_wconf 84' lang='lat' dir='ltr'><strong>occasio</strong></span> 
     </span>
     <span class='ocr_line' id='line_1_16' title="bbox 173 2018 1403 2116; baseline -0.002 -24"><span class='ocrx_word' id='word_1_128' title='bbox 173 2045 257 2093; x_wconf 91' lang='lat' dir='ltr'><strong>nem</strong></span> <span class='ocrx_word' id='word_1_129' title='bbox 283 2018 483 2116; x_wconf 86' lang='lat' dir='ltr'><strong>exequendi</strong></span> <span class='ocrx_word' id='word_1_130' title='bbox 509 2019 650 2091; x_wconf 86' lang='lat' dir='ltr'><strong>sceleris</strong></span> <span class='ocrx_word' id='word_1_131' title='bbox 677 2018 877 2110; x_wconf 86' lang='lat' dir='ltr'><strong>admotam;</strong></span> <span class='ocrx_word' id='word_1_132' title='bbox 905 2044 985 2090; x_wconf 92' lang='lat' dir='ltr'><strong>cum</strong></span> <span class='ocrx_word' id='word_1_133' title='bbox 1010 2021 1138 2094; x_wconf 91' lang='lat' dir='ltr'><strong>mulier</strong></span> <span class='ocrx_word' id='word_1_134' title='bbox 1166 2022 1352 2111; x_wconf 77' lang='lat' dir='ltr'><strong>attonitae,</strong></span> <span class='ocrx_word' id='word_1_135' title='bbox 1372 2028 1403 2092; x_wconf 88' lang='lat' dir='ltr'><strong>ut</strong></span> 
     </span>
     <span class='ocr_line' id='line_1_17' title="bbox 174 2129 1401 2229; baseline 0 -26"><span class='ocrx_word' id='word_1_136' title='bbox 174 2130 349 2206; x_wconf 91' lang='lat' dir='ltr'><strong>creditum</strong></span> <span class='ocrx_word' id='word_1_137' title='bbox 376 2144 440 2222; x_wconf 85' lang='lat' dir='ltr'><strong>est,</strong></span> <span class='ocrx_word' id='word_1_138' title='bbox 467 2130 606 2219; x_wconf 91' lang='lat' dir='ltr'><strong>mentis,</strong></span> <span class='ocrx_word' id='word_1_139' title='bbox 633 2130 838 2202; x_wconf 88' lang='lat' dir='ltr'><strong>conversari</strong></span> <span class='ocrx_word' id='word_1_140' title='bbox 863 2129 899 2200; x_wconf 90' lang='lat' dir='ltr'><strong>in</strong></span> <span class='ocrx_word' id='word_1_141' title='bbox 925 2129 1024 2227; x_wconf 85' lang='lat' dir='ltr'><strong>regia</strong></span> <span class='ocrx_word' id='word_1_142' title='bbox 1050 2131 1168 2222; x_wconf 84' lang='lat' dir='ltr'><strong>solita,</strong></span> <span class='ocrx_word' id='word_1_143' title='bbox 1197 2134 1285 2229; x_wconf 86' lang='lat' dir='ltr'><strong>quia</strong></span> <span class='ocrx_word' id='word_1_144' title='bbox 1300 2131 1401 2205; x_wconf 88' lang='lat' dir='ltr'><strong>instin-</strong></span> 
     </span>
     <span class='ocr_line' id='line_1_18' title="bbox 176 2240 1402 2338; baseline -0.001 -24"><span class='ocrx_word' id='word_1_145' title='bbox 176 2251 236 2314; x_wconf 89' lang='lat' dir='ltr'><strong>ctu</strong></span> <span class='ocrx_word' id='word_1_146' title='bbox 262 2241 453 2316; x_wconf 84' lang='lat' dir='ltr'><strong>videbatur</strong></span> <span class='ocrx_word' id='word_1_147' title='bbox 477 2243 599 2313; x_wconf 80' lang='lat' dir='ltr'><strong>lutura</strong></span> <span class='ocrx_word' id='word_1_148' title='bbox 623 2240 838 2338; x_wconf 86' lang='lat' dir='ltr'><strong>praedicere,</strong></span> <span class='ocrx_word' id='word_1_149' title='bbox 865 2267 938 2313; x_wconf 89' lang='lat' dir='ltr'><strong>non</strong></span> <span class='ocrx_word' id='word_1_150' title='bbox 960 2241 1115 2314; x_wconf 91' lang='lat' dir='ltr'><strong>occurrit</strong></span> <span class='ocrx_word' id='word_1_151' title='bbox 1131 2241 1246 2317; x_wconf 92' lang='lat' dir='ltr'><strong>modo</strong></span> <span class='ocrx_word' id='word_1_152' title='bbox 1265 2241 1402 2329; x_wconf 84' lang='lat' dir='ltr'><strong>abeunti,</strong></span> 
     </span>
     <span class='ocr_line' id='line_1_19' title="bbox 175 2351 1401 2453; baseline -0.001 -26"><span class='ocrx_word' id='word_1_153' title='bbox 175 2352 240 2427; x_wconf 88' lang='lat' dir='ltr'><strong>sed</strong></span> <span class='ocrx_word' id='word_1_154' title='bbox 267 2353 374 2426; x_wconf 88' lang='lat' dir='ltr'><strong>etiam</strong></span> <span class='ocrx_word' id='word_1_155' title='bbox 400 2364 513 2427; x_wconf 88' lang='lat' dir='ltr'><strong>semet</strong></span> <span class='ocrx_word' id='word_1_156' title='bbox 546 2351 690 2442; x_wconf 90' lang='lat' dir='ltr'><strong>obiecit,</strong></span> <span class='ocrx_word' id='word_1_157' title='bbox 724 2352 898 2449; x_wconf 92' lang='lat' dir='ltr'><strong>vultuque</strong></span> <span class='ocrx_word' id='word_1_158' title='bbox 931 2363 968 2426; x_wconf 90' lang='lat' dir='ltr'><strong>et</strong></span> <span class='ocrx_word' id='word_1_159' title='bbox 999 2353 1111 2426; x_wconf 92' lang='lat' dir='ltr'><strong>oculis</strong></span> <span class='ocrx_word' id='word_1_160' title='bbox 1144 2365 1290 2428; x_wconf 93' lang='lat' dir='ltr'><strong>motum</strong></span> <span class='ocrx_word' id='word_1_161' title='bbox 1320 2377 1401 2453; x_wconf 77' lang='lat' dir='ltr'><strong>pree</strong></span> 
     </span>
     <span class='ocr_line' id='line_1_20' title="bbox 173 2461 1432 2562; baseline -0.003 -25"><span class='ocrx_word' id='word_1_162' title='bbox 173 2465 291 2537; x_wconf 87' lang='lat' dir='ltr'><strong>ferens</strong></span> <span class='ocrx_word' id='word_1_163' title='bbox 318 2464 441 2553; x_wconf 87' lang='lat' dir='ltr'><strong>animi,</strong></span> <span class='ocrx_word' id='word_1_164' title='bbox 475 2476 517 2536; x_wconf 91' lang='lat' dir='ltr'><strong>ut</strong></span> <span class='ocrx_word' id='word_1_165' title='bbox 541 2461 674 2536; x_wconf 89' lang='lat' dir='ltr'><strong>rediret</strong></span> <span class='ocrx_word' id='word_1_166' title='bbox 699 2464 736 2535; x_wconf 93' lang='lat' dir='ltr'><strong>in</strong></span> <span class='ocrx_word' id='word_1_167' title='bbox 761 2465 965 2537; x_wconf 90' lang='lat' dir='ltr'><strong>convivium</strong></span> <span class='ocrx_word' id='word_1_168' title='bbox 996 2465 1156 2537; x_wconf 87' lang='lat' dir='ltr'><strong>monuit:</strong></span> <span class='ocrx_word' id='word_1_169' title='bbox 1195 2477 1235 2539; x_wconf 91' lang='lat' dir='ltr'><strong>et</strong></span> <span class='ocrx_word' id='word_1_170' title='bbox 1267 2467 1325 2539; x_wconf 90' lang='lat' dir='ltr'><strong>ille</strong></span> <span class='ocrx_word' id='word_1_171' title='bbox 1351 2487 1402 2562; x_wconf 89' lang='lat' dir='ltr'><strong>per</strong></span> <span class='ocrx_word' id='word_1_172' title='bbox 1412 2477 1432 2526; x_wconf 79' lang='lat'><strong>1¹</strong></span> 
     </span>
     <span class='ocr_line' id='line_1_21' title="bbox 172 2573 1399 2675; baseline 0.001 -29"><span class='ocrx_word' id='word_1_173' title='bbox 172 2574 315 2665; x_wconf 93' lang='lat' dir='ltr'><strong>ludum,</strong></span> <span class='ocrx_word' id='word_1_174' title='bbox 349 2575 441 2648; x_wconf 92' lang='lat' dir='ltr'><strong>bene</strong></span> <span class='ocrx_word' id='word_1_175' title='bbox 469 2573 554 2647; x_wconf 91' lang='lat' dir='ltr'><strong>deos</strong></span> <span class='ocrx_word' id='word_1_176' title='bbox 582 2573 748 2665; x_wconf 84' lang='lat' dir='ltr'><strong>suadere,</strong></span> <span class='ocrx_word' id='word_1_177' title='bbox 779 2575 983 2673; x_wconf 90' lang='lat' dir='ltr'><strong>respondit,</strong></span> <span class='ocrx_word' id='word_1_178' title='bbox 1017 2577 1274 2675; x_wconf 90' lang='lat' dir='ltr'><strong>revocatisque</strong></span> <span class='ocrx_word' id='word_1_179' title='bbox 1299 2574 1399 2650; x_wconf 85' lang='lat' dir='ltr'><strong>amicis</strong></span> 
     </span>
     <span class='ocr_line' id='line_1_22' title="bbox 173 2685 1397 2786; baseline -0.003 -27"><span class='ocrx_word' id='word_1_180' title='bbox 173 2686 210 2759; x_wconf 93' lang='lat' dir='ltr'><strong>in</strong></span> <span class='ocrx_word' id='word_1_181' title='bbox 241 2687 368 2760; x_wconf 88' lang='lat' dir='ltr'><strong>horam</strong></span> <span class='ocrx_word' id='word_1_182' title='bbox 399 2685 468 2758; x_wconf 88' lang='lat' dir='ltr'><strong>diei</strong></span> <span class='ocrx_word' id='word_1_183' title='bbox 499 2686 610 2757; x_wconf 88' lang='lat' dir='ltr'><strong>ferme</strong></span> <span class='ocrx_word' id='word_1_184' title='bbox 638 2685 836 2758; x_wconf 86' lang='lat' dir='ltr'><strong>secundam</strong></span> <span class='ocrx_word' id='word_1_185' title='bbox 874 2685 1028 2759; x_wconf 89' lang='lat' dir='ltr'><strong>convivii</strong></span> <span class='ocrx_word' id='word_1_186' title='bbox 1066 2697 1211 2786; x_wconf 90' lang='lat' dir='ltr'><strong>tempus</strong></span> <span class='ocrx_word' id='word_1_187' title='bbox 1249 2685 1397 2762; x_wconf 85' lang='lat' dir='ltr'><strong>extraxit.</strong></span> 
     </span>
     <span class='ocr_line' id='line_1_23' title="bbox 172 2795 1428 2890; baseline -0.001 -22"><span class='ocrx_word' id='word_1_188' title='bbox 172 2795 249 2869; x_wconf 86' lang='lat' dir='ltr'><strong>Iam</strong></span> <span class='ocrx_word' id='word_1_189' title='bbox 275 2797 333 2869; x_wconf 90' lang='lat' dir='ltr'><strong>alii</strong></span> <span class='ocrx_word' id='word_1_190' title='bbox 360 2823 406 2871; x_wconf 86' lang='lat' dir='ltr'><strong>ex</strong></span> <span class='ocrx_word' id='word_1_191' title='bbox 438 2797 584 2870; x_wconf 87' lang='lat' dir='ltr'><strong>cohorte</strong></span> <span class='ocrx_word' id='word_1_192' title='bbox 615 2795 653 2868; x_wconf 90' lang='lat' dir='ltr'><strong>in</strong></span> <span class='ocrx_word' id='word_1_193' title='bbox 685 2797 876 2870; x_wconf 82' lang='lat' dir='ltr'><strong>stationem</strong></span> <span class='ocrx_word' id='word_1_194' title='bbox 910 2809 1175 2890; x_wconf 83' lang='lat' dir='ltr'><strong>successerant,</strong></span> <span class='ocrx_word' id='word_1_195' title='bbox 1211 2810 1299 2873; x_wconf 86' lang='lat' dir='ltr'><strong>ante</strong></span> <span class='ocrx_word' id='word_1_196' title='bbox 1323 2795 1428 2871; x_wconf 80' lang='lat' dir='ltr'><strong>cubi-1·</strong></span> 
     </span>
     <span class='ocr_line' id='line_1_24' title="bbox 174 2906 1396 2998; baseline 0.001 -18"><span class='ocrx_word' id='word_1_197' title='bbox 174 2908 242 2980; x_wconf 93' lang='lat' dir='ltr'><strong>culi</strong></span> <span class='ocrx_word' id='word_1_198' title='bbox 274 2909 368 2981; x_wconf 88' lang='lat' dir='ltr'><strong>fores</strong></span> <span class='ocrx_word' id='word_1_199' title='bbox 396 2907 612 2998; x_wconf 90' lang='lat' dir='ltr'><strong>excubituri,</strong></span> <span class='ocrx_word' id='word_1_200' title='bbox 648 2906 766 2980; x_wconf 92' lang='lat' dir='ltr'><strong>adhuc</strong></span> <span class='ocrx_word' id='word_1_201' title='bbox 798 2919 920 2982; x_wconf 90' lang='lat' dir='ltr'><strong>tamen</strong></span> <span class='ocrx_word' id='word_1_202' title='bbox 951 2907 1125 2981; x_wconf 85' lang='lat' dir='ltr'><strong>coniurati</strong></span> <span class='ocrx_word' id='word_1_203' title='bbox 1159 2910 1311 2984; x_wconf 84' lang='lat' dir='ltr'><strong>stabant</strong></span> <span class='ocrx_word' id='word_1_204' title='bbox 1337 2909 1396 2983; x_wconf 89' lang='lat' dir='ltr'><strong>vice</strong></span> 
     </span>
     <span class='ocr_line' id='line_1_25' title="bbox 174 3017 1396 3117; baseline -0.003 -24"><span class='ocrx_word' id='word_1_205' title='bbox 174 3019 279 3093; x_wconf 87' lang='lat' dir='ltr'><strong>officii</strong></span> <span class='ocrx_word' id='word_1_206' title='bbox 305 3021 360 3093; x_wconf 90' lang='lat' dir='ltr'><strong>sui</strong></span> <span class='ocrx_word' id='word_1_207' title='bbox 387 3020 548 3117; x_wconf 82' lang='lat' dir='ltr'><strong>expleta3</strong></span> <span class='ocrx_word' id='word_1_208' title='bbox 581 3017 671 3092; x_wconf 83' lang='lat' dir='ltr'><strong>adeo</strong></span> <span class='ocrx_word' id='word_1_209' title='bbox 697 3018 865 3117; x_wconf 86' lang='lat' dir='ltr'><strong>pertinax</strong></span> <span class='ocrx_word' id='word_1_210' title='bbox 891 3044 973 3116; x_wconf 91' lang='lat' dir='ltr'><strong>spes</strong></span> <span class='ocrx_word' id='word_1_211' title='bbox 999 3029 1070 3109; x_wconf 88' lang='lat' dir='ltr'><strong>est,</strong></span> <span class='ocrx_word' id='word_1_212' title='bbox 1103 3045 1216 3116; x_wconf 89' lang='lat' dir='ltr'><strong>quam</strong></span> <span class='ocrx_word' id='word_1_213' title='bbox 1242 3023 1396 3096; x_wconf 83' lang='lat' dir='ltr'><strong>hummae</strong></span> 
     </span>
     <span class='ocr_line' id='line_1_26' title="bbox 173 3129 1420 3228; baseline 0.002 -26"><span class='ocrx_word' id='word_1_214' title='bbox 173 3141 311 3203; x_wconf 88' lang='lat' dir='ltr'><strong>mentes</strong></span> <span class='ocrx_word' id='word_1_215' title='bbox 338 3130 613 3204; x_wconf 88' lang='lat' dir='ltr'><strong>devoraverunt.</strong></span> <span class='ocrx_word' id='word_1_216' title='bbox 666 3129 747 3203; x_wconf 86' lang='lat' dir='ltr'><strong>Rex</strong></span> <span class='ocrx_word' id='word_1_217' title='bbox 774 3130 959 3228; x_wconf 79' lang='lat' dir='ltr'><strong>benignius</strong></span> <span class='ocrx_word' id='word_1_218' title='bbox 978 3155 1085 3227; x_wconf 89' lang='lat' dir='ltr'><strong>quam</strong></span> <span class='ocrx_word' id='word_1_219' title='bbox 1112 3132 1203 3205; x_wconf 85' lang='lat' dir='ltr'><strong>alias</strong></span> <span class='ocrx_word' id='word_1_220' title='bbox 1232 3134 1420 3215; x_wconf 73' lang='lat' dir='ltr'><strong>allocutus,¹¹</strong></span> 
     </span>
    </p>
   </div>
   <div class='ocr_carea' id='block_1_3' title="bbox 173 3354 1394 3886">
    <p class='ocr_par' dir='ltr' id='par_1_4' title="bbox 173 3354 1394 3773">
     <span class='ocr_line' id='line_1_27' title="bbox 210 3354 1393 3431; baseline 0.001 -21"><span class='ocrx_word' id='word_1_221' title='bbox 210 3355 412 3426; x_wconf 77' lang='lat' dir='ltr'><strong>Cap.22,§.12.</strong></span> <span class='ocrx_word' id='word_1_222' title='bbox 438 3367 527 3412; x_wconf 82' lang='lat' dir='ltr'><strong>mataa</strong></span> <span class='ocrx_word' id='word_1_223' title='bbox 535 3358 594 3421; x_wconf 83' lang='lat' dir='ltr'><strong>fide</strong></span> <span class='ocrx_word' id='word_1_224' title='bbox 612 3357 684 3424; x_wconf 76' lang='lat' dir='ltr'><strong>laete]</strong></span> <span class='ocrx_word' id='word_1_225' title='bbox 710 3356 775 3410; x_wconf 87' lang='lat' dir='ltr'><strong>Mas.</strong></span> <span class='ocrx_word' id='word_1_226' title='bbox 810 3355 1170 3413; x_wconf 82' lang='lat' dir='ltr'><strong>Leid.Voss1Flor.ABC</strong></span> <span class='ocrx_word' id='word_1_227' title='bbox 1198 3358 1250 3415; x_wconf 78' lang='lat' dir='ltr'><strong>alii</strong></span> <span class='ocrx_word' id='word_1_228' title='bbox 1260 3368 1322 3431; x_wconf 79' lang='lat' dir='ltr'><strong>poet</strong></span> <span class='ocrx_word' id='word_1_229' title='bbox 1335 3354 1393 3426; x_wconf 78' lang='lat' dir='ltr'><strong>repti-</strong></span> 
     </span>
     <span class='ocr_line' id='line_1_28' title="bbox 173 3398 1394 3506; baseline 0.005 -29"><span class='ocrx_word' id='word_1_230' title='bbox 173 3440 264 3477; x_wconf 87' lang='lat' dir='ltr'><strong>omnes</strong></span> <span class='ocrx_word' id='word_1_231' title='bbox 281 3441 341 3478; x_wconf 91' lang='lat' dir='ltr'><strong>cum</strong></span> <span class='ocrx_word' id='word_1_232' title='bbox 358 3425 421 3479; x_wconf 89' lang='lat' dir='ltr'><strong>edit.</strong></span> <span class='ocrx_word' id='word_1_233' title='bbox 439 3425 600 3506; x_wconf 87' lang='lat' dir='ltr'><strong>principibus</strong></span> <span class='ocrx_word' id='word_1_234' title='bbox 618 3426 775 3493; x_wconf 81' lang='lat' dir='ltr'><strong>maltcfide‚</strong></span> <span class='ocrx_word' id='word_1_235' title='bbox 810 3443 853 3478; x_wconf 88' lang='lat' dir='ltr'><strong>ma</strong></span> <span class='ocrx_word' id='word_1_236' title='bbox 871 3427 922 3491; x_wconf 84' lang='lat' dir='ltr'><strong>die,</strong></span> <span class='ocrx_word' id='word_1_237' title='bbox 939 3424 1018 3477; x_wconf 83' lang='lat' dir='ltr'><strong>Pal]</strong></span> <span class='ocrx_word' id='word_1_238' title='bbox 1032 3398 1191 3494; x_wconf 67' lang='lat' dir='ltr'><strong>aluenni,</strong></span> <span class='ocrx_word' id='word_1_239' title='bbox 1204 3439 1273 3498; x_wconf 77' lang='lat' dir='ltr'><strong>post</strong></span> <span class='ocrx_word' id='word_1_240' title='bbox 1287 3426 1394 3498; x_wconf 66' lang='lat' dir='ltr'><strong>septim!</strong></span> 
     </span>
     <span class='ocr_line' id='line_1_29' title="bbox 174 3488 1394 3563; baseline 0.005 -20"><span class='ocrx_word' id='word_1_241' title='bbox 174 3502 263 3544; x_wconf 82' lang='lat' dir='ltr'><strong>mutua</strong></span> <span class='ocrx_word' id='word_1_242' title='bbox 292 3502 365 3547; x_wconf 86' lang='lat' dir='ltr'><strong>recte</strong></span> <span class='ocrx_word' id='word_1_243' title='bbox 395 3496 545 3548; x_wconf 84' lang='lat' dir='ltr'><strong>emendavrt</strong></span> <span class='ocrx_word' id='word_1_244' title='bbox 569 3493 661 3547; x_wconf 86' lang='lat' dir='ltr'><strong>Aldus.</strong></span> <span class='ocrx_word' id='word_1_245' title='bbox 706 3494 776 3546; x_wconf 86' lang='lat' dir='ltr'><strong>Tum</strong></span> <span class='ocrx_word' id='word_1_246' title='bbox 812 3496 877 3546; x_wconf 80' lang='lat' dir='ltr'><strong>diem</strong></span> <span class='ocrx_word' id='word_1_247' title='bbox 886 3491 949 3546; x_wconf 91' lang='lat' dir='ltr'><strong>deni</strong></span> <span class='ocrx_word' id='word_1_248' title='bbox 968 3509 1001 3544; x_wconf 89' lang='lat' dir='ltr'><strong>ue</strong></span> <span class='ocrx_word' id='word_1_249' title='bbox 1011 3493 1144 3563; x_wconf 80' lang='lat' dir='ltr'><strong>expressis</strong></span> <span class='ocrx_word' id='word_1_250' title='bbox 1152 3494 1243 3551; x_wconf 79' lang='lat' dir='ltr'><strong>literis</strong></span> <span class='ocrx_word' id='word_1_251' title='bbox 1260 3488 1394 3551; x_wconf 71' lang='lat' dir='ltr'><strong>Florllsstt</strong></span> 
     </span>
     <span class='ocr_line' id='line_1_30' title="bbox 174 3559 1393 3619; baseline 0.007 -7"><span class='ocrx_word' id='word_1_252' title='bbox 174 3559 281 3612; x_wconf 86' lang='lat' dir='ltr'><strong>additur</strong></span> <span class='ocrx_word' id='word_1_253' title='bbox 302 3562 337 3614; x_wconf 86' lang='lat' dir='ltr'><strong>ad</strong></span> <span class='ocrx_word' id='word_1_254' title='bbox 360 3572 396 3616; x_wconf 89' lang='lat' dir='ltr'><strong>tot</strong></span> <span class='ocrx_word' id='word_1_255' title='bbox 417 3567 472 3616; x_wconf 81' lang='lat' dir='ltr'><strong>dies</strong></span> <span class='ocrx_word' id='word_1_256' title='bbox 498 3564 631 3616; x_wconf 76' lang='lat' dir='ltr'><strong>silentio</strong></span> <span class='ocrx_word' id='word_1_257' title='bbox 658 3564 723 3616; x_wconf 79' lang='lat' dir='ltr'><strong>acti</strong></span> <span class='ocrx_word' id='word_1_258' title='bbox 747 3562 776 3614; x_wconf 91' lang='lat' dir='ltr'><strong>in</strong></span> <span class='ocrx_word' id='word_1_259' title='bbox 810 3562 886 3616; x_wconf 84' lang='lat' dir='ltr'><strong>Voss.</strong></span> <span class='ocrx_word' id='word_1_260' title='bbox 896 3570 920 3614; x_wconf 84' lang='lat'><strong>2.</strong></span> <span class='ocrx_word' id='word_1_261' title='bbox 1004 3561 1185 3617; x_wconf 83' lang='lat' dir='ltr'><strong>Bernenaibus</strong></span> <span class='ocrx_word' id='word_1_262' title='bbox 1201 3565 1273 3619; x_wconf 86' lang='lat' dir='ltr'><strong>nihil</strong></span> <span class='ocrx_word' id='word_1_263' title='bbox 1288 3568 1393 3619; x_wconf 60' lang='lat' dir='ltr'><strong>eum·</strong></span> 
     </span>
     <span class='ocr_line' id='line_1_31' title="bbox 174 3625 1393 3701; baseline 0.008 -20"><span class='ocrx_word' id='word_1_264' title='bbox 174 3628 246 3682; x_wconf 84' lang='lat' dir='ltr'><strong>Flor.</strong></span> <span class='ocrx_word' id='word_1_265' title='bbox 269 3628 321 3682; x_wconf 85' lang='grc' dir='ltr'><strong>ΕΗ</strong></span> <span class='ocrx_word' id='word_1_266' title='bbox 351 3630 431 3684; x_wconf 88' lang='lat' dir='ltr'><strong>Bern.</strong></span> <span class='ocrx_word' id='word_1_267' title='bbox 454 3632 493 3698; x_wconf 90' lang='lat' dir='ltr'><strong>B,</strong></span> <span class='ocrx_word' id='word_1_268' title='bbox 526 3630 553 3683; x_wconf 93' lang='lat' dir='ltr'><strong>in</strong></span> <span class='ocrx_word' id='word_1_269' title='bbox 579 3648 632 3701; x_wconf 90' lang='lat' dir='ltr'><strong>quo</strong></span> <span class='ocrx_word' id='word_1_270' title='bbox 657 3629 776 3684; x_wconf 89' lang='lat' dir='ltr'><strong>scholion</strong></span> <span class='ocrx_word' id='word_1_271' title='bbox 845 3632 920 3698; x_wconf 61' lang='lat' dir='ltr'><strong>§.ln</strong></span> <span class='ocrx_word' id='word_1_272' title='bbox 939 3632 1095 3700; x_wconf 72' lang='lat' dir='ltr'><strong>quamtum</strong></span> <span class='ocrx_word' id='word_1_273' title='bbox 1105 3642 1205 3686; x_wconf 75' lang='lat' dir='ltr'><strong>menter</strong></span> <span class='ocrx_word' id='word_1_274' title='bbox 1220 3625 1393 3691; x_wconf 57' lang='lat' dir='ltr'><strong>sarmul</strong></span> 
     </span>
     <span class='ocr_line' id='line_1_32' title="bbox 174 3696 1393 3773; baseline 0.006 -23"><span class='ocrx_word' id='word_1_275' title='bbox 174 3714 309 3767; x_wconf 82' lang='lat' dir='ltr'><strong>agnoscas.</strong></span> <span class='ocrx_word' id='word_1_276' title='bbox 810 3696 879 3750; x_wconf 83' lang='lat' dir='ltr'><strong>Edd.</strong></span> <span class='ocrx_word' id='word_1_277' title='bbox 896 3714 974 3767; x_wconf 79' lang='lat' dir='ltr'><strong>quam</strong></span> <span class='ocrx_word' id='word_1_278' title='bbox 990 3700 1120 3751; x_wconf 73' lang='lat' dir='ltr'><strong>tamarae</strong></span> <span class='ocrx_word' id='word_1_279' title='bbox 1142 3712 1260 3770; x_wconf 73' lang='lat' dir='ltr'><strong>mentes,</strong></span> <span class='ocrx_word' id='word_1_280' title='bbox 1285 3696 1393 3773; x_wconf 68' lang='lat' dir='ltr'><strong>penit·</strong></span> 
     </span>
    </p>

    <p class='ocr_par' dir='ltr' id='par_1_5' title="bbox 209 3765 1394 3886">
     <span class='ocr_line' id='line_1_33' title="bbox 209 3765 1394 3886; baseline 0.003 -68"><span class='ocrx_word' id='word_1_281' title='bbox 209 3771 232 3831; x_wconf 72' lang='lat' dir='ltr'><strong>s.</strong></span> <span class='ocrx_word' id='word_1_282' title='bbox 249 3773 289 3820; x_wconf 88' lang='lat'><strong>14.</strong></span> <span class='ocrx_word' id='word_1_283' title='bbox 325 3767 479 3820; x_wconf 80' lang='lat' dir='ltr'><strong>laetantibus</strong></span> <span class='ocrx_word' id='word_1_284' title='bbox 498 3768 651 3834; x_wconf 77' lang='lat' dir='ltr'><strong>coniuratis]</strong></span> <span class='ocrx_word' id='word_1_285' title='bbox 687 3766 776 3837; x_wconf 80' lang='lat' dir='ltr'><strong>Vulgo</strong></span> <span class='ocrx_word' id='word_1_286' title='bbox 809 3776 898 3886; x_wconf 75' lang='lat' dir='ltr'><strong>pentes</strong></span> <span class='ocrx_word' id='word_1_287' title='bbox 911 3767 1136 3885; x_wconf 66' lang='lat' dir='ltr'><strong>concupiscentiae</strong></span> <span class='ocrx_word' id='word_1_288' title='bbox 1150 3772 1317 3836; x_wconf 75' lang='lat' dir='ltr'><strong>denormat,</strong></span> <span class='ocrx_word' id='word_1_289' title='bbox 1328 3765 1394 3833; x_wconf 67' lang='lat' dir='ltr'><strong>inqtl⁸</strong></span> 
     </span>
    </p>
   </div>
   <div class='ocr_carea' id='block_1_4' title="bbox 55 3833 1394 4453">
    <p class='ocr_par' dir='ltr' id='par_1_6' title="bbox 55 3833 1394 4453">
     <span class='ocr_line' id='line_1_34' title="bbox 174 3833 1393 3907; baseline 0.001 -19"><span class='ocrx_word' id='word_1_290' title='bbox 174 3836 269 3900; x_wconf 82' lang='lat' dir='ltr'><strong>laetis,·</strong></span> <span class='ocrx_word' id='word_1_291' title='bbox 294 3854 343 3889; x_wconf 89' lang='lat' dir='ltr'><strong>nos</strong></span> <span class='ocrx_word' id='word_1_292' title='bbox 369 3834 501 3906; x_wconf 83' lang='lat' dir='ltr'><strong>sequimur</strong></span> <span class='ocrx_word' id='word_1_293' title='bbox 527 3834 773 3902; x_wconf 71' lang='lat' dir='ltr'><strong>leid.Voss.1,2</strong></span> <span class='ocrx_word' id='word_1_294' title='bbox 820 3833 922 3887; x_wconf 87' lang='lat' dir='ltr'><strong>ectione</strong></span> <span class='ocrx_word' id='word_1_295' title='bbox 939 3842 1023 3886; x_wconf 84' lang='lat' dir='ltr'><strong>mute</strong></span> <span class='ocrx_word' id='word_1_296' title='bbox 1040 3834 1184 3904; x_wconf 86' lang='lat' dir='ltr'><strong>displicent</strong></span> <span class='ocrx_word' id='word_1_297' title='bbox 1208 3846 1241 3891; x_wconf 85' lang='lat' dir='ltr'><strong>et</strong></span> <span class='ocrx_word' id='word_1_298' title='bbox 1257 3836 1319 3893; x_wconf 87' lang='lat' dir='ltr'><strong>olim</strong></span> <span class='ocrx_word' id='word_1_299' title='bbox 1332 3834 1393 3907; x_wconf 59' lang='lat' dir='ltr'><strong>inlu:</strong></span> 
     </span>
     <span class='ocr_line' id='line_1_35' title="bbox 173 3896 1394 3975; baseline 0.004 -20"><span class='ocrx_word' id='word_1_300' title='bbox 173 3903 253 3956; x_wconf 89' lang='lat' dir='ltr'><strong>Bem.</strong></span> <span class='ocrx_word' id='word_1_301' title='bbox 271 3903 321 3956; x_wconf 85' lang='lat' dir='ltr'><strong>AB</strong></span> <span class='ocrx_word' id='word_1_302' title='bbox 344 3904 415 3958; x_wconf 87' lang='lat' dir='ltr'><strong>Flor.</strong></span> <span class='ocrx_word' id='word_1_303' title='bbox 433 3901 568 3956; x_wconf 85' lang='lat' dir='ltr'><strong>ABCEH.</strong></span> <span class='ocrx_word' id='word_1_304' title='bbox 602 3902 671 3955; x_wconf 91' lang='lat' dir='ltr'><strong>Item</strong></span> <span class='ocrx_word' id='word_1_305' title='bbox 732 3902 775 3957; x_wconf 93' lang='lat' dir='ltr'><strong>ulo</strong></span> <span class='ocrx_word' id='word_1_306' title='bbox 809 3902 930 3973; x_wconf 86' lang='lat' dir='ltr'><strong>pretibus</strong></span> <span class='ocrx_word' id='word_1_307' title='bbox 946 3902 1155 3972; x_wconf 78' lang='lat' dir='ltr'><strong>displicuerunt3</strong></span> <span class='ocrx_word' id='word_1_308' title='bbox 1182 3922 1272 3975; x_wconf 80' lang='lat' dir='ltr'><strong>geum</strong></span> <span class='ocrx_word' id='word_1_309' title='bbox 1295 3896 1394 3975; x_wconf 64' lang='lat' dir='ltr'><strong>laquo&amp;</strong></span> 
     </span>
     <span class='ocr_line' id='line_1_36' title="bbox 172 3920 1394 4041; baseline 0.005 -17"><span class='ocrx_word' id='word_1_310' title='bbox 172 3979 234 4041; x_wconf 85' lang='lat' dir='ltr'><strong>post</strong></span> <span class='ocrx_word' id='word_1_311' title='bbox 252 3989 343 4024; x_wconf 89' lang='lat' dir='ltr'><strong>omnes</strong></span> <span class='ocrx_word' id='word_1_312' title='bbox 360 3970 442 4025; x_wconf 88' lang='lat' dir='ltr'><strong>nostri</strong></span> <span class='ocrx_word' id='word_1_313' title='bbox 459 3971 562 4024; x_wconf 86' lang='lat' dir='ltr'><strong>codices</strong></span> <span class='ocrx_word' id='word_1_314' title='bbox 580 3920 775 4025; x_wconf 56' lang='lat' dir='ltr'><strong>etheidilaoss.</strong></span> <span class='ocrx_word' id='word_1_315' title='bbox 810 3988 882 4040; x_wconf 81' lang='lat' dir='ltr'><strong>spem</strong></span> <span class='ocrx_word' id='word_1_316' title='bbox 901 3973 1036 4035; x_wconf 83' lang='lat' dir='ltr'><strong>devovere,</strong></span> <span class='ocrx_word' id='word_1_317' title='bbox 1062 3969 1151 4041; x_wconf 83' lang='lat' dir='ltr'><strong>ipsum</strong></span> <span class='ocrx_word' id='word_1_318' title='bbox 1167 3974 1283 4029; x_wconf 84' lang='lat' dir='ltr'><strong>verbum</strong></span> <span class='ocrx_word' id='word_1_319' title='bbox 1298 3966 1394 4037; x_wconf 67' lang='lat' dir='ltr'><strong>mml-</strong></span> 
     </span>
     <span class='ocr_line' id='line_1_37' title="bbox 61 4037 1394 4111; baseline 0.002 -20"><span class='ocrx_word' id='word_1_320' title='bbox 61 4104 64 4109; x_wconf 87' lang='lat'><strong>.</strong></span> <span class='ocrx_word' id='word_1_321' title='bbox 175 4047 187 4091; x_wconf 91' lang='lat'>1</span> <span class='ocrx_word' id='word_1_322' title='bbox 208 4042 352 4094; x_wconf 77' lang='lat' dir='ltr'><strong>extraheret</strong></span> <span class='ocrx_word' id='word_1_323' title='bbox 373 4057 423 4111; x_wconf 86' lang='lat' dir='ltr'><strong>pro</strong></span> <span class='ocrx_word' id='word_1_324' title='bbox 440 4038 511 4109; x_wconf 85' lang='lat' dir='ltr'><strong>vulg.</strong></span> <span class='ocrx_word' id='word_1_325' title='bbox 530 4041 707 4094; x_wconf 72' lang='lat' dir='ltr'><strong>extraheretur</strong></span> <span class='ocrx_word' id='word_1_326' title='bbox 730 4056 776 4093; x_wconf 84' lang='lat' dir='ltr'><strong>ex·</strong></span> <span class='ocrx_word' id='word_1_327' title='bbox 810 4040 935 4104; x_wconf 77' lang='lat' dir='ltr'><strong>scantiae,</strong></span> <span class='ocrx_word' id='word_1_328' title='bbox 957 4037 1083 4092; x_wconf 81' lang='lat' dir='ltr'><strong>ecelesiae</strong></span> <span class='ocrx_word' id='word_1_329' title='bbox 1098 4039 1226 4109; x_wconf 78' lang='lat' dir='ltr'><strong>patribus</strong></span> <span class='ocrx_word' id='word_1_330' title='bbox 1248 4060 1303 4097; x_wconf 80' lang='lat' dir='ltr'><strong>non</strong></span> <span class='ocrx_word' id='word_1_331' title='bbox 1318 4038 1394 4093; x_wconf 71' lang='lat' dir='ltr'><strong>Bm</strong></span> 
     </span>
     <span class='ocr_line' id='line_1_38' title="bbox 55 4102 1393 4179; baseline -0.002 -19"><span class='ocrx_word' id='word_1_332' title='bbox 55 4111 57 4115; x_wconf 85' lang='lat'>&#39;</span> <span class='ocrx_word' id='word_1_333' title='bbox 169 4102 276 4179; x_wconf 71' lang='lat' dir='ltr'><strong>bibent.</strong></span> <span class='ocrx_word' id='word_1_334' title='bbox 323 4116 326 4123; x_wconf 86' lang='lat'>&#39;</span> <span class='ocrx_word' id='word_1_335' title='bbox 809 4107 851 4161; x_wconf 84' lang='lat' dir='ltr'><strong>nis</strong></span> <span class='ocrx_word' id='word_1_336' title='bbox 868 4106 1020 4160; x_wconf 84' lang='lat' dir='ltr'><strong>auctoribus</strong></span> <span class='ocrx_word' id='word_1_337' title='bbox 1036 4105 1185 4175; x_wconf 71' lang='lat' dir='ltr'><strong>usitatum</strong></span> <span class='ocrx_word' id='word_1_338' title='bbox 1207 4110 1257 4165; x_wconf 79' lang='lat' dir='ltr'><strong>aed</strong></span> <span class='ocrx_word' id='word_1_339' title='bbox 1292 4106 1393 4161; x_wconf 65' lang='lat' dir='ltr'><strong>norw</strong></span> 
     </span>
     <span class='ocr_line' id='line_1_39' title="bbox 169 4174 1393 4249; baseline 0.003 -20"><span class='ocrx_word' id='word_1_340' title='bbox 169 4216 172 4239; x_wconf 76' lang='grc'>,</span> <span class='ocrx_word' id='word_1_341' title='bbox 208 4178 283 4245; x_wconf 64' lang='lat' dir='ltr'><strong>§.la</strong></span> <span class='ocrx_word' id='word_1_342' title='bbox 343 4185 399 4229; x_wconf 76' lang='lat' dir='ltr'><strong>ets</strong></span> <span class='ocrx_word' id='word_1_343' title='bbox 432 4178 518 4229; x_wconf 81' lang='lat' dir='ltr'><strong>timum</strong></span> <span class='ocrx_word' id='word_1_344' title='bbox 536 4176 613 4244; x_wconf 82' lang='lat' dir='ltr'><strong>diem]</strong></span> <span class='ocrx_word' id='word_1_345' title='bbox 641 4174 686 4230; x_wconf 92' lang='lat' dir='ltr'><strong>Sic</strong></span> <span class='ocrx_word' id='word_1_346' title='bbox 701 4174 775 4229; x_wconf 86' lang='lat' dir='ltr'><strong>vide·</strong></span> <span class='ocrx_word' id='word_1_347' title='bbox 809 4177 910 4229; x_wconf 86' lang='lat' dir='ltr'><strong>ximum</strong></span> <span class='ocrx_word' id='word_1_348' title='bbox 932 4182 973 4227; x_wconf 86' lang='lat' dir='ltr'><strong>est</strong></span> <span class='ocrx_word' id='word_1_349' title='bbox 995 4174 1096 4229; x_wconf 77' lang='lat' dir='ltr'><strong>violate</strong></span> <span class='ocrx_word' id='word_1_350' title='bbox 1116 4176 1186 4231; x_wconf 79' lang='lat' dir='ltr'><strong>fides</strong></span> <span class='ocrx_word' id='word_1_351' title='bbox 1207 4176 1270 4233; x_wconf 78' lang='grc' dir='ltr'><strong>ω’</strong></span> <span class='ocrx_word' id='word_1_352' title='bbox 1349 4184 1393 4249; x_wconf 56' lang='grc' dir='ltr'><strong>νς</strong></span> 
     </span>
     <span class='ocr_line' id='line_1_40' title="bbox 173 4240 1393 4319; baseline 0.002 -22"><span class='ocrx_word' id='word_1_353' title='bbox 173 4243 252 4297; x_wconf 80' lang='lat' dir='ltr'><strong>batur</strong></span> <span class='ocrx_word' id='word_1_354' title='bbox 269 4244 386 4298; x_wconf 89' lang='lat' dir='ltr'><strong>coicum</strong></span> <span class='ocrx_word' id='word_1_355' title='bbox 421 4245 468 4298; x_wconf 87' lang='lat' dir='ltr'><strong>des</strong></span> <span class='ocrx_word' id='word_1_356' title='bbox 485 4243 619 4315; x_wconf 81' lang='lat' dir='ltr'><strong>postulare</strong></span> <span class='ocrx_word' id='word_1_357' title='bbox 635 4252 666 4297; x_wconf 92' lang='lat' dir='ltr'><strong>ut</strong></span> <span class='ocrx_word' id='word_1_358' title='bbox 679 4242 775 4299; x_wconf 84' lang='lat' dir='ltr'><strong>scribe·</strong></span> <span class='ocrx_word' id='word_1_359' title='bbox 809 4242 908 4297; x_wconf 81' lang='lat' dir='ltr'><strong>debito.</strong></span> <span class='ocrx_word' id='word_1_360' title='bbox 936 4240 1089 4297; x_wconf 79' lang='lat' dir='ltr'><strong>Inciderant</strong></span> <span class='ocrx_word' id='word_1_361' title='bbox 1105 4245 1244 4319; x_wconf 74' lang='lat' dir='ltr'><strong>principes</strong></span> <span class='ocrx_word' id='word_1_362' title='bbox 1260 4244 1393 4301; x_wconf 69' lang='lat' dir='ltr'><strong>edim!</strong></span> 
     </span>
     <span class='ocr_line' id='line_1_41' title="bbox 70 4310 1393 4383; baseline 0 -18"><span class='ocrx_word' id='word_1_363' title='bbox 70 4312 78 4321; x_wconf 86' lang='grc'>”</span> <span class='ocrx_word' id='word_1_364' title='bbox 172 4319 260 4377; x_wconf 84' lang='lat' dir='ltr'><strong>retur,</strong></span> <span class='ocrx_word' id='word_1_365' title='bbox 290 4330 349 4367; x_wconf 91' lang='lat' dir='ltr'><strong>cum</strong></span> <span class='ocrx_word' id='word_1_366' title='bbox 370 4312 450 4383; x_wconf 86' lang='lat' dir='ltr'><strong>vulgo</strong></span> <span class='ocrx_word' id='word_1_367' title='bbox 471 4321 542 4366; x_wconf 87' lang='lat' dir='ltr'><strong>esset</strong></span> <span class='ocrx_word' id='word_1_368' title='bbox 558 4322 623 4383; x_wconf 82' lang='lat' dir='ltr'><strong>post</strong></span> <span class='ocrx_word' id='word_1_369' title='bbox 639 4327 684 4365; x_wconf 91' lang='lat' dir='ltr'><strong>v11</strong></span> <span class='ocrx_word' id='word_1_370' title='bbox 701 4314 774 4366; x_wconf 82' lang='lat' dir='ltr'><strong>dies:</strong></span> <span class='ocrx_word' id='word_1_371' title='bbox 809 4312 890 4367; x_wconf 86' lang='lat' dir='ltr'><strong>libros</strong></span> <span class='ocrx_word' id='word_1_372' title='bbox 907 4319 1054 4382; x_wconf 79' lang='lat' dir='ltr'><strong>corruptor,</strong></span> <span class='ocrx_word' id='word_1_373' title='bbox 1071 4328 1124 4365; x_wconf 88' lang='lat' dir='ltr'><strong>nec</strong></span> <span class='ocrx_word' id='word_1_374' title='bbox 1137 4310 1393 4381; x_wconf 66' lang='lat' dir='ltr'><strong>temaninulloqu</strong></span> 
     </span>
     <span class='ocr_line' id='line_1_42' title="bbox 173 4379 1393 4453; baseline 0.008 -22"><span class='ocrx_word' id='word_1_375' title='bbox 173 4379 294 4451; x_wconf 86' lang='lat' dir='ltr'><strong>plerique</strong></span> <span class='ocrx_word' id='word_1_376' title='bbox 313 4380 384 4434; x_wconf 89' lang='lat' dir='ltr'><strong>enim</strong></span> <span class='ocrx_word' id='word_1_377' title='bbox 404 4389 433 4435; x_wconf 91' lang='lat' dir='ltr'><strong>et</strong></span> <span class='ocrx_word' id='word_1_378' title='bbox 455 4380 549 4451; x_wconf 83' lang='lat' dir='ltr'><strong>optimi</strong></span> <span class='ocrx_word' id='word_1_379' title='bbox 565 4390 628 4451; x_wconf 80' lang='lat' dir='ltr'><strong>poet</strong></span> <span class='ocrx_word' id='word_1_380' title='bbox 645 4396 690 4436; x_wconf 87' lang='lat' dir='ltr'><strong>vu</strong></span> <span class='ocrx_word' id='word_1_381' title='bbox 707 4382 775 4435; x_wconf 82' lang='lat' dir='ltr'><strong>diem</strong></span> <span class='ocrx_word' id='word_1_382' title='bbox 808 4382 894 4437; x_wconf 80' lang='lat' dir='ltr'><strong>adhuc</strong></span> <span class='ocrx_word' id='word_1_383' title='bbox 907 4379 1086 4451; x_wconf 80' lang='lat' dir='ltr'><strong>cognovimus,</strong></span> <span class='ocrx_word' id='word_1_384' title='bbox 1102 4380 1393 4453; x_wconf 63' lang='lat' dir='ltr'><strong>Malcedonum</strong></span> 
     </span>
    </p>
   </div>
   <div class='ocr_carea' id='block_1_5' title="bbox 0 0 1497 5176">
    <p class='ocr_par' dir='ltr' id='par_1_7' title="bbox 0 0 1497 5176">
     <span class='ocr_line' id='line_1_43' title="bbox 0 0 1497 5176; baseline 0 0"><span class='ocrx_word' id='word_1_385' title='bbox 0 0 1497 5176; x_wconf 95' lang='lat' dir='ltr'><strong> </strong></span> 
     </span>
    </p>
   </div>
  </div>
 </body>
</html>
