2926 5174
164 307 243 379 '120
669 317 703 380 o.
731 316 854 370 cunrrr
879 317 965 368 surr

168 509 242 586 Sed
255 506 446 581 Parmenio
473 505 657 594 deterruit,
676 529 750 576 non
776 528 855 576 esse
880 497 1013 574 talibus
1040 493 1232 598 promissis
1259 496 1408 568 imbuen·
1421 516 1439 563 rr

167 623 233 696 das
266 636 370 692 aures
405 617 558 689 militum
593 615 792 688 affirmans:
828 625 953 714 patere
980 611 1039 684 vel
1064 609 1172 682 unius
1200 606 1341 680 insidiis
1355 632 1409 693 ,re-

166 757 267 833 gem:
294 728 382 801 nihil
407 729 508 801 nefas
535 752 615 800 esse
641 727 822 799 avaritiae.
876 721 1028 797 Secutus
1054 718 1194 793 consilii
1221 728 1407 804 auctorem,
1420 735 1439 782 a

167 854 287 918 castra
311 839 435 912 movit.

114 959 163 1030 ’41
270 952 344 1025 Iter
375 950 519 1022 facienti
551 949 664 1046 spado
691 973 712 1021 e
739 946 909 1043 captivis,
943 945 1002 1042 qui
1027 942 1137 1017 Darei
1170 964 1331 1014 uxorem
1360 962 1406 1010 co
1418 956 1437 1004 a

165 1064 401 1152 mitabantur,
438 1059 589 1133 deficere
616 1085 695 1133 eam
721 1058 882 1148 nuntiat,
918 1070 955 1129 et
980 1057 1043 1129 vix
1078 1054 1250 1153 spiritum
1279 1052 1406 1125 ducere.

164 1176 305 1251 Itineris
333 1171 492 1245 continui
517 1170 642 1243 labore
668 1168 850 1263 animique
877 1168 1097 1265 aegritudine
1123 1167 1299 1265 fatigata,
1326 1165 1406 1236 inter

163 1311 288 1362 socrus
316 1296 353 1357 et
379 1284 559 1382 virginum
584 1282 738 1354 filiarum
764 1305 893 1353 manus
920 1280 1077 1376 collapsa
1103 1289 1194 1368 erat,
1224 1275 1356 1350 deinde
1377 1285 1406 1347 et

165 1399 335 1474 extincta.
373 1394 417 1468 ld
443 1396 561 1493 ipsum
586 1394 758 1466 nuntians
785 1395 875 1466 alius
902 1390 1118 1489 supervenit.
1158 1387 1212 1461 Et
1238 1413 1310 1461 rex
1322 1383 1437 1460 haudo

165 1533 289 1596 secus,
324 1531 433 1601 quam
460 1507 490 1578 si
516 1503 675 1603 parentis
701 1528 799 1575 mors
827 1504 990 1576 nuntiata
1017 1511 1129 1591 esset,
1166 1502 1321 1573 crebros
1347 1497 1405 1571 edi·

166 1620 220 1693 dit
246 1615 411 1715 gemitus,
437 1615 663 1711 lacrimisque
689 1614 836 1705 obortis,
863 1613 985 1710 quales
1011 1612 1152 1685 Dareus
1182 1610 1406 1710 profudisset

163 1732 203 1804 i‘n
228 1726 515 1817 tabernaculum,
549 1727 586 1797 in
618 1751 689 1822 quo
716 1737 831 1797 mater
857 1735 934 1797 erat
959 1722 1084 1815 Darei,
1118 1723 1301 1796 defuncto
1335 1719 1405 1793 assi·

166 1841 256 1914 dens
293 1836 450 1933 corpori,
485 1837 594 1908 venit.
652 1834 721 1907 Hic
753 1861 839 1909 vero
872 1845 1066 1909 renovatus
1102 1844 1159 1906 est
1187 1859 1350 1924 maeror,
1373 1841 1407 1903 ut
1416 1845 1434 1894 21

166 1958 387 2051 prostratam
424 1946 523 2019 humi
562 1946 663 2019 vidit.
736 1947 883 2020 Recenti
926 1946 1020 2018 malo
1065 1946 1234 2043 priorum
1278 1968 1408 2043 quoque
1462 2016 1463 2031 ,

166 2058 366 2147 admonita,
402 2069 587 2155 receperat
618 2059 655 2130 in
688 2059 862 2156 gremium
894 2056 1035 2129 adultas
1067 2056 1250 2155 virgines,
1287 2080 1409 2154 magna
1462 2100 1463 2129 ;

167 2169 312 2268 quidem
337 2167 452 2239 mutui
480 2166 612 2239 doloris
640 2169 776 2259 solatia,
804 2168 869 2242 sed
894 2168 1022 2264 quibus
1048 2168 1128 2265 ipsa
1155 2166 1316 2240 deberet
1342 2191 1409 2240 esse

168 2279 307 2354 solatio.
359 2275 402 2347 In
434 2289 629 2373 conspectu
665 2291 743 2352 erat
775 2305 886 2377 nepos
913 2279 1101 2377 parvulus,
1138 2278 1187 2350 ob
1223 2278 1265 2350 id
1302 2279 1435 2377 ipsunt

168 2387 390 2476 miserabilis,
404 2386 502 2482 quod
528 2389 689 2462 nondum
715 2391 892 2465 sentiebat
918 2389 1168 2479 calamitatem,
1184 2415 1235 2462 ex
1263 2390 1410 2462 maxima

206 2577 231 2640 s.
249 2577 291 2624 17.
325 2587 377 2623 aon
395 2586 451 2622 esse
467 2600 502 2612 -
525 2572 676 2643 offianoas]
712 2575 777 2629 Noa
811 2574 880 2626 endo
900 2589 954 2626 non
976 2573 1074 2626 abeunt
1092 2588 1107 2624 a
1127 2571 1226 2627 Curtio
1245 2582 1276 2627 et
1293 2573 1409 2636 Diodoro,

168 2642 199 2696 in
215 2639 349 2712 plerisque
366 2638 441 2691 codd.
463 2638 545 2692 etiarn
567 2641 675 2711 optimis
692 2643 778 2710 deest,
812 2650 844 2696 ut
862 2650 933 2696 certe
949 2658 1096 2722 praegnans
1112 2640 1196 2693 fuisse
1215 2659 1251 2694 ex
1258 2642 1348 2696 Dareo
1367 2657 1410 2693 non

169 2718 263 2780 estque
293 2706 407 2788 primum
439 2723 455 2758 a
485 2707 581 2762 Modio
615 2710 779 2765 restitutum.
813 2709 940 2780 potuerit.
973 2709 1044 2774 Qurd
1061 2708 1099 2762 rei
1117 2709 1201 2762 fuerit
1218 2710 1324 2764 inutilis
1340 2707 1409 2778 suspi-

171 2779 242 2832 Sane
265 2775 382 2842 mrrcris,
409 2775 455 2828 sed
482 2777 626 2832 innumeris
651 2780 780 2851 exemplis
816 2779 857 2832 cio
876 2785 929 2830 est:
954 2780 1000 2830 sed
1027 2776 1120 2830 anxias
1145 2778 1232 2831 Darei
1257 2779 1411 2850 quaestiones

170 2845 258 2901 edocti
276 2844 322 2916 qui
339 2862 395 2897 rem
409 2843 529 2898 criticam
542 2846 670 2900 factitant
680 2864 780 2919 cogno-
816 2849 849 2900 de
857 2847 1010 2900 Alexandro
1028 2846 1160 2916 singulare
1179 2847 1286 2918 aliquid
1304 2845 1411 2902 auidise

169 2922 267 2969 rerunt
284 2912 349 2966 nihil
368 2912 483 2966 crebrius
501 2914 558 2968 fieri
580 2934 661 2995 quam
678 2925 709 2970 ut
726 2918 781 2971 ista
815 2914 954 2969 verisimile
971 2915 1076 2968 faciunt.

168 2982 284 3054 negandi
307 2982 438 3051 particula
460 3000 477 3035 a
494 2982 609 3037 librarirs
628 2984 780 3040 omittatur.
851 2988 874 3052 §-
893 2990 934 3036 20.
972 2985 1094 3052 pareatis
1116 2987 1200 3051 mors]
1249 2985 1332 3040 Omisi
1355 2997 1410 3036 sace

170 3052 213 3108 cf.
232 3069 279 3106 nos
303 3052 336 3103 ad
364 3051 418 3106 Cic.
436 3050 464 3103 in
481 3051 559 3105 Verr.
576 3066 602 3117 1,
627 3059 673 3120 15,
699 3059 723 3119 §.
744 3061 778 3108 39
815 3069 875 3105 cum
893 3051 997 3118 Modio,
1020 3051 1220 3120 postulantibus
1245 3055 1319 3108 haud
1337 3047 1412 3124 paucis

168 3129 198 3175 et
216 3119 391 3174 Goerenzium
409 3121 442 3173 ad
462 3118 516 3173 Cic.
535 3122 569 3173 de
586 3120 630 3172 fin.
649 3136 669 3187 1,
691 3129 732 3189 16,
744 3128 780 3175 50
815 3128 844 3173 et
863 3139 878 3175 o
898 3119 968 3172 timis
986 3119 1127 3185 codicibus,
1146 3119 1413 3178 Leid.Voss.1Bern.

169 3198 198 3243 et
215 3204 247 3256 11,
268 3195 309 3254 12,
328 3195 370 3242 35.
402 3188 560 3258 Affirmant,
581 3190 651 3256 quod
669 3190 779 3245 Modius
814 3190 841 3240 A
858 3139 930 3243 Flor.
948 3188 998 3241 AB
1017 3188 1109 3241 adhoc
1126 3188 1202 3242 Flor.
1215 3190 1298 3245 CEH
1314 3186 1410 3244 BernB

168 3257 389 3327 interpolatorum
407 3255 619 3323 supplementum
636 3267 710 3311 ratus
724 3260 779 3312 eie·
813 3257 891 3311 Voss.
911 3263 935 3310 2.
970 3263 1060 3326 Atque
1083 3257 1148 3309 haec
1173 3256 1336 3314 Latinitatis
1368 3252 1411 3308 ussi

169 3325 222 3390 cit,
249 3342 303 3376 non
324 3323 401 3393 potui
424 3340 477 3374 non
502 3323 529 3374 in
553 3330 630 3377 tanto
648 3342 779 3380 consensu
813 3325 860 3379 lex
886 3333 940 3391 est,
971 3333 1003 3377 ut
1027 3325 1055 3376 in
1078 3325 1250 3393 cognationis
1281 3326 1375 3382 nomin
1389 3337 1412 3374 ¹1⁸

169 3393 245 3446 codd.
274 3391 368 3445 Curtio
399 3389 548 3442 restituere.
591 3392 686 3445 Potest
713 3411 778 3448 sanc
813 3393 974 3448 adiectirum
1010 3393 1173 3446 ronominale
1197 3398 1346 3450 secundum
1369 3392 1412 3446 eius

169 3460 275 3525 abesse,
299 3474 386 3527 neque
407 3465 497 3509 tamen
515 3458 626 3511 orationi
644 3462 735 3529 obest,
755 3462 778 3516 si
812 3479 962 3531 personam,
999 3478 1014 3514 e
1033 3479 1085 3531 quo
1103 3478 1190 3515 sermo
1209 3463 1367 3529 instituitur,
1382 3459 1412 3512 in·

169 3528 205 3580 ad
222 3542 393 3596 praegressa,
416 3543 470 3578 non
497 3525 565 3579 sicut
588 3527 650 3581 olim
674 3530 777 3584 factum
813 3531 952 3601 telligatur
970 3547 1018 3583 nec
1034 3531 1148 3582 addatur
1165 3531 1218 3584 nisi
1234 3534 1284 3587 ubi
1298 3526 1413 3604 oppositio

169 3602 212 3648 est
229 3596 263 3647 ad
279 3592 446 3664 insequentia
463 3594 601 3648 referatur.
813 3601 945 3669 quaedam
962 3598 1112 3668 requiritur.

206 3662 271 3733 Cap.
295 3670 344 3727 41,
372 3667 396 3729 S.
422 3669 462 3715 19.
502 3666 585 3731 spado
612 3683 625 3718 e
652 3669 775 3736 captivis]
850 3672 874 3734 S.
894 3673 936 3720 21.
955 3669 1003 3719 scd
1036 3669 1112 3720 aibas
1130 3668 1203 3748 ipsu]
1229 3666 1296 3739 Ipse
1313 3661 1413 3740 inlibris

169 3731 261 3801 Vulgo
279 3749 291 3784 s
311 3734 440 3784 odoenus
450 3747 481 3782 er
499 3750 528 3784 cc
549 3734 617 3801 tisis,
637 3742 665 3787 et
682 3737 777 3790 emeis
813 3751 843 3786 se
860 3735 991 3789 invenisse
1038 3735 1111 3789 odius
1129 3736 1278 3806 significat,
1298 3746 1327 3791 et
1343 3737 1413 3789 inrum

168 3800 198 3854 in
216 3801 273 3853 cod.
333 3818 401 3852 anus
428 3816 507 3867 supra
524 3750 624 3855 lineam
644 3803 777 3868 adiectum
812 3818 848 3856 ex
871 3802 943 3857 Flor.
967 3802 1036 3856 DGI
1058 3811 1205 3858 enotatum.
1248 3807 1366 3860 Probare
1383 3797 1413 3852 vl·

168 3876 218 3923 est.
243 3867 333 3923 Ceteri
350 3867 411 3920 libri
428 3866 499 3920 Flor.
518 3877 546 3922 et
563 3879 676 3951 uterque
692 3872 775 3927 Bern.
813 3871 896 3925 detur
913 3871 983 3923 idom
1008 3872 1128 3938 Modius,
1153 3872 1230 3926 haud
1253 3875 1335 3929 dubie
1357 3865 1413 3942 quod

168 3945 198 3991 et
216 3936 292 3990 Lcid.
310 3937 387 3990 Voss.
414 3944 426 3988 1
453 3953 510 3989 earn
528 3955 643 3992 vocemr
682 3951 775 4007 orant;
812 3956 875 3994 cum
893 3947 972 3992 antea
989 3941 1022 3992 de
1039 3950 1125 3993 mutuo
1144 3941 1240 3995 dolore
1249 3943 1350 3997 dictum
1359 3940 1414 3992 osset

168 4007 270 4059 habent
293 4004 373 4057 etiam
390 4004 474 4057 nostri
491 4024 545 4059 non
563 4024 594 4059 ea
612 4024 638 4060 se
675 4026 695 4060 e.
732 4011 777 4063 De
812 4024 867 4061 non
886 4008 1170 4078 superessevidebatur
1187 4010 1241 4063 nisi
1259 4011 1332 4082 regis
1348 4005 1413 4090 ipsius

204 4090 267 4126 nere
284 4072 369 4125 morbi
386 4090 439 4143 quo
457 4074 549 4143 regina
566 4075 715 4142 decesserit,
735 4077 776 4129 ni·
832 4093 936 4130 ersona.
948 4075 1413 4133 Verummctuusdeuniusmatusdo·

190 4140 371 4218 ‘'Diodorus,
390 4158 450 4194 cum
467 4142 593 4195 Arrianus
611 4160 645 4196 ne
662 4152 777 4197 mortem
811 4093 870 4196 lbra
884 4145 985 4198 dictum
995 4153 1036 4198 est
1046 4163 1099 4215 quo
1109 4145 1237 4214 neptibus
1248 4146 1412 4218 rosponderet

170 4208 277 4279 quidem
299 4209 458 4262 memorarit.
494 4213 595 4262 Verum
617 4211 778 4264 Plutarchus
849 4217 872 4278 §.
893 4221 935 4266 22.
961 4232 992 4266 er
1010 4210 1125 4266 marimo
1139 4217 1233 4282 porte]
1253 4214 1301 4270 Sic
1318 4221 1412 4281 uterque

170 4276 199 4328 in
215 4275 255 4329 vit
272 4276 349 4328 Alex.
367 4284 401 4330 30
420 4282 451 4328 ἐν
475 4274 569 4343 ὠδῖσι,
600 4279 718 4332 lustinus
735 4294 777 4346 xr,
812 4279 894 4334 Bern.
905 4290 934 4334 et
947 4282 971 4334 F
972 4282 1020 4335 lor.
1040 4297 1139 4346 omnes,
1158 4282 1243 4352 vulgo
1262 4286 1375 4338 maximo
1389 4291 1412 4330 tt

171 4350 203 4396 12
223 4361 253 4395 er
272 4345 404 4398 collisione
421 4346 515 4397 obiecti
526 4356 624 4414 portas
638 4346 778 4399 decessisse
807 4359 896 4415 porte.
928 4349 1065 4402 Snakenb.
1083 4349 1111 4402 in
1129 4349 1183 4402 suis
1202 4353 1282 4406 codd.
1302 4368 1357 4406 esse
1371 4355 1413 4400 trt-

170 4412 300 4480 tradunt,
328 4429 486 4484 quamquam
503 4412 531 4465 in
549 4414 778 4484 ternpore'dcfini-
812 4416 854 4469 dit
871 4428 996 4488 exparte
1014 4420 1140 4487 marimo,
1160 4418 1259 4475 dubito
1278 4439 1344 4474 num
1358 4427 1413 4471 sert
