2926 5174
192 313 239 384 62
662 329 696 392 o.
722 328 848 379 cuam
871 327 956 378 11011

188 520 314 566 ntur-num
331 510 460 580 impetum
475 527 530 563 non
546 509 653 579 probat,
670 507 800 577 proelium
817 506 943 560 decernit.
964 507 1024 573 (48)
1041 505 1129 558 Ambo
1146 521 1227 576 reges
1244 513 1351 560 noctem
1366 509 1427 563 inter

189 605 252 642 5005
269 586 374 640 solliciti
390 594 489 658 agunt,
515 586 696 639 Alexandrum
714 602 773 638 cnm
790 584 836 636 diu
853 601 942 638 5550111
959 581 1130 635 dehberasset
1148 585 1211 650 (49)
1229 601 1340 638 somnus
1355 603 1426 657 usqne

190 666 225 718 ad
242 663 354 716 multam
370 663 456 716 lucem
472 680 625 734 oppressum
642 663 738 716 tenuit.
773 661 799 714 A
816 660 990 715 Parmenione
1006 659 1138 713 excitatus
1154 663 1212 727 (50.
1233 664 1281 728 51)
1300 662 1380 716 aciem
1394 663 1427 716 di-

189 740 362 811 ligentissime
379 740 496 807 instruit,
509 750 582 811 'quae
598 739 725 806 facienda,
742 755 811 810 quae
827 738 944 792 cavenda
960 737 1013 790 sint
1031 736 1176 807 praecipit,
1206 739 1270 806 (52)
1294 739 1371 793 duces
1386 740 1426 793 mi-

14 827 18 834 '
120 859 124 867 .
190 819 304 889 litesque
320 817 511 888 interequitans
528 816 680 888 alloquitur,
706 835 804 870 vanum
820 823 920 869 metum
937 813 1029 880 demit,
1057 830 1086 866 se
1102 812 1203 866 intueri
1220 813 1310 882 iubet,
1329 817 1426 870 neceni·

189 902 276 950 tatem
292 894 414 949 vincendi
431 893 556 948 ostendit.
587 899 641 961 (56.
659 900 701 947 54.
719 897 766 961 55)
783 892 873 946 Etiam
890 892 994 945 Dareus
1010 907 1117 944 suonam
1134 890 1239 945 animos
1258 893 1368 960 5101101,
1384 911 1426 964 quo

190 971 295 1026 reducti
312 970 379 1039 sint,
405 980 434 1025 et
452 989 531 1042 quam
548 988 621 1042 spem
637 970 701 1024 boni
718 979 829 1024 eventus
846 968 961 1021 babeant
978 969 1135 1034 ostendens,
1162 969 1310 1023 obsecrans
1328 970 1426 1041 denique

190 1056 220 1102 et
237 1048 381 1101 obtestans.
425 1051 484 1115 (56)
509 1048 620 1120 Pugnae
641 1047 746 1100 initium
765 1047 905 1115 (Calendis
926 1046 1027 1099 Octobr.
1046 1062 1063 1097 a
1082 1047 1147 1111 331)
1165 1045 1199 1098 fit
1215 1062 1234 1098 a
1252 1046 1376 1101 curribus
1389 1047 1426 1100 lal-

191 1126 266 1192 eatis,
284 1124 388 1196 equites
404 1124 503 1178 Persici
519 1123 708 1196 impedimenta
724 1123 901 1178 Macedonum
918 1121 1054 1193 diripiunt,
1067 1120 1198 1192 captivos
1216 1120 1347 1178 liberant.
1381 1127 1425 1192 (57)

191 1203 325 1258 curruum
341 1218 432 1273 pugna
448 1201 626 1273 improspera,
653 1203 700 1254 sed
717 1203 789 1271 apud
814 1198 1002 1270 impedimenta
1018 1198 1116 1251 Persae
1136 1214 1196 1251 rem
1212 1199 1321 1254 felicius
1337 1210 1426 1272 genmt.

189 1283 251 1348 (58)
268 1279 329 1350 Ipse
345 1294 394 1332 rex
411 1278 438 1331 in
455 1279 545 1332 hostes
562 1279 607 1332 ubi
625 1279 729 1331 Dareus
746 1275 865 1332 constitit
882 1275 1032 1342 invehitur,
1058 1273 1187 1328 acerrima
1212 1293 1310 1347 pugna
1327 1277 1427 1332 11010

189 1373 275 1427 reges.
311 1358 370 1425 (59)
397 1354 494 1409 Omine
511 1373 615 1426 qnoque
632 1355 716 1409 adiuti
733 1355 843 1408 vincunt
860 1353 1028 1418 Macedones,
1055 1350 1162 1404 Dareus
1180 1351 1251 1406 lalso
1269 1354 1370 1409 occisus
1385 1371 1426 1409 cre

190 1434 264 1487 ditur
281 1440 310 1485 et
325 1433 389 1502 fuga
405 1449 511 1485 suorum
530 1432 667 1503 abripitur.
711 1431 826 1485 Strenue
843 1430 992 1500 insequitur
1008 1427 1172 1495 Alexander,
1192 1432 1255 1497 (60)
1274 1432 1324 1484 sed
1340 1431 1427 1486 desistit

191 1527 208 1562 a
223 1508 417 1580 persecutione,
435 1526 495 1562 cum
511 1509 616 1562 laevum
633 1526 715 1563 cornu
731 1526 807 1561 suum
824 1508 853 1561 in
868 1525 959 1578 pugna
976 1507 1096 1560 laborare
1113 1506 1199 1559 audit.
1242 1505 1301 1561 Sed
1319 1507 1371 1562 iam
1386 1509 1426 1580 ipse

190 1583 333 1639 Parmenio
350 1584 489 1637 Mazaeum
506 1585 649 1656 repulerat.
686 1588 745 1654 (61)
771 1585 875 1638 Dareus
892 1585 994 1655 Lycum
1020 1600 1124 1637 amnem
1150 1591 1240 1654 ponte
1263 1591 1426 1656 transgressus

191 1660 293 1713 Arbela
308 1661 446 1731 pervenit,
473 1669 620 1716 ceterorum
638 1662 778 1715 Persarum
795 1678 919 1733 praeceps
941 1679 972 1715 ac
996 1659 1153 1712 miserabilis
1178 1660 1249 1730 fuga
1276 1662 1425 1716 daecribitur.

192 1742 252 1807 (62)
269 1737 423 1792 Alexander
439 1755 521 1808 usque
538 1740 572 1791 ad
589 1741 702 1792 eundem
718 1747 828 1810 pontem
844 1739 928 1793 victos
944 1745 1097 1809 persemtus
1114 1736 1278 1808 revertitur,
1297 1746 1327 1792 et
1343 1738 1425 1810 inipso

191 1814 282 1868 reditu
299 1814 374 1884 gravi
390 1813 507 1886 periculo
524 1816 686 1886 defungitur.
706 1821 764 1884 (63)
772 1816 815 1869 De
832 1833 941 1869 numero
959 1831 1093 1869 caesorum
1110 1821 1140 1866 et
1157 1813 1268 1869 virtute
1286 1834 1345 1871 cum
1359 1816 1425 1886 ipsius

191 1890 262 1962 regis
280 1898 337 1944 tum
353 1891 504 1962 principum
520 1893 616 1946 ducum
633 1892 784 1964 exponitur.

169 2168 188 2236 l
294 2109 468 2243 Dareus
483 2171 592 2275 ¹tanti
626 2170 735 2244 modo
768 2170 946 2243 exercitus
972 2194 1054 2260 rex,
1089 2172 1152 2266 qui
1179 2171 1438 2272 triumphantur

189 2280 320 2378 magis,
347 2306 454 2378 quam
480 2280 678 2355 dimicantis
704 2307 821 2372 more,
857 2307 963 2355 curru
995 2282 1156 2355 sublimis
1183 2283 1321 2357 inierat
1345 2307 1423 2384 prce

189 2391 286 2483 lium,
312 2418 377 2490 per
401 2393 491 2482 loca,
518 2419 609 2490 quae
634 2418 747 2492 prope
772 2393 953 2466 immensis
985 2392 1190 2490 agminibus
1217 2395 1423 2493 impleverat,

188 2501 261 2574 iam
287 2502 407 2576 inania
433 2514 470 2575 et
495 2505 631 2602 ingenti
656 2504 847 2578 solitudine
874 2514 993 2595 vasta,
1019 2504 1193 2601 fugiebat.
1252 2505 1364 2582 Pauci
1385 2519 1441 2578 ret

187 2637 271 2710 gem
307 2614 568 2711 sequebantur:
600 2641 684 2689 nam
716 2641 782 2689 nec
815 2614 942 2689 eodem
974 2639 1097 2687 omnes
1123 2616 1256 2717 fugam
1283 2615 1423 2692 intende·

187 2734 280 2815 rant,
295 2734 332 2797 et
349 2721 595 2800 deficientibus
622 2729 721 2825 equis
748 2751 892 2800 cursum
919 2751 1052 2816 eorum,
1072 2749 1163 2821 quos
1191 2753 1266 2802 rex
1293 2726 1423 2803 subinde

188 2836 362 2926 mutabat,
389 2861 542 2932 aequare
555 2834 641 2911 'non
668 2848 845 2936 poterant.
894 2835 1038 2911 Onchas
1065 2835 1149 2909 dein
1175 2844 1356 2936 pervenit,
1375 2836 1443 2911 ubit

189 2970 362 3044 excepere
403 2973 485 3021 eum
518 2945 737 3024 Graecorum
778 2957 948 3046 quattuor
981 2948 1093 3038 milia,
1139 2950 1354 3044 quibuscum
1382 2947 1420 3020 ad

222 3130 288 3201 Cap.
304 3139 328 3198 1,
347 3134 370 3200 ξ.
390 3139 414 3186 1.
431 3134 592 3185 Dimiccntis
609 3135 694 3214 neore]
708 3133 791 3186 Nulla
825 3139 1010 3202 argumentum
1035 3147 1091 3185 csse
1113 3131 1198 3186 debet
1223 3135 1360 3191 inventam
1378 3147 1422 3212 5555

187 3200 264 3252 codd.
281 3217 341 3252 mss.
360 3208 402 3253 est
418 3200 540 3253 varietas.
584 3200 726 3254 Recentror
742 3201 789 3254 Bi·
825 3217 916 3254 vocem
924 3202 958 3254 ab
967 3217 999 3255 eo
1007 3200 1035 3253 in
1045 3200 1149 3268 Colum,
1169 3207 1334 3259 servandam
1347 3202 1420 3256 exist·

206 3267 299 3320 0ntina
324 3268 407 3321 editio
433 3285 502 3321 anno
521 3273 585 3321 1861
605 3284 701 3322 excusa
716 3286 790 3322 men·
824 3269 903 3322 mavi.
1370 3322 1374 3330 ,

185 3283 341 3388 1055100110
359 3337 393 3388 de
410 3352 488 3391 versu
503 3335 636 3406 superiore
644 3345 789 3391 retractum
859 3341 882 3406 §-
900 3345 925 3392 8.
946 3338 1050 3392 Onchas
1068 3340 1163 3392 deinde
1175 3345 1317 3414 peruenit]
1348 3338 1421 3408 Vulgo

186 3401 275 3469 dedit,
295 3404 365 3471 quod
382 3419 442 3456 mea
460 3402 522 3456 edit.
541 3403 642 3458 minore
658 3423 789 3477 propaga·
829 3407 949 3475 Unctus,
976 3407 1023 3459 sed
1046 3409 1276 3476 quemadmodum
1294 3419 1323 3464 et
1341 3411 1421 3480 egoet

185 3475 244 3522 tum
261 3485 318 3522 5555
335 3471 419 3525 doleo.
447 3499 449 3503 ·
771 3493 775 3502 ·
823 3474 930 3529 Medius
947 3474 1077 3528 incertum
1094 3493 1193 3530 nomen
1211 3479 1365 3550 scripsimus
1394 3474 1421 3529 sic

219 3539 393 3661 impteceraq
402 3537 447 3592 Sic
460 3556 511 3660 Bm
529 3538 601 3609 vulg.
620 3545 788 3612 compleverat
823 3543 907 3609 Leid.,
934 3552 1046 3615 uterque
1063 3542 1144 3597 Bern.
1161 3552 1192 3598 et
1211 3564 1309 3600 omnes
1326 3517 1420 3601 110151-

185 3622 275 3659 omnes
292 3606 353 3660 libri
394 3602 442 3661 101.
485 3624 540 3661 ern.
559 3616 679 3680 uterque,
709 3611 786 3666 Voss.
823 3612 872 3665 tini
889 3612 996 3665 habent.
1014 3613 1081 3665 Mox
1098 3630 1148 3683 pro
1166 3613 1241 3684 vulg.
1253 3618 1350 3670 deinde
1363 3613 1420 3667 1101.

186 3680 211 3741 1,
229 3681 244 3728 2
264 3682 292 3728 51
309 3675 373 3729 edit.
389 3674 529 3744 Modiana3
547 3693 563 3729 a
579 3695 691 3749 qnorum
707 3679 787 3733 libro·
821 3679 958 3734 AGFHI
975 3688 1004 3733 et
1020 3680 1136 3734 BernA
1154 3683 1228 3750 dein,
1247 3683 1366 3737 Bernss
1383 3682 1419 3734 di:

183 3760 243 3796 rum
268 3761 378 3798 numero
403 3743 559 3798 Leidensem
581 3747 672 3801 abesse
696 3753 786 3818 miror,
821 3749 855 3803 cf.
875 3763 917 3815 IV,
937 3755 982 3817 623
1000 3764 1043 3817 vr,
1053 3756 1078 3803 2.

183 3810 234 3864 nisi
248 3811 319 3866 10115
337 3830 412 3868 51101
433 3822 481 3867 aut
498 3813 579 3868 Snak.
597 3823 644 3870 aut
660 3819 785 3888 typothe-
855 3819 1007 3886 quibuscum
1032 3820 1071 3871 od
1093 3818 1254 3886 Euphraten
1282 3816 1417 3895 contendit]

182 3886 227 3934 tae
245 3888 293 3935 est.
313 3882 439 3937 Ceterum
456 3883 521 3936 nihil
529 3901 689 3957 magnopere
702 3887 785 3940 inter·
819 3884 906 3940 Iocus
923 3893 1075 3958 conuptns:
1098 3903 1162 3939 nam
1184 3887 1248 3942 libri
1266 3886 1418 3960 integerriml

182 3957 233 4018 est,
259 3951 306 4004 sed
331 3960 423 4006 tamen
454 3950 525 4006 iusto
556 3952 649 4008 1011105
679 3955 785 4009 videtur
819 3955 919 4007 babent
945 3957 999 4010 iam
1025 3957 1114 4076 rqqias
1140 3965 1196 4009 tum
1223 3959 1265 4011 ud
1288 3959 1417 4028 Euphrate

126 4076 128 4081 ,
182 4021 316 4088 complere.
819 4023 864 4077 alii
882 4023 1008 4091 (BernB
1024 4025 1095 4078 For.
1106 4023 1170 4090 CH)
1189 4026 1248 4079 iam
1266 4029 1417 4097 regnintum

217 4091 282 4155 Μ.
301 4106 365 4157 qnos
383 4107 431 4142 rea
449 4091 559 4143 srtbinde
576 4093 703 4160 mutabat]
722 4092 785 4147 Vox
817 4093 941 4163 idemque
972 4092 1065 4148 relicto
1100 4091 1204 4163 aliquot
1242 4095 1417 4149 vocabulorum

180 4171 227 4207 rea
249 4156 324 4210 deest
348 4157 377 4211 in
397 4156 456 4211 Pal.
477 4166 487 4210 l
508 4158 582 4212 Leid.
600 4160 676 4215 Voss.
696 4169 719 4228 1,
737 4162 784 4214 sed
818 4160 905 4241 spatio
922 4168 985 4214 ante
1002 4163 1068 4215 haec
1084 4162 1166 4214 verba
1183 4160 1260 4216 1101.
1279 4163 1364 4230 DFI,
1380 4160 1417 4213 de·

181 4237 240 4276 cum
256 4223 361 4295 legatur
377 4226 406 4280 in
423 4226 575 4281 melioribus
592 4228 663 4282 Flor.
691 4230 784 4300 (abest
817 4246 898 4300 mque
914 4229 972 4282 Pal.
993 4238 1005 4282 1
1025 4230 1100 4285 Voss.
1118 4236 1132 4283 2
1151 4229 1227 4284 Flor.
1247 4231 1282 4286 E.
1312 4235 1364 4286 iam
1379 4242 1415 4281 res

179 4295 286 4346 tantum
302 4311 319 4346 a
337 4295 473 4375 GDEH)
492 4312 579 4366 neque
595 4297 702 4351 Modius
720 4297 783 4351 alio-
818 4308 880 4365 tone,
898 4298 969 4351 1101.
988 4297 1014 4352 G
1031 4302 1085 4353 ium
1101 4315 1148 4351 rea·
1166 4299 1209 4352 tis
1229 4318 1299 4354 cam.
1326 4295 1416 4354 Editio·

198 4359 242 4414 uin
263 4361 402 4417 brevitatis
429 4370 510 4418 enam
536 4383 595 4419 cum
622 4365 782 4419 detrimento
817 4384 863 4420 nes
880 4365 942 4419 inde
959 4385 976 4419 a
992 4367 1112 4439 principe
1129 4384 1188 4420 cum
1207 4371 1308 4437 quibus
1326 4365 1416 4423 anda·

180 4430 327 4500 eegantiae
350 4431 482 4486 studiosus
503 4433 633 4504 omiserit,
656 4433 686 4487 id
710 4435 782 4507 quod
811 4439 926 4506 plraten
944 4439 1073 4492 contendit
1090 4437 1200 4505 habent,
1220 4437 1275 4492 nisi
1285 4439 1357 4511 quod
1364 4430 1415 4489 Ald-
