2926 5174
435 315 485 367 nn
513 313 639 366 cnsrrs
666 314 775 366 anax.
802 315 867 385 vn,
885 312 928 366 aa.
1239 298 1312 370 319

100 498 273 575 Alexandri
298 498 423 572 fecisse
449 499 548 597 ipsos
583 498 758 590 ementiti,
794 497 923 571 dubios
958 498 1075 573 adhuc
1106 498 1214 572 animi
1245 510 1313 574 ter·

99 611 239 684 nnissent.
291 610 333 683 In
360 635 491 708 equum
517 612 724 710 impositum
749 610 960 684 Alexandro
986 610 1151 684 tradituri
1167 608 1313 684 ducunt.

179 721 275 795 Inter
312 723 401 795 haec
439 747 522 814 rex,
563 721 692 818 quibus
732 733 873 796 matura
912 731 990 796 erat
1020 723 1157 813 missio,
1193 723 1364 797 electis23

99 834 264 932 nongentis
289 833 373 925 fere,
399 833 485 906 bina
510 834 647 905 talenta
673 833 783 930 equiti
809 832 917 926 dedit,
943 816 1056 932 pediti
1081 843 1185 907 terna
1206 834 1312 908 dena·

99 946 167 1017 rium
181 946 291 1035 milia3
317 946 542 1042 monitosque
554 955 597 1017 ut
615 944 746 1017 liberos
759 957 982 1041 generarent,
1009 946 1144 1025 remisit
1158 945 1313 1020 domum.

100 1053 211 1129 Ceteris
237 1057 374 1154 gratiae
400 1067 513 1146 actae,
540 1055 637 1153 quod
663 1054 711 1128 ad
736 1056 871 1152 reliqua
897 1057 980 1129 belli
1006 1066 1202 1131 navaturos
1230 1083 1312 1157 ope·

99 1191 156 1240 rann
186 1169 454 1266 pollicebantur.
509 1167 617 1266 [Tum
644 1167 777 1241 Bessus
809 1167 1041 1266 perducitur]
1094 1167 1315 1243 Perventum

99 1289 157 1351 erat
179 1279 214 1352 in
240 1280 430 1378 parvulum
455 1280 646 1377 oppidum:
682 1277 906 1352 Branchidae
933 1280 1007 1352 eius
1039 1278 1176 1352 incolae
1202 1290 1313 1354 erant

98 1387 197 1465 Mileto
224 1391 405 1489 quondam
430 1392 530 1464 iussu
555 1389 698 1482 Xerxis,
725 1416 807 1464 oum
820 1417 841 1464 e
855 1387 1005 1465 Graecia
1030 1390 1174 1480 rediret,
1201 1401 1315 1464 trans·

98 1499 199 1594 ierant,
226 1513 264 1576 et
289 1504 326 1575 in
353 1529 396 1577 ea
421 1501 506 1576 sede
533 1503 782 1592 constiterant,
809 1504 892 1600 quia
918 1504 1105 1601 templum,
1133 1502 1232 1598 quod
1256 1500 1316 1575 Di-

99 1609 231 1711 dymeon
259 1616 475 1714 appellatur,
507 1613 544 1685 in
575 1614 728 1712 gratiam
752 1613 884 1688 Xerxis
912 1615 1144 1689 violaverant
1197 1613 1319 1718 Mores¹

100 1727 183 1820 patrii
206 1726 370 1800 nondum
383 1727 625 1816 exoleverant,
653 1727 717 1799 sed
730 1727 801 1799 iam
815 1728 991 1826 bilingues
1004 1735 1117 1816 erant,
1143 1728 1317 1825 paulatim

99 1835 327 1912 odomestico
366 1848 517 1912 externo
557 1861 720 1912 sermone
760 1836 965 1937 degeneres.
1035 1837 1167 1936 Magno
1207 1838 1316 1936 igitur

99 1948 204 2041 gaudio
231 1975 354 2047 regem
380 1949 576 2047 excipiunt,
604 1951 730 2022 urbem
756 1975 866 2048 seque
893 1950 1074 2025 dedentes.
1126 1949 1190 2022 Ille
1217 1948 1316 2023 Mile·

100 2056 168 2150 sios,
200 2063 261 2159 qui
296 2059 392 2159 apud
425 2061 544 2158 ipsum
573 2061 786 2153 militarent,
821 2048 1010 2150 convocari
1036 2061 1144 2136 iubet.
1197 2059 1313 2135 Vetus

100 2165 196 2244 odium
220 2171 349 2246 Milesii
374 2173 548 2271 gerebant
580 2173 617 2244 in
632 2170 925 2272 nBranchidarum
949 2173 1102 2271 gentem.
1155 2172 1313 2247 Proditis

123 2372 141 2435 S.
155 2379 191 2428 ld.
226 2375 320 2429 dubios
338 2375 423 2428 odiar
441 2375 539 2443 animi]
575 2373 676 2428 aninmo
710 2375 791 2429 Iussu
808 2375 908 2430 Xerxis
932 2375 1035 2447 explica
1058 2393 1135 2430 suasu
1151 2391 1184 2429 ac
1201 2373 1313 2444 monitu,

99 2432 150 2492 llor.
164 2442 185 2494 Β
202 2443 286 2497 Paris.
304 2442 328 2495 B
346 2450 382 2515 et
396 2443 455 2496 edd.
472 2450 576 2496 veteres
593 2444 677 2497 donec
709 2446 774 2496 nam'
781 2444 898 2502 ἑκόντας
910 2445 969 2502 illos
987 2444 1127 2516 emigrasse
1143 2444 1225 2499 tradit
1233 2444 1314 2498 etiam

99 2501 179 2586 Medius
201 2511 295 2566 vitium
317 2511 469 2582 ignorantia
491 2520 597 2583 partum
620 2529 676 2566 sris·
714 2513 877 2568 Herodotus.

99 2573 151 2630 tunt.
744 2584 766 2649 ξ.
785 2589 826 2637 29.
876 2586 990 2637 nondum
1020 2586 1189 2637 exoleverunt.
1224 2584 1312 2636 Erro·

123 2646 140 2711 §-
154 2654 190 2702 22.
225 2651 288 2703 bina
312 2651 409 2704 talento
427 2651 520 2719 equiti,
545 2651 596 2705 hoo
616 2666 676 2703 ver·
709 2653 813 2705 luerunt
844 2659 892 2704 ant
922 2654 1072 2705 exoluerunt
1105 2651 1226 2731 plerique
1252 2651 1313 2704 libri

99 2707 170 2770 borum
185 2717 277 2772 ordine
295 2719 412 2786 codices,
440 2718 567 2773 editiones
595 2720 676 2771 eniti
707 2738 768 2773 mss.
786 2720 852 2773 adeo
869 2728 901 2774 ut
917 2737 979 2773 vera
997 2721 1081 2772 forma
1097 2738 1151 2773 non
1168 2728 1203 2773 snt
1220 2719 1270 2773 nisi
1285 2719 1313 2772 in

99 2777 144 2835 lino
157 2789 258 2853 tolenno,
277 2789 324 2840 sed
338 2785 470 2841 omittitur
478 2789 558 2856 equini
567 2787 595 2840 in
603 2737 674 2840 dlor.
708 2787 779 2842 Flor.
801 2787 883 2843 EBG.
919 2788 974 2842 Sed
1000 2787 1062 2840 alibi
1088 2787 1184 2842 certius
1210 2795 1312 2841 constat

97 2846 134 2900 ΑΒ
147 2852 222 2909 Paris.
232 2857 264 2908 B.
285 2855 355 2908 Tum
363 2857 488 2909 mendose
506 2856 589 2910 nostri
598 2856 674 2910 codd.
709 2864 740 2910 ut
752 2870 804 2923 vn,
814 2863 847 2910 28
866 2862 935 2911 extr.
950 2873 1034 2926 eaque
1051 2873 1092 2909 res
1106 2855 1235 2909 Prisciani
1251 2873 1312 2926 pag.

98 2930 165 2975 onnes
179 2932 206 2978 et
224 2925 285 2978 edd.
302 2931 368 2977 vett.
387 2935 432 2988 ter,
449 2923 540 2978 Iunius
558 2923 675 2978 correxit
710 2931 759 2978 872
785 2925 944 2979 auctoritate
961 2923 1104 2978 conficitur.
1142 2924 1196 2977 Sed
1213 2943 1262 3004 pro
1280 2941 1313 2978 eo

98 2989 159 3063 tem,
190 2993 375 3063 Quadruplum
398 2992 480 3073 igitur
503 3009 583 3073 eques
601 3009 676 3046 acoe-
710 2993 781 3063 quod
798 2992 879 3072 vulgo
896 3001 936 3047 est
954 3003 1107 3061 externoque
1125 2993 1313 3062 (quodmven-

98 3061 132 3119 lh
145 3077 198 3113 nam
215 3061 346 3115 talentum
355 3061 437 3116 efficit
446 3061 675 3115 sexmiliadrach·
710 3069 766 3114 tum
784 3068 824 3114 est
841 3080 870 3114 m
893 3061 965 3115 Flor.
984 3060 1049 3114 DFI
1069 3061 1150 3114 Bern.
1168 3061 1213 3127 A)
1231 3060 1312 3115 ceteri

98 3129 378 3183 antivarensem.
709 3128 772 3182 libri
783 3147 843 3182 mss.
853 3129 945 3200 optimi
963 3137 991 3183 et
1008 3127 1112 3200 plurimi
1130 3138 1235 3182 externo
1253 3137 1314 3182 tan·

113 3193 177 3269 ‚Tam
190 3200 292 3253 Bessus
306 3201 470 3270 perducitur.
505 3198 595 3254 Verba
618 3198 676 3252 iure
710 3205 767 3251 tum
783 3199 897 3266 habent,
921 3197 985 3251 item
1002 3197 1061 3250 edd.
1086 3196 1214 3269 principes
1232 3197 1311 3253 Vind.

98 3260 178 3319 udatur
197 3267 318 3321 Freinsh.
342 3267 415 3321 uncis
437 3266 675 3338 circumscripsisse,
709 3265 778 3320 Mer.
796 3266 872 3335 Ald.;
890 3284 978 3348 neque
994 3267 1047 3320 hoc
1064 3274 1121 3320 erat
1139 3266 1313 3320 omittendum

97 3333 196 3448 Roaiam
204 3344 306 3406 postea,
324 3337 444 3417 profecto
455 3338 560 3390 demum
571 3335 676 3407 agmine
709 3334 787 3389 Iunio
805 3344 832 3389 et
848 3336 955 3407 reliquis
972 3343 1080 3406 praeter
1096 3335 1225 3389 Medium.
1241 3336 1313 3389 Nam

140 3404 196 3467 urbe
220 3405 441 3471 Branchidarum,
468 3407 610 3476 perductus
636 3412 676 3457 est
711 3407 848 3474 degeneres
875 3414 947 3460 certe
973 3423 1027 3458 non
1056 3403 1172 3477 pertinet
1204 3403 1254 3458 nisi
1279 3406 1313 3458 ad

96 3456 179 3542 Bana.
197 3473 271 3528 =Nec
287 3473 409 3526 medetur
429 3474 468 3527 rei
485 3473 616 3544 scriptura
633 3490 676 3526 eo-
711 3473 881 3528 domesticum
907 3491 1069 3542 sermonem,
1106 3490 1184 3544 quem
1210 3473 1314 3529 externi

97 3530 165 3592 dicum
179 3541 249 3595 Flor.
267 3541 333 3595 FGI
349 3541 466 3595 ParisA
483 3543 585 3596 Voss.2
603 3545 676 3595 dnm
711 3541 835 3595 sermonis
857 3542 1038 3599 communione
1060 3544 1250 3614 propemodum
1267 3543 1313 3596 de-

94 3598 174 3662 Beona
214 3613 348 3664 erdocitar
371 3609 425 3662 sive
445 3613 605 3680 producitur
629 3614 676 3675 (ut
711 3609 864 3665 didicerant.

94 3677 127 3724 etl
145 3675 170 3730 in
188 3629 262 3731 llor.
287 3677 357 3745 illis)
383 3696 542 3750 quamquam
568 3678 676 3733 Medius
723 3675 767 3748 '§.
794 3687 836 3734 30.
871 3681 976 3734 Milesii
999 3681 1124 3751 gerebant
1175 3684 1258 3735 Vettio
1284 3687 1313 3733 et

93 3747 284 3817 ronamplexus
302 3755 351 3800 est.
710 3755 830 3803 constans
839 3749 1105 3821 corruptelaomnesc
1140 3748 1311 3816 iccsobtinct,

122 3811 199 3891 §.⁵28.
243 3819 314 3886 quod
338 3817 483 3884 Didymeon
516 3817 674 3886 appellatur]
710 3819 784 3871 miles
820 3821 914 3873 eredat.
939 3819 1011 3871 Vere
1028 3817 1084 3872 sine
1101 3816 1181 3871 dubio
1196 3814 1313 3871 conexit

92 3873 150 3955 ᾼΙὼι
165 3884 233 3953 apud
252 3883 366 3950 Graecos
383 3892 424 3938 est
440 3885 473 3938 τὸ
492 3891 524 3937 ἐν
543 3881 677 3952 Διδύμοις
709 3837 902 3941 Freinshemius
919 3887 1023 3940 Milesii
1035 3887 1175 3966 parebant,
1200 3886 1247 3939 sed
1264 3883 1312 3938 mi·

93 3948 171 4022 *scios
198 3953 245 4005 sed
272 3970 331 4006 cnm
352 3952 449 4022 Apollo
471 3952 506 4006 sit
528 3949 676 4020 Διδυμεός,
710 3954 764 4007 rari
773 3954 844 4008 subit
852 3953 977 4027 quamdiu
994 3953 1088 4007 vitrum
1105 3953 1220 4007 latuerit.
1244 3952 1312 4006 Item

92 4021 137 4067 enus
158 4020 282 4091 templum
309 4028 350 4074 est
376 4021 409 4073 τὸ
433 4018 596 4090 Διδυμεῖον,
623 4038 677 4073 non
711 4040 770 4077 eum
788 4028 811 4090 §.
830 4031 863 4078 28
885 4024 1054 4077 Branchidae
1076 4021 1313 4075 satis'constanter

91 4079 239 4153 Διδυμαῖον,
259 4096 290 4142 ut
307 4089 392 4142 adhuc
408 4089 433 4142 le
453 4088 505 4142 'tur
522 4090 592 4159 apud
610 4089 674 4141 Plu·
708 4091 840 4145 scribatur
864 4092 933 4164 (nisi
951 4091 1025 4161 quod
1041 4090 1161 4143 nonnulli
1177 4097 1208 4142 ut
1225 4089 1311 4144 solent

92 4148 160 4207 luch.
179 4155 207 4208 in
229 4156 323 4237 Pomp
342 4164 384 4211 24.
426 4107 550 4211 &iterum
576 4175 674 4210 novum
726 4179 756 4214 ro
774 4163 804 4214 cli
822 4161 967 4226 habente),
985 4159 1075 4211 hacet
1092 4157 1200 4229 inseq.§
1217 4157 1311 4229 optimi

92 4207 135 4270 hoc
148 4223 178 4275 de
190 4225 398 4278 Branchidarum
414 4226 563 4295 proditione
580 4224 674 4296 templi
706 4177 762 4282 lere
779 4229 991 4284 terminationem
1007 4224 1118 4280 nominis
1132 4229 1255 4280 iaderam
1264 4243 1311 4279 ex·

91 4289 316 4360 etthesanrorum,
339 4294 410 4365 quod
435 4311 490 4347 non
506 4293 622 4348 traditur
639 4294 673 4346 ab
707 4296 800 4352 hibent
818 4308 911 4354 contra
928 4293 1088 4364 analogim
1114 4313 1174 4349 eum
1195 4294 1234 4349 illi
1257 4294 1311 4351 sint

92 4343 215 4414 Herodoto
232 4369 342 4428 vr,19,
368 4361 520 4417 Callistheni
537 4371 609 4417 recte
627 4363 673 4416 ad·
707 4368 871 4421 aBronclo.

92 4422 198 4482 senoina
214 4447 231 4484 a
247 4429 419 4501 Wesselingio
444 4431 479 4484 ad
501 4431 601 4487 Herod.
618 4431 636 4485 l
654 4430 672 4484 l.
740 4435 860 4491 Proditis
878 4452 949 4506 erqo,
967 4430 1086 4504 intellige
1102 4430 1225 4504 Milesiis,
1242 4449 1310 4504 qnos
