2926 5174
440 320 491 371 nn
519 319 648 373 cnsr1s
675 319 786 370 snex.
812 321 850 390 v,
876 316 903 371 s.
1229 305 1276 376 17
1281 306 1303 378 7

61 503 156 574 imum
180 500 338 599 gradum
362 528 436 575 non
463 503 726 602 contingerent,
752 527 848 576 unus
862 529 909 577 ex
922 504 1031 603 regiis
1057 506 1178 603 pueris
1204 532 1305 583 men·

28 635 125 687 usam
149 612 315 686 subdidit
339 614 501 711 pedibus.
553 614 714 690 Etcum
746 615 966 712 spadonem,
1003 617 1064 713 qui
1089 614 1200 692 Darei
1227 622 1300 696 fue·

59 735 114 815 rat,
138 723 433 820 ingemiscentem
460 727 715 822 conspexisset
741 751 820 815 reX,
848 751 995 800 causam
1020 729 1221 804 maestitiae
1247 757 1301 806 re·

59 833 198 932 quisivit.
253 832 323 907 llle
352 834 502 927 indicat,
535 835 701 910 Dareum
734 836 835 910 vesci
860 837 897 909 in
925 864 968 912 ea
994 839 1156 930 solitum,
1191 867 1301 941 seque

58 970 182 1018 sacram
208 944 289 1017 eius
315 946 476 1019 mensam
502 948 548 1021 ad
575 947 772 1021 ludibrium
798 946 1017 1022 recidentem
1043 950 1119 1022 sine
1145 952 1300 1028 lacrimis

26 1077 47 1124 u
59 1057 253 1155 conspicere
280 1083 355 1130 non
381 1083 499 1156 posse.
552 1055 674 1131 Subiit
709 1085 795 1158 ergo
832 1084 955 1156 regem
981 1058 1199 1135 verecundia
1225 1058 1299 1132 vio-

58 1167 141 1240 landi
165 1168 369 1264 hospitales
396 1168 495 1242 deos.
545 1167 696 1266 Iamque
724 1170 876 1245 subduci
909 1170 1075 1262 iubebat,
1108 1195 1191 1244 oum
1216 1168 1298 1242 Phi·

59 1280 154 1351 lotas:
179 1280 331 1354 Minime
355 1305 432 1355 cero
457 1281 536 1354 Isaeo
551 1281 690 1382 seceris,
716 1308 785 1374 ren,
812 1282 873 1356 sed
898 1306 993 1354 onnn
1019 1307 1146 1382 qnoque
1172 1280 1295 1377 nempe,

59 1417 208 1483 censam,
245 1417 290 1465 en
322 1417 388 1491 qne
423 1392 536 1470 libauit
566 1393 669 1467 hostis
703 1393 837 1491 epnlss,
871 1392 937 1466 tuis
956 1393 1103 1491 pedibus
1129 1417 1199 1468 esse
1224 1391 1298 1467 snb,

61 1502 167 1575 iectorn.

10 1631 52 1678 ·1t
145 1612 239 1704 Rex,
268 1611 426 1686 Persidis
452 1613 561 1687 finem
588 1612 763 1703 aditurus,
790 1610 884 1686 Susa
910 1616 1037 1688 urbem
1063 1613 1242 1688 Archelao
1261 1623 1297 1693 et
1325 1614 1348 1685 9
1390 1696 1394 1703 ¹

63 1725 265 1820 praesidium
292 1747 335 1796 111
359 1726 497 1797 milium
523 1723 691 1798 tradidit:
734 1723 939 1823 Xenophilo
967 1726 1058 1798 arcis
1086 1751 1172 1798 cura
1197 1749 1296 1796 man·

65 1834 131 1908 data
163 1846 236 1926 est,
275 1833 515 1909 Macedonum
541 1845 662 1909 aetate
687 1837 859 1934 gravibus
887 1836 1092 1934 praesidere
1118 1835 1209 1908 arcis
1238 1860 1296 1907 eu·

33 1947 181 2019 ristodiae
218 1947 347 2018 iussis:
380 1947 632 2020 thesaurorum
661 1944 842 2019 Callicrati
874 1948 989 2020 tutela
1014 1947 1209 2044 permissa:
1243 1970 1298 2017 sa·.

66 2065 167 2155 trapea
198 2057 361 2155 regionis
375 2055 560 2144 ,Susianae
592 2059 761 2131 restituta
794 2059 975 2131 Abuhtae.
1027 2056 1183 2130 Matrem
1209 2082 1295 2153 quo·

34 2181 117 2262 tque
144 2167 257 2241 Darei
294 2177 332 2240 et
369 2169 502 2242 liberos
534 2169 572 2240 in
607 2168 733 2242 eadem
773 2170 862 2243 urbe
895 2169 1052 2267 deponit.
1113 2167 1170 2241 Ac
1201 2169 1294 2241 forte

17 2274 21 2281 ’
66 2274 298 2352 Macedonicas
326 2291 463 2370 vestes,
496 2281 718 2376 multamque
742 2306 956 2379 purpuram,
982 2278 1078 2352 dono
1106 2304 1154 2352 ex
1178 2277 1294 2351 Mace·

68 2386 151 2463 donia
176 2392 248 2463 sibi
277 2391 439 2482 missam,
468 2392 648 2481 cumbis,
683 2417 775 2488 quae
801 2392 1043 2480 confecerant,
1077 2390 1172 2462 tradi
1198 2388 1295 2489 Sisy·

68 2502 161 2594 gamhi
197 2501 322 2575 iubet:
373 2503 476 2603 omni
504 2527 660 2599 namque
694 2503 831 2576 honore
867 2526 947 2575 cam
982 2512 1019 2573 et
1054 2500 1116 2571 filii
1152 2526 1295 2598 quoque

33 2609 175 2705 ltpictate
202 2614 511 2710 prosequebatur:
538 2613 793 2711 admonerique
818 2613 932 2702 iussit,
959 2620 1001 2683 ut
1028 2612 1057 2683 si
1085 2610 1183 2684 cordi
1211 2637 1296 2708 quo·

69 2744 118 2815 quc
148 2724 265 2796 vestis
301 2734 412 2815 esset,
449 2724 624 2797 conficere
658 2750 737 2797 eam
768 2735 895 2822 neptes
931 2748 1015 2795 suas
1043 2723 1294 2811 assuefaceret,

69 2828 212 2932 donoque
227 2860 269 2907 se
284 2832 430 2908 doceret
457 2834 553 2908 dare.
594 2832 654 2906 Ad
679 2835 772 2907 hanc
798 2858 925 2908 vocem
950 2833 1118 2904 lacrimae
1145 2832 1295 2903 obortae

93 3048 123 3103 Ca
139 3093 144 3105 .
162 3061 187 3120 9,
207 3057 235 3119 §-
255 3058 298 3105 16.
333 3052 455 3106 Persidis
463 3052 549 3119 finem
567 3052 654 3104 aditn-
688 3053 763 3105 inssi.
798 3051 884 3104 Iidem
905 3058 999 3120 postea
1021 3048 1137 3118 regionis
1162 3047 1295 3100 Susianae

68 3119 110 3188 rus]
150 3140 229 3175 urum
248 3127 292 3173 est
310 3120 441 3174 codicibus
458 3138 519 3172 mss.
533 3119 654 3174 omnibus
688 3129 717 3173 ct
740 3121 863 3172 Abulitce
887 3137 937 3188 pro
959 3119 1031 3188 vulg.
1060 3117 1175 3185 regionis
1199 3116 1296 3167 Sasiae

68 3186 178 3258 stagni,
199 3189 247 3259 qui
257 3188 418 3257 singularem
431 3197 654 3243 numerumtuen-
688 3221 723 3228 -
742 3189 851 3241 Abuliti.
876 3189 994 3240 Susiano
1012 3193 1123 3240 vocatur
1140 3183 1222 3253 regio,
1241 3200 1296 3237 non

68 3258 111 3322 tur,
133 3276 189 3311 cum
215 3257 285 3310 editi
301 3257 374 3324 fines
397 3258 522 3311 habeant.
558 3257 655 3326 Neque
690 3258 781 3323 Sosin,
800 3263 829 3308 et
845 3272 941 3309 nomen
959 3257 1077 3309 Abulites
1097 3252 1205 3306 Curtius
1228 3251 1296 3305 sicut

68 3317 153 3380 ileliae
169 3325 366 3396 significatione
382 3326 467 3379 videri
484 3326 566 3379 debet
580 3343 655 3395 pror·
690 3324 872 3397 patronymica
900 3332 948 3377 eut
977 3324 1042 3377 talia
1066 3320 1187 3388 nomina,
1216 3319 1296 3442 quale

69 3404 99 3442 tus
113 3392 249 3461 insolitus;
268 3393 396 3448 Horatius
415 3394 486 3448 enim
507 3394 535 3446 iu
557 3412 656 3447 sermo-
690 3402 732 3447 est
752 3395 897 3456 Thersites,
921 3395 1064 3446 secundum
1088 3390 1199 3463 primam
1235 3388 1296 3442 ech-

69 3459 125 3514 nibus
145 3482 200 3518 non
226 3461 343 3515 multum
368 3480 385 3515 s
407 3463 511 3534 vulgari
536 3478 657 3515 sermone
690 3463 825 3516 nationem
843 3461 948 3515 videtur
965 3463 1098 3515 formasse.

69 3526 252 3586 abhorrentibus
270 3546 303 3597 11,
326 3537 353 3598 1,
371 3537 404 3585 35
428 3533 577 3587 Venusinus
595 3540 656 3584 crat
727 3536 751 3597 3.
773 3537 813 3584 18.
849 3549 906 3584 cnm
924 3533 978 3598 his,
998 3548 1063 3601 quae
1081 3537 1245 3600 confecerant
1261 3559 1297 3572 -

63 3593 123 3674 fifteen
138 3603 185 3654 sal>
203 3611 344 3668 utrumqne
362 3603 475 3667 colonus,
486 3608 514 3653 et
525 3601 596 3670 apud
612 3599 657 3651 Li·
692 3602 770 3667 iubet]
807 3599 898 3670 Vulgo
917 3618 982 3669 quoe
1000 3618 1057 3653 eum
1076 3603 1143 3668 cons.
1161 3607 1190 3653 et
1208 3600 1295 3666 iussit,

69 3677 120 3720 bum
135 3669 264 3740 frequens
282 3675 341 3734 est,
369 3669 414 3738 qui
432 3668 539 3740 scripsit
556 3683 603 3733 IX,
632 3674 656 3733 6,
691 3669 738 3721 sed
755 3686 812 3721 eam
829 3685 920 3721 omnes
938 3668 999 3721 libri
1017 3667 1101 3722 nostri
1118 3668 1252 3737 ignorant,
1268 3674 1296 3718 et

70 3735 92 3784 10
105 3746 128 3789 ct
139 3740 340 3808 preficiscentes
355 3739 480 3804 adfinem
493 3737 657 3806 Cauponem
691 3738 783 3789 eadem
801 3735 950 3791 constantia
973 3746 1079 3807 tempus
1103 3753 1228 3806 praesens
1245 3753 1296 3805 pro

65 3813 281 3874 prosequerentur,
299 3819 430 3873 xxxvnr,
451 3812 482 3858 15
502 3808 564 3874 qnia
582 3806 656 3857 nulle
711 3805 837 3858 raeterito
855 3813 973 3860 tuentur.
1000 3806 1054 3858 Sed
1071 3822 1121 3924 pro
1133 3808 1298 3874 confecerant

70 3867 143 3936 beatio
160 3875 295 3942 adfinem
309 3885 416 3942 praesto
424 3877 530 3944 suerat,
545 3891 657 3945 quorum
718 3881 801 3928 oss2
825 3873 895 3928 Flor.
921 3873 1073 3927 CDEFGH
1110 3871 1190 3924 Bern.
1209 3871 1232 3922 B
1249 3872 1297 3938 se-

69 3931 164 3996 lomrum
186 3944 224 3996 ad
247 3951 390 4012 utrumque
417 3942 555 4013 complura
578 3941 657 3995 colle-
692 3954 781 3996 serant
800 3943 893 4009 (Pall
915 3960 980 4011 qnae
998 3960 1055 3994 enm
1070 3941 1211 4017 fecerant),
1230 3955 1296 4016 quc·

69 4018 146 4069 gemus
162 4010 266 4065 eruditi
283 4009 448 4081 interpretes.
690 4030 749 4064 rum
775 4011 903 4065 librorum
928 4010 1072 4063 auctoritas
1090 4007 1136 4058 ubr
1154 4012 1297 4077 oppomtur

94 4077 155 4132 Susa
178 4080 283 4146 arbem]
325 4080 431 4134 Annoto
458 4095 548 4133 omnes
575 4078 656 4131 libros
689 4079 720 4133 iis
732 4098 798 4151 quos
815 4079 970 4133 litterisAB
990 4073 1182 4146 designavimus
1200 4073 1297 4143 exigue

69 4148 410 4202 rescindentem
427 4148 549 4202 Modium
559 4149 656 4201 Susam
691 4157 740 4203 est.
1277 4209 1283 4221 ,

70 4213 139 4268 urbem
155 4218 265 4270 habere.
727 4224 751 4286 §.
771 4225 811 4272 19.
847 4219 961 4283 donoque
980 4234 1007 4269 se
1026 4217 1126 4267 doceret
1145 4213 1219 4277 dore]
1241 4209 1297 4289 .M¹'

95 4294 168 4338 estete
183 4285 315 4354 precibus
331 4315 366 4326 —
382 4288 473 4354 iussis]
505 4285 550 4340 Sic
567 4300 657 4339 omncs
691 4306 751 4340 rum
778 4305 825 4340 cur
851 4283 1012 4338 recentiores
1038 4280 1152 4334 editores
1185 4286 1213 4331 et
1240 4295 1297 4357 ipse

71 4349 143 4419 totid,
169 4352 308 4422 scriptoris
331 4354 412 4408 nostri
435 4372 535 4408 morem
552 4353 657 4407 dicendi
692 4355 799 4409 Modius
821 4354 854 4406 sb
877 4353 926 4404 hac
943 4361 1035 4405 vetere
1052 4347 1165 4427 lectione
1184 4352 1298 4400 aucton-

72 4426 92 4464 n
107 4434 133 4473 ea
153 4439 183 4476 re
212 4428 357 4476 servantes.
390 4423 481 4494 Vulgo
504 4441 600 4493 graves
622 4455 658 4465 -
691 4432 750 4479 tate
768 4423 887 4478 codicum
904 4420 1009 4475 firmate
1026 4417 1140 4473 abierint
1157 4423 1186 4470 et
1200 4431 1299 4485 prono·

1075 4506 1106 4542 ro
