2926 5174
444 124 493 175 nn
526 120 653 176 cnsms
676 122 785 173 Anax.
811 125 847 193 x,
871 117 914 167 28.
1213 103 1285 176 523

52 306 189 379 ineunt.
239 302 364 377 Placet
390 305 586 379 exercitum
611 305 727 402 patrio
752 301 852 379 more
876 305 1029 379 lustrari.
1081 304 1129 378 Et
1160 306 1286 404 proba·

13 416 136 490 abilis
163 438 268 489 causa
294 412 486 488 videbatur
516 416 710 513 praeterita
736 413 922 489 discordia
973 412 1209 489 Macedonum
1235 441 1287 490 re·

51 552 118 624 ges
144 527 195 598 ita
219 527 372 598 lustrare
399 527 493 599 soliti
507 537 610 599 erant
622 527 761 616 milites,
787 538 829 599 ut
848 527 1015 600 discissae
1036 527 1132 599 canis
1150 527 1288 600 viscera

52 637 180 710 ultimo
205 637 241 708 in
268 660 411 733 campo,
446 638 482 709 in
510 661 615 734 quem
640 635 876 710 deduceretur
902 638 1095 727 exercitus,
1123 639 1168 712 ab
1194 647 1288 711 utra·

53 774 124 845 que
151 748 343 820 abiicerent
375 758 493 845 parte,
530 749 625 821 intra
656 747 693 820 id
725 747 881 844 spatium
911 749 1038 822 armati
1070 773 1193 821 omnes
1220 757 1289 821 sta·

51 870 145 949 rent,
172 859 253 931 hinc
279 859 428 954 equites,
454 859 551 931 illinc
575 859 743 954 phalanx,
965 930 983 956 0

10 991 36 1038 ιε
157 970 281 1066 Itaque
308 994 351 1050 eo
378 968 445 1059 die,
472 993 577 1065 quem
598 968 680 1040 huic
701 991 802 1040 sacro
821 964 1098 1059 destinaverant,
1123 993 1190 1042 rex
1208 971 1338 1044 cum29

55 1081 231 1176 equitibus
258 1081 526 1177 elephantisque
553 1079 761 1151 constiterat
787 1088 912 1151 contra
937 1080 1085 1176 pedites,
1112 1080 1190 1175 quis
1216 1077 1288 1152 Me·

17 1192 174 1289 creager
198 1201 373 1288 praeerat.
426 1191 502 1263 Iam
529 1198 693 1286 equestre
718 1212 848 1285 agmen
873 1191 1103 1280 movebatur,
1130 1200 1168 1263 et
1192 1188 1288 1288 pedi·

54 1313 107 1376 tes
141 1302 259 1375 subita
290 1302 479 1375 formidine
511 1302 558 1375 ob
590 1309 770 1374 recentem
801 1296 1031 1390 discordiam,
1071 1300 1169 1373 haud
1203 1325 1289 1374 sane

56 1414 171 1511 pacati
205 1414 393 1510 quicquam
425 1421 671 1509 expectantes,
712 1433 904 1508 parumper
935 1408 1207 1500 addubitavere,
1243 1437 1290 1484 an

56 1523 91 1595 in
116 1522 242 1597 urbem
274 1522 515 1611 subducerent
546 1521 683 1618 copias:
717 1519 848 1617 quippe
879 1545 944 1617 pro
972 1521 1148 1617 equitibus
1180 1523 1289 1620 plani·

21 1651 44 1698 1⁵
57 1635 121 1706 ties
148 1643 235 1707 erat.
289 1631 457 1707 Ceterum
483 1632 603 1721 veriti,
633 1656 678 1704 ne
710 1640 845 1703 temere
865 1632 1155 1712 ⁴commilitonum
1180 1632 1289 1706 fidem

58 1744 282 1833 damnarent,
322 1743 529 1832 substitere,
564 1740 783 1839 praeparatis
816 1740 863 1812 ad
889 1740 1127 1815 dimicandum
1153 1744 1288 1834 animis,

57 1856 85 1927 si
111 1855 190 1951 quis
212 1855 286 1928 vim
303 1854 460 1927 inferret
512 1852 588 1924 lam
605 1853 747 1950 agmina
765 1853 917 1942 coibant,
944 1877 1165 1950 parvumque
1182 1854 1288 1926 inter·

18 1982 42 2031 n
57 1965 190 2038 vallum
216 1975 310 2054 erat,
343 1963 440 2060 quod
472 1965 584 2036 aciem
614 1975 803 2060 utramque
835 1961 1020 2036 divideret.
1071 1961 1196 2061 Itaque
1222 1988 1288 2037 rex

57 2100 136 2148 curn
162 2101 235 2148 una
261 2076 318 2148 ala
346 2076 554 2172 obequitare
579 2073 758 2172 peditibus
785 2075 917 2171 coepit,
946 2072 1143 2149 discordiae
1169 2084 1289 2148 aucto

57 2211 130 2277 res,
166 2209 256 2282 quos
289 2186 381 2257 tueri
411 2186 488 2282 ipse
520 2184 691 2275 debebat,
724 2185 895 2257 instinctu
920 2181 1110 2258 Perdiccae
1136 2185 1183 2258 ad
1209 2211 1289 2282 sup

57 2298 160 2395 plicia
185 2295 399 2392 deposcens:
425 2296 698 2391 minabaturque
724 2320 848 2368 omnes
870 2306 1006 2370 turmas
1025 2322 1106 2370 cum
1125 2297 1289 2394 elephan-

14 2424 41 2471 17
57 2408 101 2480 tis
126 2404 358 2481 inducturum
384 2431 424 2480 se
448 2407 486 2479 in
505 2416 723 2480 recusantes.
763 2403 965 2504 Stupebant
983 2407 1184 2503 improviso
1194 2407 1289 2479 malo

57 2516 212 2615 pedites;
247 2541 315 2589 nee
345 2519 425 2615 plus
458 2517 495 2588 in
526 2517 603 2613 ipso
629 2514 808 2613 Meleagro
836 2527 913 2589 erat
947 2527 1010 2589 aut
1041 2517 1192 2606 consilii,
1227 2525 1290 2589 aut

58 2627 174 2699 animi.
229 2626 462 2700 Tutissimum
497 2652 543 2700 ex
578 2628 825 2724 praesentibus
860 2626 1064 2716 videbatur,
1100 2636 1290 2724 expectare

11 2754 40 2803 18
57 2738 186 2834 potius,
214 2764 323 2835 quarn
348 2763 494 2812 movere
518 2739 709 2810 fortunam.
761 2734 852 2813 Tum
875 2735 1055 2827 Perdicca,
1082 2747 1123 2810 ut
1149 2747 1289 2834 torpen-

56 2862 109 2920 tes
136 2858 174 2922 et
201 2848 378 2921 obnoxios
405 2848 505 2938 vidit,
534 2869 602 2920 ccc
621 2849 705 2937 sere,
733 2848 791 2943 qui
809 2846 1028 2944 Meleagrum
1046 2857 1290 2944 erumpentem

56 2983 102 3030 ex
120 2958 299 3049 contione,
326 2986 417 3056 quae
442 2960 557 3057 prima
581 2959 703 3032 habita
729 2969 789 3032 est
809 2968 893 3056 post
918 2966 1070 3061 mortem
1083 2955 1290 3047 Alexandri,

56 3070 168 3143 secuti
201 3078 320 3160 erant,
356 3096 378 3143 a
410 3071 536 3144 ceteris
574 3068 746 3142 discretos
753 3125 768 3161 ,
799 3069 996 3167 elephantis
1028 3068 1065 3139 in
1097 3077 1290 3165 conspectu

55 3179 166 3275 totius
194 3179 374 3252 exercitus
401 3180 536 3269 obiicit3
563 3204 757 3276 omnesque
782 3180 968 3252 beluarum
993 3178 1144 3277 pedibus
1167 3180 1291 3253 obtriti

10 3307 38 3355 19
56 3301 150 3381 sunt,
181 3314 251 3363 nec
276 3290 488 3386 prohibente
514 3290 694 3388 Philippo,
728 3314 807 3392 nec
821 3302 982 3364 auctore:
1015 3290 1291 3389 apparebatque,

54 3399 91 3472 id
116 3399 228 3473 modo
256 3424 322 3496 pro
349 3425 414 3475 suo
440 3400 713 3493 vindicaturum,
747 3400 843 3497 quod
869 3392 1105 3501 approbasset
1130 3411 1291 3474 eventus.

88 3603 111 3669 §-
130 3606 173 3654 12.
209 3602 244 3654 ab
271 3609 381 3669 atraque
407 3602 549 3654 obiicerem
570 3605 658 3671 porte]
693 3601 738 3655 lib.
755 3616 839 3669 xvm,
862 3611 916 3656 ct
942 3604 1052 3672 triptota
1076 3616 1187 3678 numero
1212 3597 1292 3677 fuisse

54 3668 143 3739 Vulgo
160 3669 355 3734 obiicerentur,
379 3670 425 3722 sed
442 3671 582 3723 obiicerem
598 3687 660 3723 mss.
694 3669 766 3723 dicit.
801 3670 839 3724 Et
869 3671 982 3724 libenter
1013 3669 1082 3739 apud
1109 3667 1229 3721 Curtium
1254 3672 1293 3718 ita

55 3753 154 3802 omnes,
172 3735 232 3816 sive
249 3744 282 3787 ut
298 3751 333 3787 ne
349 3736 412 3806 quid
428 3737 556 3804 omittam,
575 3740 660 3791 abice·
694 3739 859 3820 corrigerem,
878 3741 924 3791 sed
937 3737 998 3791 libri
1007 3755 1060 3790 non
1068 3735 1202 3789 adiuvant.
1222 3733 1293 3787 Tum

55 3814 110 3884 rent
127 3805 259 3885 plerique.
281 3801 340 3856 Nec
354 3820 461 3884 necesse
476 3813 518 3858 est
534 3815 566 3886 ut
582 3822 659 3885 reges
694 3809 784 3886 obsera
799 3806 871 3886 Flor.
882 3804 1025 3860 CDEGHI
1042 3802 1160 3856 Bern.B
1177 3802 1256 3856 Voss.
1265 3808 1291 3871 2,

55 3872 660 4011 sgefqggtsqqtquqshgqteaguslaqgsaggggpggrlslssq..
694 3874 888 4063 negdldlhgrb
906 3959 951 3995 suo
968 3956 1060 3992 verum
1074 3945 1123 4003 est,
1141 3938 1187 3990 sed
1198 3955 1251 4007 pro
1265 3957 1292 3992 se

56 4015 111 4062 tnta
124 4016 154 4062 et
168 4006 313 4089 quotannis
321 4023 410 4062 mense
420 4011 567 4066 Ξανθικοῦ
580 4009 662 4078 (circa
694 4012 765 4065 Flcr.
783 4011 835 4064 DE
859 4009 927 4063 GHI
944 4009 1023 4061 Bern.
1041 4008 1074 4059 Β.
1110 4006 1180 4058 Tum
1206 4012 1293 4076 quoad

56 4076 123 4130 veris
140 4075 265 4142 initium)
284 4075 414 4130 celebrata
435 4079 468 4131 cf.
480 4077 584 4130 Livium
601 4076 659 4132 libr.
713 4080 829 4132 robosset
846 4079 916 4131 Flor.
928 4077 963 4140 C,
986 4084 1014 4129 et
1036 4074 1218 4145 traditurque
1236 4092 1293 4130 esse

57 4142 660 4211 xc,tetvideMeursiiGraeciamferiatliblv.
694 4168 722 4202 m
731 4151 806 4200 Voss.
818 4154 830 4198 1
849 4146 922 4199 Flor.
933 4143 1047 4211 (Heius.)
1057 4143 1126 4196 Dan.
1137 4144 1203 4210 (non
1211 4144 1291 4199 Bern.

91 4215 213 4285 Copae,
232 4216 256 4279 ς.
269 4215 311 4264 18.
346 4225 401 4268 ccc
418 4215 493 4284 fere]
528 4214 660 4271 Diodorus
694 4217 742 4285 A),
759 4223 801 4270 est
817 4220 889 4268 certe
906 4213 934 4268 in
951 4211 1015 4268 edit.
1032 4231 1071 4286 pr.
1089 4219 1117 4267 et
1133 4212 1202 4266 Mer.
