2926 5174
447 323 496 372 nn
523 320 648 373 cnsrrs
675 320 783 371 senx.
809 319 873 389 vn,
901 317 944 365 es.
1229 301 1303 372 323

91 504 226 580 edones
252 505 288 578 in
313 515 431 578 castra
455 506 672 595 referebant:
699 504 763 578 sed
787 530 854 579 nec
880 503 1054 578 barbaros
1080 503 1204 578 fefellit
1225 504 1305 578 sub·

91 615 201 689 luctus
215 641 261 689 ex
275 616 365 689 acie:
392 616 522 715 quippe
549 642 596 690 ex
610 616 706 690 edito
733 627 856 690 monte
883 626 1012 689 cuncta
1038 628 1307 714 prospexerant.

91 738 196 825 teque
222 738 367 826 postero
396 727 452 800 die
479 728 607 802 misere
633 729 770 828 legatos
798 727 846 801 ad
869 735 1002 826 regem,
1029 753 1118 824 quos
1143 728 1202 800 ille
1228 752 1308 826 pro·

91 842 165 913 inus
191 839 296 912 iussit
320 838 469 931 admitti,
496 840 832 938 solutisquefasciis,
857 837 1137 937 magnitudinem
1151 839 1308 912 vulneris

91 951 316 1041 lssimulans,
356 976 436 1024 crus
475 952 637 1026 barbaris
677 952 843 1026 ostendit.
908 949 963 1023 Illi
1000 949 1087 1021 iussi
1125 949 1309 1025 considere

91 1063 266 1151 lffirmant,
298 1087 373 1134 non
397 1060 627 1156 Macedones,
661 1089 768 1162 quam
794 1064 890 1161 ipsos
917 1060 1092 1135 tristiores
1118 1061 1226 1134 fuisse
1253 1087 1309 1134 co·

91 1173 170 1271 guito
197 1173 348 1260 vulnere
373 1173 499 1272 ipsius:
532 1176 632 1249 cuius
658 1177 688 1250 si
715 1186 898 1248 auctorem
923 1171 1180 1270 repperissent,
1213 1170 1310 1245 dedi·

91 1308 172 1356 turos
211 1283 342 1375 fuisse,
383 1310 464 1356 cum
500 1285 568 1359 diis
608 1287 701 1360 enim
739 1310 900 1385 pugnare
931 1284 1121 1380 sacrilegos
1156 1292 1306 1355 tantum.

91 1391 243 1468 [laterum
257 1418 296 1465 se
310 1405 454 1492 gentem
472 1396 509 1468 in
535 1397 642 1472 fidem
668 1397 809 1489 dedere,
837 1407 1024 1494 superatos
1050 1395 1183 1467 virtute
1208 1393 1310 1466 illius.
1421 1450 1426 1460 .

91 1503 167 1596 Rex,
198 1504 272 1578 fide
305 1504 391 1579 data
417 1518 455 1579 et
480 1511 630 1607 captivis
655 1509 808 1607 receptis
815 1564 825 1600 ,
860 1516 1005 1607 gentem
1030 1506 1067 1579 in
1094 1503 1309 1578 deditionem

92 1617 215 1714 accepit.
269 1613 404 1690 Castris
429 1617 513 1692 inde
538 1622 644 1694 motis
670 1621 795 1693 lectica
820 1619 963 1693 militari
987 1618 1177 1706 ferebatur,
1203 1642 1311 1712 quam

93 1751 142 1822 pro
165 1753 202 1800 se
229 1728 381 1826 quisque
407 1754 514 1826 eques
550 1731 730 1829 pedesque
757 1730 877 1804 subire
903 1730 1099 1804 certabant.
1151 1727 1310 1824 Equites,

95 1860 155 1910 curn
180 1839 310 1936 quibus
338 1865 403 1915 rex
429 1842 563 1937 proelia
588 1843 677 1916 inire
711 1843 837 1915 solitus
871 1851 964 1931 erat,
1000 1841 1055 1914 sui
1086 1840 1241 1912 muneris
1273 1836 1311 1909 id

96 1971 153 2022 esse
185 1951 402 2023 censebant:
439 1951 577 2049 pedites
604 1964 745 2044 contra,
780 1977 862 2025 cum
887 1953 1027 2026 saucios
1055 1951 1311 2025 commilitones

96 2057 146 2155 ipsi
166 2072 308 2160 gestare
334 2062 590 2157 assuevissent,
626 2065 714 2163 eripi
746 2063 813 2138 sibi
844 2064 1029 2162 proprium
1055 2063 1209 2136 officium
1235 2070 1313 2133 tum

96 2171 312 2264 potissimum,
346 2199 426 2246 cum
460 2199 526 2247 rex
551 2174 747 2274 gestandus
774 2185 885 2265 esset,
919 2176 1168 2272 querebantur.
1221 2171 1311 2261 Rex,

97 2277 236 2359 intanto
263 2285 588 2383 utriusquepartis
621 2285 831 2376 certamine,
871 2295 908 2359 et
943 2285 1010 2357 sibi
1041 2282 1236 2373 difficilem,
1277 2291 1314 2356 et

97 2397 272 2486 praeteritis
290 2421 439 2494 gravem
460 2398 669 2473 electionem
694 2399 851 2471 futuram
876 2409 988 2489 ratus,
1013 2396 1167 2470 invicem
1193 2392 1313 2467 subire

99 2524 145 2577 eos
167 2507 275 2581 iussit.

176 2614 266 2691 Hinc
293 2628 421 2715 quarto
447 2618 504 2694 die
531 2620 577 2693 ad
603 2621 729 2695 urbem
754 2616 972 2695 Maracanda
1005 2628 1223 2717 perventum
1249 2614 1366 2691 estid

98 2742 156 2798 Lxx
178 2731 291 2804 stadia
317 2756 441 2805 murus
468 2732 564 2806 urbis
591 2731 831 2831 amplectitur;
859 2754 926 2803 arx
952 2730 1020 2804 alio
1034 2729 1189 2830 cingitur
1202 2753 1316 2801 muro.

135 2925 176 2972 .4.
200 2923 300 2991 fefellit
326 2923 466 2978 subductas
493 2943 524 2978 ea
546 2925 611 2978 acie.
642 2924 675 2978 In
708 2924 819 2980 verbum
839 2921 905 2976 illud
927 2922 1083 2977 damnantis.
1121 2923 1192 2976 Tum
1208 2923 1266 2991 ipse
1282 2951 1318 2962 -

159 2987 190 3041 tis
215 2989 287 3044 libris
314 2990 422 3045 additur
448 3010 509 3061 rea,
543 2994 589 3046 sed
617 3011 676 3047 eum
710 2993 866 3048 assuevisset
891 2990 984 3044 vitiose
1010 2991 1106 3047 otimi
1132 2991 1177 3062 qui
1197 3007 1231 3043 ue
1256 2989 1318 3046 libri

98 3057 244 3139 manuscripti
260 3076 318 3112 eam
330 3077 423 3113 vocem
437 3078 526 3114 omnes
540 3061 675 3128 omittant,
709 3060 785 3116 Leid.
800 3059 877 3113 Voss.
897 3066 910 3112 1
929 3060 1000 3113 Flor.
1017 3009 1052 3127 d,
1075 3061 1159 3115 Bern.
1177 3009 1203 3114 d
1219 3058 1317 3113 Modii-

98 3121 269 3203 tubntdhgere
277 3136 404 3199 praestat.
430 3128 581 3184 sustulerat
598 3129 677 3184 etiam
711 3145 764 3253 que
785 3129 953 3182 membranae
974 3145 1033 3181 cum
1058 3129 1118 3184 eliis
1135 3145 1170 3181 ex
1187 3127 1318 3182 deteriore

156 3211 190 3247 us.
736 3213 793 3251 asse
809 3203 838 3249 et
853 3196 940 3250 tribus
953 3196 1088 3251 Parisinis.
1111 3197 1216 3252 Vitium
1229 3204 1317 3250 sustu·

123 3258 142 3325 ξ.
157 3267 178 3314 G.
212 3263 274 3318 Noa
295 3265 468 3333 Macedones,
493 3285 573 3348 quarn
596 3267 677 3335 meos.
711 3266 744 3321 lit
779 3263 860 3318 rimus
877 3265 976 3320 Iunius.

98 3319 169 3402 Vulgo
184 3331 361 3400 Macedonas,
388 3335 435 3387 sed
451 3334 535 3389 latina
552 3334 678 3389 termina·
771 3340 865 3404 apid,
884 3339 906 3401 ξ.
922 3342 963 3389 10.
989 3336 1027 3388 ad
1039 3335 1126 3388 urbem
1137 3334 1316 3387 Maracanda.

98 3395 156 3449 bone
171 3398 268 3454 codices
289 3409 317 3456 et
339 3401 457 3472 plerique
475 3412 503 3457 et
520 3403 626 3475 optimi,
648 3412 679 3458 ut
712 3401 838 3522 Plerique
856 3403 932 3456 codd.
950 3403 1127 3472 Marupenta,·
1150 3401 1219 3455 infra
1236 3420 1258 3455 c.
1272 3408 1316 3468 38,

99 3474 139 3515 non
165 3482 193 3518 su
226 3469 290 3523 rsint
319 3487 370 3540 pro
397 3471 498 3526 Graeca
531 3473 581 3525 nisi
607 3472 678 3526 Flor.
713 3471 760 3525 ubi
777 3470 786 3523 i
805 3487 847 3522 em
864 3488 960 3525 nomen
977 3470 1076 3542 legitur
1084 3471 1247 3523 Maracanta
1262 3469 1317 3523 sem

98 3524 174 3613 Dillil
221 3537 329 3591 aris..A
355 3547 384 3592 et
410 3540 487 3594 Voss.
514 3547 540 3594 2.
574 3540 679 3595 Deinde
714 3540 742 3593 in
768 3538 893 3608 singulari
919 3555 1029 3593 numero
1056 3545 1110 3606 est,
1138 3538 1184 3592 sad
1209 3552 1277 3604 vm,
1302 3546 1315 3590 7

99 3602 209 3656 mlieres
220 3606 416 3675 fuisseomnes,
434 3610 575 3663 verborum
589 3609 680 3663 ordine
715 3609 887 3662 Maracanda
923 3608 973 3661 lur.
991 3606 1053 3660 satis
1070 3613 1228 3661 constanter.
1262 3607 1318 3659 Ve-

102 3679 136 3734 qu
149 3671 226 3741 vulgo
242 3683 280 3727 est
296 3683 408 3743 mutato,
427 3694 485 3730 curn
502 3677 603 3731 Medio.
714 3694 772 3731 rum
791 3674 864 3796 prius
918 3677 1065 3729 exandrum
1082 3676 1115 3728 ad
1133 3674 1205 3727 illam
1222 3673 1318 3743 prima-

105 3737 173 3811 §l-
197 3754 329 3809 superatos
346 3746 440 3798 virtute
458 3748 538 3799 illius.
570 3747 682 3800 Vulnere
716 3744 782 3798 riam
811 3745 940 3813 ogdianae
955 3745 1048 3796 urbem
1065 3741 1175 3808 venisse,
1194 3741 1319 3811 quemad

101 3801 679 3868 ιιιιωΒοηι.Α1ηω.ΑΒΙ)Ὲ61ιο·ι1.νοε,1
717 3811 830 3865 Tanaim
855 3812 1029 3867 contenderat
1056 3815 1148 3880 (supra
1172 3827 1193 3862 c.
1212 3813 1257 3874 24)
1285 3824 1320 3861 ex

102 3863 146 3923 Pel.
163 3881 174 3926 l
192 3877 372 3947 tresParisini,
390 3889 423 3933 ut
439 3880 490 3933 iam
507 3881 617 3935 testium
634 3900 682 3934 nu·
716 3880 822 3935 Arriani
834 3880 946 3936 historia
958 3894 1001 3947 111,
1020 3884 1053 3932 30
1071 3887 1099 3932 et
1116 3877 1172 3947 ipsa
1188 3892 1220 3955 re
1235 3883 1319 3946 patet.

103 3951 173 3994 merus
195 3952 222 4024 et
242 3947 355 4016 gravitas
376 3947 516 4002 videantur
536 3968 590 4003 non
607 3967 683 4020 posse
752 3966 803 4002 ara
826 3952 880 4003 alio
904 3950 1019 4018 cingitur
1040 3964 1132 4024 maro..
1156 3947 1268 4023 Verrunt
1292 3952 1321 3996 et

105 4016 227 4088 Quiemm·
258 4015 434 4070 Nihilominus
450 4017 523 4071 illam
544 4017 683 4071 lectionem
717 4016 824 4070 addet
851 4017 912 4072 libri
940 4024 1052 4069 veteres.
1088 4012 1160 4067 Ohm
1181 4013 1246 4064 edrtr
1269 4029 1320 4064 arx

104 4085 229 4157 m1311qeg0
245 4094 364 4153 argutam
382 4093 463 4154 atque
480 4088 546 4140 adeo
567 4085 684 4156 ineptam
717 4087 801 4154 illinc,
819 4085 911 4155 scripti
927 4083 1065 4154 pertimet
1078 4080 1128 4151 ipsi
1144 4082 1228 4142 illinc,
1246 4079 1321 4134 Laid.

106 4153 222 4216 existimo,
247 4168 322 4221 quam
339 4163 370 4205 ut
387 4170 404 4205 a
422 4153 516 4209 Curtio
537 4155 684 4224 profectam
718 4153 822 4207 Voss.1
841 4154 957 4207 Bern.A
975 4150 1058 4203 Paris.
1068 4158 1122 4203 tres
1139 4147 1210 4200 Flor.
1220 4147 1321 4217 DFGI,

106 4218 189 4274 putem·
719 4222 818 4291 partim
835 4223 892 4275 illic
908 4224 983 4272 Voss.
1001 4225 1016 4272 2
1036 4215 1153 4270 Bern.B
1171 4215 1242 4268 Flor.
1256 4215 1322 4284 ΒΗ,

133 4281 153 4345 i·
169 4287 191 4335 ⁸·
218 4289 316 4353 pedites
338 4298 439 4356 contra,
462 4308 526 4344 cam.
567 4288 685 4344 Mediam
719 4290 817 4359 partim
834 4291 908 4344 illius
925 4286 996 4340 Flor.
1014 4285 1096 4339 ABG.
1132 4283 1208 4338 Haec
1235 4285 1323 4364 omnia

107 4356 183 4428 707711]
197 4367 249 4429 {1011
264 4355 361 4410 habent
377 4356 559 4426 FlanDFGI,
576 4367 687 4412 tuentur
720 4365 783 4411 suut
803 4375 884 4424 vana3
909 4354 998 4410 Iunius
1015 4352 1114 4424 primus
1135 4355 1207 4407 nullo
1229 4353 1322 4420 edidit,

109 4419 176 4469 oeten
189 4416 260 4490 libri,
285 4426 356 4496 quod
373 4425 458 4480 Modii
481 4444 560 4481 causa
576 4435 685 4497 annoto,
720 4425 786 4480 mibi
799 4433 828 4479 et
840 4427 874 4479 nd
891 4424 1027 4478 literarum
1044 4422 1153 4477 ductum
1170 4428 1199 4474 et
1214 4420 1248 4473 sd
1265 4438 1323 4477 sen·

1082 4509 1135 4562 21*
