2926 5174
95 259 168 330 552
616 277 813 328 Arsurum.

94 485 163 524 mox
187 467 303 540 inpipre.
348 463 517 542 subsisteret]
543 466 678 521 obsisteret
700 462 791 522 Voss.
808 465 842 537 2,
866 466 1024 522 sustineret
1049 464 1133 523 Flor.
1157 465 1208 523 FI.
1247 485 1321 542 capes-

96 554 187 628 sendi]
206 551 366 625 capesciudi
386 550 466 607 Flor.
484 569 584 608 omnes
601 558 712 626 praeter
728 550 791 609 ΑΗ
809 567 838 608 et
853 552 945 609 Bern.
965 550 1008 608 Β.

182 643 205 708 5.
225 637 255 693 2.
300 655 381 709 quom
401 655 461 692 cum
478 636 601 714 strenuo]
618 655 699 711 qnam
716 645 772 694 tum
789 639 927 694 strenuior
946 647 1024 695 esset
1038 638 1108 696 Pal.
1130 639 1157 696 1.
1193 638 1320 717 offanum]

95 725 244 800 adfuerunt
267 722 355 780 Born.
374 722 406 779 A
433 721 462 797 (e
478 720 559 780 Flor.
578 722 649 779 nihil
671 723 839 780 nFreinsh.
858 723 1010 798 scriptura
1034 727 1098 801 ads.
1124 725 1262 782 diversum
1282 745 1319 782 no

96 812 197 884 tatur).

181 900 205 965 5.
231 895 260 951 3.
304 895 549 970 comparabantur]
580 895 727 970 conparab.
761 895 839 954 solus
866 895 960 954 Beru.
991 896 1036 954 A.
1094 895 1221 974 macru]
1246 898 1319 954 demut

97 981 185 1038 Bern.
204 981 230 1037 Β
248 981 328 1038 Flor.
346 980 416 1037 EH.

182 1072 207 1137 5.
227 1069 257 1123 4.
303 1067 498 1142 equorumquc]
518 1085 648 1141 equorum
668 1067 757 1124 Bern.
776 1066 802 1124 B
820 1067 898 1125 Flor.
919 1068 954 1125 H
972 1067 1067 1127 Voss.
1089 1069 1118 1126 1.
1138 1069 1169 1126 2.

182 1158 207 1223 5.
228 1153 257 1209 5.
303 1151 425 1230 orbibus]
444 1152 539 1226 opibus
564 1153 642 1211 Flor.
661 1153 707 1224 A,
732 1154 825 1210 obibus
842 1152 932 1211 Voss.
955 1157 987 1211 1.
1036 1157 1067 1213 in
1085 1152 1202 1231 umam]
1218 1155 1246 1211 in
1261 1163 1317 1210 terra

95 1238 176 1297 Flor.
196 1239 237 1296 A.
277 1240 480 1314 amputaturos]
499 1249 672 1313 amputavere
689 1240 770 1297 Flor.
788 1239 892 1298 DFGI
910 1240 982 1297 Pal.
1006 1241 1034 1297 l.

205 1324 278 1401 Cap.
299 1325 349 1396 36,
371 1329 395 1394 5.
417 1326 445 1384 6.
489 1323 602 1402 deutra]
631 1326 743 1382 decima
771 1325 850 1383 Flor.
873 1325 931 1383 ΒΙ.
957 1326 1071 1402 Tiaris]
1102 1329 1189 1402 tyaris
1220 1333 1317 1400 uterque

95 1411 183 1469 Bern.
219 1412 287 1468 item
305 1410 391 1487 paulo
413 1417 478 1484 post
495 1413 576 1485 typri,
593 1430 649 1486 quo
666 1412 728 1470 loco
745 1413 829 1469 etiam
847 1411 930 1470 Leid.
954 1410 1049 1470 Voss.
1071 1414 1086 1468 1
1109 1413 1151 1470 sic
1167 1413 1264 1472 habere
1277 1431 1316 1469 no-

99 1506 186 1555 tatur.

186 1589 210 1654 5.
231 1584 260 1640 9.
295 1582 500 1661 commeatuum]
519 1585 721 1640 comessantium
746 1583 825 1642 Flor.
842 1580 946 1641 CDFI
971 1582 1041 1644 Pal.
1064 1585 1094 1641 1.
1132 1586 1191 1643 dics
1209 1584 1315 1661 qunque]

98 1673 217 1744 quinque
235 1671 294 1726 dics
311 1671 390 1727 Flor.
408 1669 446 1726 B.
482 1671 600 1744 traiecit]
619 1670 744 1726 traducit
760 1669 848 1727 Voss,
867 1670 897 1726 2.

183 1761 208 1826 5,
230 1757 279 1812 10.
309 1753 478 1832 opportuno]
497 1752 545 1813 Sic
563 1755 642 1812 Flor.
661 1755 752 1812 ΑΒΗ
769 1755 857 1813 Bern.
876 1755 948 1828 AB,
966 1755 1076 1831 reliqui
1094 1757 1178 1814 Flor.
1197 1766 1317 1832 oportuna.

93 1842 236 1917 planities]
255 1843 385 1915 planicies
401 1841 488 1899 Bern.
506 1840 564 1898 AB
581 1840 660 1899 Flor.
678 1839 807 1898 ABEH.
832 1842 1014 1916 prospectus]
1034 1835 1200 1918 conspectus
1216 1842 1318 1901 BeruB

97 1926 176 1986 Flor.
199 1927 240 1985 H.

201 2012 275 2089 Cap.
294 2014 345 2085 37,
368 2019 393 2085 5.
415 2015 464 2070 11.
504 2013 659 2092 numerum]
682 2032 793 2070 numero
821 2013 899 2074 Flor.
925 2011 1009 2071 FHI
1035 2014 1130 2073 Ber-n.
1153 2016 1182 2073 B
1206 2015 1286 2074 Voss.
1299 2015 1320 2070 2.

97 2099 256 2178 coniectari]
280 2102 459 2175 coniecturam
479 2099 558 2157 Flor.
581 2099 640 2156 ΕΗ
664 2098 751 2157 Bern.
768 2099 806 2157 B.
842 2099 1044 2179 aestimabant]
1069 2103 1242 2160 estimabant
1262 2102 1323 2160 Flor.

95 2184 232 2245 EFGHI
250 2186 336 2243 Bern.
354 2186 381 2242 B
403 2185 492 2244 Voss.
512 2185 541 2242 2.

185 2268 280 2343 512.
317 2273 407 2329 iuncto
425 2274 525 2346 equites
539 2274 645 2348 primos
669 2274 718 2345 ire,
739 2267 915 2346 pbalanpem]
937 2273 1039 2344 primo
1058 2274 1102 2330 ire
1128 2273 1212 2331 Flor.
1227 2274 1281 2332 DE
1306 2272 1327 2346 (e

98 2377 142 2432 pr.
160 2355 215 2431 m.)
233 2356 277 2413 ΒΙ
293 2355 359 2413 Pal.
381 2359 395 2414 1
416 2357 505 2414 Voss
518 2358 547 2429 2,
559 2360 650 2431 primo
664 2357 827 2433 pbalanqcm
844 2356 921 2413 Flor.
935 2353 974 2428 O,
993 2359 1092 2416 iuncto
1107 2362 1205 2434 primo
1223 2363 1262 2417 ire
1274 2360 1328 2436 pba

97 2444 202 2514 lancem
219 2443 298 2499 Flor.
316 2442 364 2514 H,
388 2445 478 2499 iuncto
499 2446 594 2516 patrio
617 2463 689 2500 more
708 2443 870 2519 pbalanpem
893 2441 986 2499 Bern.
1014 2443 1055 2500 B.
1102 2449 1256 2504 transitum
1275 2443 1329 2522 eins]

98 2523 200 2583 omitt.
220 2530 278 2583 eius
294 2526 372 2585 Flor.
390 2525 496 2586 DFGI
514 2529 582 2586 odit.
600 2528 680 2586 Mod.

184 2618 207 2683 5.
230 2615 277 2671 14.
314 2612 432 2692 Arbela]
450 2614 588 2672 barbelum
605 2615 691 2672 Bern.
707 2615 744 2687 B,
761 2613 890 2670 Arbelam
906 2614 991 2672 Flor.
1010 2615 1099 2674 DHI
1119 2618 1215 2676 Voss.
1231 2619 1249 2674 2
1269 2616 1333 2693 (An-

97 2698 181 2755 belam
198 2699 263 2756 Pal.
285 2698 327 2776 1),
345 2700 485 2757 Arbellum
501 2701 580 2758 Flor.
598 2702 639 2774 F,
657 2701 804 2758 Herbelom
819 2700 897 2757 Flor.
914 2699 943 2756 E
966 2701 1000 2776 (a
1019 2721 1068 2777 pr.
1087 2702 1162 2780 m.).

183 2787 278 2856 515.
315 2796 347 2842 ut
361 2788 478 2863 specul]
504 2784 655 2844 Omittitur
677 2796 707 2843 ut
728 2787 758 2843 in
776 2786 853 2844 Flor.
871 2783 924 2843 GE
952 2787 987 2862 (a
1004 2807 1052 2863 pr.
1072 2790 1133 2868 m.)
1154 2791 1188 2850 H
1219 2790 1332 2850 Berub

97 2870 177 2929 Voss
197 2873 227 2929 2.
263 2872 461 2950 temptandum]
481 2872 529 2931 Sic
554 2874 685 2931 scribitur
706 2873 736 2929 in
753 2873 832 2933 Flor.
851 2873 883 2929 A
903 2870 996 2930 Bern.
1025 2876 1079 2949 A,
1111 2879 1332 2954 contemplandum

97 2959 176 3016 Flor.
194 2959 254 3015 EH
271 2959 357 3016 Bern.
374 2960 400 3017 B
419 2959 508 3018 Voss.
527 2961 556 3017 2.

184 3047 280 3115 516.
316 3045 460 3124 violentus]
483 3050 610 3104 uiolenter
632 3047 712 3105 Flor.
730 3046 762 3103 H
785 3045 871 3102 Bern.
888 3043 929 3118 B,
953 3046 1108 3105 uiolentius
1133 3049 1218 3109 Flor.
1237 3049 1271 3110 O.
1302 3052 1331 3106 in·

96 3130 217 3209 rebitur]
234 3133 387 3206 inpreditnr
411 3132 491 3190 Flor.
509 3132 562 3189 FI.
597 3133 767 3207 torrentium]
794 3139 940 3188 torrentum
957 3131 1055 3190 Beru.
1075 3134 1117 3192 Β.
1155 3155 1230 3195 sara
1246 3132 1331 3212 suum]

96 3233 186 3274 secum
203 3237 274 3275 sano
291 3218 370 3275 Flor.
387 3217 414 3275 E
431 3218 519 3276 Bern.
538 3218 579 3276 H.
616 3229 655 3277 est
672 3219 800 3292 inditum]
820 3216 921 3275 omitt.
940 3226 983 3274 est
1003 3218 1038 3275 in
1056 3219 1145 3279 Flor.
1165 3222 1281 3282 DFGI.

189 3302 261 3380 Cap.
285 3306 335 3377 38,
364 3306 453 3375 518.
481 3306 599 3378 pradum
610 3308 686 3379 firm.
699 3305 758 3379 viu]
775 3304 951 3378 pradnmuiu
961 3305 1091 3376 firmare
1109 3304 1331 3368 Flor.cDFG1.

187 3396 211 3461 5.
233 3391 283 3447 19.
319 3392 429 3448 luctatio
446 3389 500 3468 est]
518 3400 557 3448 est
574 3392 683 3448 luctatio
700 3390 780 3447 Flor.
798 3390 858 3447 ΕΗ
874 3388 964 3445 Bern.
983 3388 1012 3445 B
1033 3389 1131 3451 Voss.
1152 3395 1184 3454 2.

188 3481 211 3545 5.
231 3477 282 3533 20.
317 3497 403 3551 neque
420 3497 491 3535 cons.
516 3497 601 3551 nepote
619 3480 682 3551 imp.
701 3479 789 3550 accipi
808 3483 915 3550 poterat
933 3474 1131 3555 obstrepebat]
1156 3501 1244 3558 neque
1265 3483 1331 3554 tupi·

100 3561 173 3616 rium
190 3581 275 3636 neque
291 3565 386 3621 consil.
403 3565 525 3638 accipere
538 3572 666 3638 poterant
683 3563 714 3619 ob
726 3564 866 3637 strepitum
884 3559 973 3617 Born.
996 3561 1036 3635 B,
1057 3565 1256 3643 obstrepebant
1269 3567 1332 3626 Flor.

101 3645 133 3702 H
150 3645 240 3706 Voss.
260 3648 290 3705 2.

186 3739 211 3805 5.
231 3735 282 3791 21.
318 3736 431 3811 leniore]
451 3737 528 3811 quali
544 3754 589 3791 ore
602 3736 685 3814 *Flor.
704 3736 740 3807 B,
758 3735 855 3791 leuiore
871 3731 949 3791 Flor.
967 3731 1034 3792 ΕΗ
1053 3736 1152 3797 Bern.
1171 3740 1200 3799 B
1217 3740 1299 3799 voss.
1308 3738 1331 3794 2.

186 3826 209 3891 5.
228 3821 278 3878 22.
313 3820 443 3899 bostium]
461 3821 588 3880 Additur
605 3822 634 3878 in
651 3820 732 3878 Leid.
741 3822 862 3895 fucavit.

186 3912 209 3977 5.
228 3908 279 3964 23.
317 3926 371 3980 quo
389 3927 463 3965 man.
480 3905 579 3984 niquit]
597 3910 713 3963 manime
737 3926 793 3981 qun
808 3907 892 3979 uipuit
907 3902 990 3962 Flor.
1009 3905 1046 3964 H
1072 3919 1106 3969 et
1122 3911 1216 3972 Born.
1234 3912 1259 3971 B
1277 3907 1330 3983 (nisi

99 3991 175 4063 quod
193 4011 262 4065 quoe
279 3993 387 4066 habet).
421 3994 573 4067 nunquam]
592 4012 740 4066 numquam
757 3992 837 4049 Flor.
856 3991 896 4049 A.
915 3991 1031 4069 temere]
1052 3996 1186 4057 Addunt
1199 4019 1256 4056 rem
1268 3997 1328 4055 Flor.

99 4074 131 4130 H
148 4076 235 4135 Bern.
254 4079 291 4136 Β.
327 4078 405 4157 ripa]
423 4083 514 4154 ripum
531 4079 609 4135 Flor.
628 4077 743 4137 DEFG
762 4080 795 4151 (a
810 4097 853 4152 pr.
867 4078 920 4150 m.)
938 4075 954 4132 I
972 4075 1043 4136 Pal
1066 4083 1098 4142 1.
1136 4095 1164 4142 et
1181 4084 1251 4163 iam]
1267 4085 1329 4141 nun

98 4159 186 4218 Bern.
202 4165 227 4220 Β
244 4172 272 4220 et
285 4164 366 4221 Flor.
385 4184 483 4224 omnes
499 4175 612 4241 practer
623 4165 659 4237 B,
677 4165 708 4221 in
725 4184 781 4239 quo
799 4172 843 4221 est
860 4166 923 4234 ium,
940 4169 1109 4242 utrumque
1127 4172 1224 4230 omitt.
1241 4169 1297 4229 Pul.
1308 4168 1328 4222 1.

185 4253 209 4316 5.
229 4250 279 4307 25.
314 4260 397 4324 capnt
411 4253 504 4326 plodio
522 4251 650 4325 denupsit]
668 4251 761 4324 picam
780 4259 861 4325 capnt
877 4247 955 4305 Flor.
966 4247 1096 4328 DFGI,
1116 4258 1253 4333 demessi
1266 4256 1328 4314 Flor.

97 4329 157 4387 ΒΗ
174 4331 260 4392 Born.
277 4336 315 4391 B.
351 4339 463 4414 manna]
488 4337 580 4396 omitt.
603 4336 633 4393 in
650 4336 738 4394 Bern.
763 4336 790 4394 B
819 4335 898 4394 Flor.
916 4333 948 4392 H
965 4333 1065 4397 Voss.
1086 4341 1120 4401 2.
1162 4347 1237 4421 ripis
1252 4334 1327 4420 podet]

96 4416 179 4490 pedes
196 4423 267 4494 repis
289 4420 379 4484 Bern.
398 4422 434 4480 Β.

16 4780 179 4864 Α
