2984 5176
509 291 558 341 nn
586 292 712 344 ensms
739 272 848 343 aiax.
881 295 931 363 1v,
958 292 1001 344 so.
1304 281 1375 349 141

124 482 249 564 erant,
285 470 455 546 adiuncto
480 474 592 549 milite
618 475 782 550 mercede
809 476 996 550 conducto.
1050 477 1208 551 Thracas
1235 474 1376 578 quoque

98 585 237 660 isimul
263 584 444 659 obiecerat
469 587 597 661 leviter
623 599 790 661 armatos.
833 587 1008 686 Adeoque
1034 591 1146 662 aciem
1162 592 1377 663 versabilem

123 698 269 797 posuit,
301 706 358 789 ut,
394 698 456 795 qui
482 698 598 771 ultimi
625 700 785 790 stabant,
812 725 858 773 ne
886 701 1170 792 circumirentur,
1205 702 1298 774 verti
1325 713 1376 774 ta·

122 836 232 903 men,
260 819 300 884 et
323 807 362 879 in
386 809 544 884 frontem
570 812 761 908 circumagi
787 823 946 909 possent.
999 811 1124 908 Itaque
1150 839 1224 885 non
1250 815 1375 910 prima,

123 949 240 1029 quam
264 926 391 1015 latera,
417 949 491 997 non
518 923 632 995 latera
657 923 851 996 mmritiora
876 925 985 1012 fuere,
1013 949 1121 1019 quam
1148 934 1259 1022 terga.

99 1055 104 1099 i
231 1034 301 1108 His
327 1036 380 1108 ita
405 1033 589 1124 ordinatis,
616 1035 798 1132 praecipit,
826 1044 882 1122 ut,
911 1034 941 1104 si
966 1034 1115 1106 falcatos
1143 1059 1267 1106 currus
1296 1036 1426 1107 cumdl

121 1146 276 1220 fremitu
301 1147 447 1221 barbari
474 1146 692 1236 emitterent,
725 1145 793 1242 ipsi
826 1145 956 1218 laxatis
990 1144 1175 1218 ordinibus
1202 1146 1376 1242 impetum

129 1256 394 1331 incurrentium
431 1257 572 1339 silentio
611 1257 836 1353 exciperent,
868 1256 967 1328 haud
999 1256 1127 1329 dubius
1166 1256 1242 1328 sine
1279 1281 1377 1328 noxa

128 1376 417 1458 transcursuros,
451 1368 481 1439 si
513 1393 618 1440 nemo
652 1393 691 1440 se
724 1377 936 1464 opponeret:
972 1369 1027 1440 sin
1060 1377 1181 1439 autem
1207 1366 1283 1438 sine
1309 1366 1376 1438 fre·

131 1476 227 1549 mitu
252 1478 498 1567 immisissent,
537 1503 599 1550 eos
636 1479 704 1575 ipsi
736 1479 891 1550 clamore
926 1489 1118 1568 terrerent,
1153 1476 1376 1574 pavidosque

100 1604 242 1685 *equos
275 1591 358 1663 telis
393 1589 573 1685 utrimque
600 1588 830 1662 suffoderent.
885 1587 953 1678 Qui
981 1590 1147 1663 comibus
1174 1599 1374 1685 praeerant,

127 1692 329 1775 extendere
361 1726 404 1774 ea
435 1701 538 1788 iussi,
571 1700 622 1770 ita
649 1711 689 1772 ut
714 1726 780 1772 nec
814 1702 1170 1790 circumvenirentur,
1206 1702 1236 1771 si
1262 1701 1374 1773 artius

101 1818 286 1902 istarent,
318 1838 385 1886 nee
419 1823 541 1885 tamen
573 1812 735 1884 ultimam
770 1812 883 1883 aciem
922 1813 1156 1883 exinanirent.
1222 1808 1374 1906 Impedi-

121 1931 252 1994 menta
279 1948 362 1995 curn
388 1923 557 2020 captiviS,
592 1923 686 1994 inter
722 1947 812 2017 quos
839 1932 954 1994 mater
979 1922 1151 2017 liberique
1178 1917 1287 1992 Darei
1315 1944 1372 1991 cu-

123 2031 396 2123 stodiebantur,
437 2032 536 2104 haud
572 2033 698 2129 procul
733 2033 807 2104 acie
845 2033 883 2104 in
918 2031 1014 2103 edito
1051 2031 1140 2103 colle
1179 2030 1373 2118 constituit,

104 2141 273 2219 modico
304 2142 482 2241 praesidio
515 2144 649 2216 relicto.
707 2142 868 2216 Laevum
896 2168 1022 2233 cornu,
1048 2143 1141 2214 sicut
1167 2142 1264 2232 alias,
1291 2139 1376 2213 Par·

123 2253 288 2326 menioni
313 2254 489 2328 tuendum
516 2253 658 2326 datum:
685 2255 763 2352 ipse
790 2256 826 2324 in
854 2253 983 2327 dextro
1011 2254 1140 2325 stabat.

232 2362 404 2438 Nondum
430 2365 636 2438 adiectum
663 2366 724 2440 teli
750 2374 999 2463 pervenerant,
1019 2390 1099 2436 cum
1112 2362 1203 2435 Bion
1230 2363 1375 2460 quidam

125 2476 328 2573 transfuga,
356 2487 490 2573 quanto
516 2477 674 2549 maximo
702 2502 808 2548 cursu
833 2485 1010 2573 potuerat,
1030 2475 1078 2547 ad
1102 2500 1225 2572 regem
1250 2499 1374 2572 perve-

124 2584 200 2656 nit:
227 2588 407 2679 nuntians,
434 2589 586 2659 murices
613 2587 748 2660 ferreos
774 2588 811 2658 in
838 2598 972 2660 terram
999 2585 1177 2658 defodisse
1203 2584 1372 2675 Dareum,

125 2720 202 2792 qua
234 2699 377 2770 hostem
408 2699 547 2795 equites
574 2700 786 2771 emissurum
813 2723 892 2770 esse
919 2696 1104 2786 credebat,
1136 2704 1372 2791 notatumque

104 2816 230 2880 ’certo
263 2809 366 2906 signo
400 2810 534 2900 locum,
569 2821 611 2881 ut
636 2810 734 2881 fraus
762 2810 888 2883 evitari
915 2836 937 2881 a
963 2809 1036 2879 suis
1063 2817 1196 2905 posset.
1248 2805 1374 2878 Asser-

124 2919 207 2991 vari
244 2920 432 3017 transfiiga
468 2921 582 3011 iusso,
623 2919 730 2992 duces
769 2928 964 2993 convocat:
1007 2918 1242 3014 expositoque
1277 2914 1375 3010 quod

125 3028 335 3101 nuntiatum
362 3042 449 3123 erat,
474 3042 616 3121 monet,
643 3042 684 3102 ut
710 3032 893 3128 regionem
919 3036 1156 3100 monstratam
1184 3024 1372 3116 declinent,

125 3141 357 3237 equitemque
383 3143 581 3239 perieulum
607 3141 791 3215 edoceant.

160 3357 185 3423 ξ.
205 3363 248 3410 32.
278 3359 361 3410 aciem
379 3359 531 3412 emanbilem
549 3377 639 3412 omnes
657 3360 733 3412 codd.
768 3359 839 3411 Nam
856 3358 927 3428 quod
944 3356 1047 3409 Medius
1065 3362 1158 3407 contra
1175 3354 1292 3408 codicum
1309 3353 1374 3407 scri-

125 3424 212 3477 nostri
248 3426 456 3479 raeterFlor.H
472 3434 500 3479 et
517 3427 640 3494 BernB,
677 3445 734 3479 rae-
768 3436 876 3496 pturani
897 3426 987 3491 affert,
1013 3424 1041 3476 in
1066 3423 1149 3476 Darei
1170 3423 1289 3477 oratione
1316 3439 1373 3476 esse

126 3500 203 3545 terea
260 3493 296 3546 id.
313 3494 422 3547 Voss]
448 3503 477 3548 et
494 3496 606 3550 Medius.
644 3446 734 3565 tingo
770 3497 861 3547 videtis
889 3496 993 3546 ordines
1020 3510 1112 3560 raros,
1138 3511 1236 3545 corneo
1260 3501 1372 3557 extenta,

126 3564 285 3632 versatilem.
313 3562 403 3614 Etiam
420 3577 450 3629 v,
468 3571 511 3631 25,
531 3572 563 3616 15
582 3582 660 3632 qnam
678 3582 734 3616 ver·
768 3565 880 3615 medium
903 3564 985 3614 eciem
1007 3580 1101 3613 erarium
1119 3571 1143 3613 et
1160 3564 1327 3625 extrunctam,
1346 3560 1373 3612 id

127 3630 222 3681 nabilis
231 3632 341 3697 fortune
353 3633 397 3698 sit,
412 3634 589 3685 documentum
603 3635 659 3701 ipse
668 3651 733 3684 sain.
769 3631 880 3684 sirecte
898 3629 1044 3683 consideres
1066 3629 1091 3681 ei
1112 3631 1267 3682 nonobest.
1301 3628 1373 3681 Nam

161 3696 229 3767 Cap.
241 3705 284 3765 51,
304 3701 326 3776 ᾗ.
346 3706 387 3752 33.
406 3701 528 3768 impetum
546 3702 734 3753 incurrentium
768 3699 921 3751 Alexander
944 3699 977 3750 de
995 3705 1108 3767 utroque
1126 3715 1207 3750 cornu
1225 3714 1286 3749 curn
1303 3696 1373 3748 dice·

128 3783 218 3819 omncs
250 3766 311 3819 libn
336 3766 398 3819 msti
423 3776 450 3820 et
471 3768 546 3821 Mod.
564 3768 659 3835 editio,
681 3769 734 3820 ele·
768 3776 820 3834 ret,
838 3767 981 3836 praefectos
995 3783 1086 3819 curare
1099 3765 1174 3818 iussit
1188 3764 1373 3832 neutriusque

127 3833 234 3903 gentius
252 3833 333 3887 etiam
354 3853 433 3905 quam
451 3837 522 3905 quod
540 3836 628 3888 editur
645 3854 734 3888 occur·
769 3853 863 3888 cornus
884 3843 1018 3887 extremae
1039 3842 1142 3904 partes,
1169 3849 1236 3902 quac
1257 3832 1372 3883 medium

127 3904 249 3954 rentium.
284 3902 352 3955 Mox
368 3907 506 3974 praecepit
528 3904 600 3957 Flor.
617 3904 734 3959 DEFGI
768 3903 851 3958 totius
870 3903 935 3956 aciei
952 3903 1077 3968 efficiunt,
1097 3902 1303 3953 exinanirentur.

128 3968 204 4025 Voss.
223 3978 240 4023 2
260 3978 288 4023 et
305 3971 379 4024 Mod.
803 3977 827 4038 S.
846 3978 887 4026 35.
923 3975 996 4025 leand
1006 3973 1102 4039 procul
1119 3970 1187 4037 acie]
1212 3967 1284 4045 Olim
1301 3966 1372 4036 lege-

159 4042 182 4107 §.
202 4046 248 4092 34.
274 4056 322 4091 aec
339 4050 425 4093 tamen
442 4044 561 4095 ultimum
579 4044 661 4095 eciem
679 4045 734 4094 eei·
768 4043 848 4095 batur
874 4042 907 4093 ab
934 4042 998 4093 acie.
1037 4037 1144 4091 Medius
1171 4042 1299 4100 correxit,
1326 4036 1373 4087 sed

127 4107 266 4176 anteirent]
316 4108 440 4161 Ultimum
469 4110 498 4162 in
519 4111 595 4164 codd.
614 4110 733 4163 omnibus
768 4127 907 4180 operarum
939 4124 1028 4160 errore
1063 4108 1145 4158 aciem
1172 4103 1263 4156 edidit.
1307 4105 1373 4155 Acie

124 4170 225 4245 legitur
234 4185 264 4226 et
272 4175 332 4228 edd.
341 4176 510 4247 principibus.
528 4178 612 4231 Aldus
621 4178 734 4248 primum
768 4196 859 4231 verum
878 4185 919 4229 cst
936 4185 965 4229 et
982 4176 1019 4229 sie
1036 4174 1103 4229 solet
1122 4172 1243 4238 Curtius,
1261 4170 1321 4224 vide
1338 4172 1373 4224 ad

124 4245 240 4295 medinm
264 4244 395 4312 correxit,
421 4248 493 4315 quod
514 4247 595 4300 ceteri
618 4247 733 4299 editores
767 4262 813 4313 1v,
832 4253 881 4313 25,
900 4254 924 4300 3.

123 4311 306 4378 retinuerunt,
324 4330 379 4365 non
395 4314 491 4368 facturi
509 4315 618 4368 forsitan
631 4315 653 4366 si
662 4315 732 4368 vocis
803 4318 825 4382 ξ.
847 4322 888 4368 36.
924 4316 962 4367 ad
982 4316 1079 4366 iactum
1105 4314 1159 4380 teli]
1195 4311 1255 4364 Hoc
1280 4311 1372 4364 ordine

120 4379 315 4435 auctoritatem
336 4381 437 4435 nullam
462 4400 519 4437 esse
540 4383 731 4453 cognovissent.
767 4383 852 4437 nostri
869 4400 959 4437 omnes
981 4401 1034 4437 uno
1056 4390 1166 4452 excepto
1189 4380 1259 4433 Flor.
1278 4380 1315 4448 B,
1343 4387 1372 4434 et
