2926 5174
106 282 179 355 208
577 302 610 364 o.
640 301 763 354 cunrn
787 303 872 354 num

98 487 314 586 peditumque
339 485 435 559 miluc
460 485 508 559 od
532 486 758 560 reuocandum
793 485 911 559 beilum
941 485 1036 560 m'res'
1049 499 1195 584 puratos
1219 485 1324 580 hubert,

105 613 143 672 ut
175 598 283 671 omior
316 596 391 671 ortt
420 597 521 672 umus
545 597 704 697 supersit,
739 622 840 696 quom
866 596 1025 672 euiousto
1049 597 1102 672 sit.
1159 593 1250 680 Quid
1272 599 1347 673 rui-t

104 736 180 784 moos
210 708 381 782 beluarum
411 708 479 782 ritu
512 710 548 783 iu
581 707 767 807 pericuum
801 733 867 783 uou
905 707 1153 783 moessomom?
1191 706 1326 784 Fortium

104 821 253 894 virorum
285 832 345 911 est,
366 819 492 918 mopis
526 831 663 894 mortem
697 832 911 911 muummre,
951 845 1053 921 quom
1091 818 1203 894 odisse
1228 822 1326 895 odom.

31 973 33 977 v
108 929 217 1031 Saepe
248 930 355 1005 toedio
390 930 510 1004 loboris
544 933 592 1005 od
615 931 772 1005 oilitmem
796 930 852 1004 sui
876 931 1113 1029 compelluntur
1140 930 1273 1030 mccvi:
1301 945 1347 1004 ott

105 1042 190 1116 utto
213 1043 318 1117 virtus
343 1044 551 1140 iueupertum
577 1041 700 1116 omittit.
752 1042 869 1143 Itopu
899 1041 1053 1115 utimum
1078 1041 1231 1116 murium
1254 1069 1327 1117 mors

41 1243 45 1250 ι
106 1166 160 1244 est,
186 1153 234 1226 od
258 1179 359 1253 quom
383 1179 451 1228 coru
468 1153 570 1253 pipre
596 1154 645 1228 ire
670 1154 752 1228 sotis
778 1166 833 1228 est.
873 1153 1019 1228 Proinde
1043 1153 1232 1246 siBoctro,
1257 1154 1347 1254 prodo

104 1263 303 1337 tutissimum
332 1264 571 1363 receptaculum
596 1276 656 1355 est,
675 1265 838 1362 petimus,
867 1267 1075 1366 praefectum
1099 1265 1249 1364 repiouis
1272 1264 1327 1338 eius

104 1377 252 1452 Bessum
280 1401 391 1475 repom
421 1376 578 1473 temporis
604 1376 718 1475 pretio
750 1388 943 1449 statuemus.
1006 1372 1209 1475 Compositis
1240 1376 1325 1466 retus

105 1489 188 1563 iusto
214 1486 286 1585 repi
310 1487 369 1560 toiri
380 1487 605 1584 fiduciariam
630 1487 774 1561 restituet
798 1486 986 1586 imperium.

55 1600 102 1671 27
207 1596 315 1670 Haud
353 1598 482 1671 mirum
521 1610 591 1691 est,
630 1597 788 1672 Dareum
831 1624 904 1672 non
951 1600 1176 1697 temperasse
1215 1599 1342 1687 animat

105 1733 320 1807 quamquam
351 1719 427 1780 tarn
451 1709 581 1807 impiae
606 1710 688 1783 voci
718 1720 891 1806 quantum
917 1710 1017 1785 nefas
1044 1719 1158 1801 esset,
1195 1711 1320 1785 latebat.

103 1821 239 1919 Itaque,
257 1820 454 1914 Pessimum,
479 1822 603 1924 inquit,
629 1821 845 1920 ommipium
870 1822 1047 1920 repperisti
1069 1834 1259 1922 cooptatum
1279 1819 1323 1893 titi

104 1942 245 2034 tempus,
277 1958 341 2033 quo
365 1933 595 2032 parricidium
626 1935 795 2033 operires!
830 1933 1025 2031 strictoque
1058 1935 1204 2008 acinace
1235 1935 1346 2006 inter-t

103 2045 261 2118 fecturus
299 2070 381 2118 eum
414 2043 620 2136 videbatur,
654 2046 691 2117 ni
728 2059 881 2143 propere
911 2042 1044 2118 Bessus
1078 2045 1362 2167 Bactrianique,'p

105 2213 294 2278 ἱπποτοξόται
312 2209 392 2284 ἦσαν.
417 2219 457 2273 cf.
475 2221 509 2273 ad
527 2235 580 2288 vn,
599 2225 642 2289 38,
660 2219 706 2274 ubi
764 2219 940 2286 fiduciarium
952 2221 1068 2275 restituet
1076 2221 1226 2292 imperium]
1244 2219 1317 2274 Emer·

103 2284 256 2338 Alexander
272 2288 365 2341 foedus
382 2305 441 2341 cum
458 2288 489 2342 iis
506 2289 576 2342 fsoit.
740 2286 813 2343 datio
830 2288 896 2342 haec
913 2288 1032 2342 estIunii
1049 2289 1172 2344 aModio
1189 2298 1218 2344 et
1234 2285 1317 2357 reliquis

104 2385 107 2390 -
139 2357 706 2426 odrenouandumtellumoiresporutasto·
739 2364 860 2426 recepta,
885 2375 946 2411 nam
962 2357 989 2412 in
1007 2357 1079 2410 libris
1096 2376 1158 2411 mss.
1176 2358 1285 2413 omnibus
1298 2361 1317 2406 et

106 2423 174 2492 tout]
201 2423 251 2475 Est
268 2424 333 2477 haec
349 2432 424 2477 vetus
441 2425 589 2480 emendatio
606 2428 640 2479 ab
658 2426 704 2480 alt.
739 2423 801 2478 olim
809 2424 845 2477 im
863 2425 940 2479 ressis
940 2427 1047 2493 fiducia
1055 2425 1162 2495 legitur.
1181 2427 1238 2487 Liv,
1246 2436 1316 2480 xxm

105 2508 185 2543 manu
201 2491 229 2544 in
247 2491 378 2546 codicibus
395 2492 465 2546 Flor.
484 2492 534 2546 CG
551 2502 652 2555 extans,
670 2496 704 2548 ab
739 2498 772 2547 38
790 2443 863 2546 Noi)

104 2558 187 2626 Aldo,
201 2559 287 2622 Iunio,
301 2559 407 2631 reliquis
424 2570 539 2631 receptu.
556 2561 615 2616 Nec
627 2563 704 2618 video
739 2564 812 2628 dore,
830 2571 859 2614 ut
875 2564 967 2616 victori
983 2564 1035 2616 sior·
1052 2565 1207 2618 restitueret.
1241 2622 1244 2630 p

105 2626 167 2698 quid
185 2627 264 2682 facias
280 2628 454 2699 integriorum
472 2629 589 2684 codicum
602 2639 630 2684 et
639 2632 703 2686 edit.
774 2629 839 2699 Cap.
857 2636 900 2698 27,
919 2634 942 2699 ς.
960 2637 984 2685 9.
1019 2641 1144 2752 puuctum
1166 2635 1242 2701 nesus
1257 2628 1315 2697 esso]

102 2695 185 2767 prino.
203 2696 362 2768 scripturae,
385 2711 464 2768 quam
487 2699 592 2752 Modius
614 2718 705 2770 quam-
738 2697 853 2767 Elegans
870 2706 912 2752 est
930 2700 1000 2770 quod
1039 2715 1157 2771 ususque
1174 2701 1260 2754 editur
1272 2697 1316 2752 sut

102 2782 180 2835 quam
204 2764 259 2837 ipse
282 2766 476 2838 reprehendens
496 2767 647 2829 intextum
663 2785 704 2821 re-
738 2769 817 2833 esset,
846 2768 892 2821 sed
920 2767 1041 2835 infidum,
1072 2768 1197 2838 quoniam
1218 2767 1281 2822 nullo
1297 2763 1316 2816 in

102 2832 223 2902 vocavit,
251 2838 288 2888 od
312 2839 477 2901 reuocandos
502 2838 571 2890 uires
611 2847 704 2892 erutos
738 2834 839 2888 codice·
860 2843 929 2890 msto
959 2845 1066 2908 praeter
1095 2837 1167 2892 Flor.
1196 2836 1222 2890 G
1254 2840 1315 2896 uut

102 2904 203 2955 tabent.
228 2903 337 2958 Codices
355 2911 444 2957 tamen
461 2903 532 2958 Flor.
549 2905 575 2957 D
602 2905 638 2959 ΕΙ
652 2924 704 2975 po·
737 2903 920 2957 Probatissimi
945 2914 1035 2958 autem
1060 2907 1132 2976 quod
1149 2905 1271 2959 edidimus
1284 2919 1316 2954 ox·

102 2981 163 3024 rato
186 2973 291 3040 habeut,
317 2980 366 3040 ut,
393 2972 415 3026 si
436 2973 578 3042 repetitam
602 2990 645 3027 sae
664 2974 703 3027 ius
738 2971 838 3039 hibent,
865 2973 947 3026 ceteri
972 2976 1068 3028 inesset
1093 2974 1152 3028 Pal.
1181 2983 1194 3028 1
1220 2975 1315 3027 Vosst

102 3049 194 3095 uocem
220 3051 255 3095 tot
278 3059 332 3096 non
357 3060 410 3095 uno
431 3059 493 3097 casu
523 2993 704 3122 accipiendum
737 3040 818 3093 Bern.
842 3040 866 3093 Β
892 3041 975 3095 Flor:
991 3043 1116 3096 DEFHI.
1160 3043 1236 3096 Ferri
1260 3053 1316 3112 post

102 3125 216 3177 censeas,
234 3109 286 3163 iam
304 3111 341 3164 sic
356 3112 498 3181 procedere
515 3119 597 3192 possrt
610 3111 703 3165 verbo-
737 3109 848 3179 simplex
866 3111 975 3163 verbum
992 3111 1070 3164 facile
1086 3109 1253 3182 intelligitur.

102 3195 161 3230 rum
182 3179 343 3232 constructio
371 3189 406 3233 tot
430 3180 520 3248 populo
546 3210 581 3220 -
601 3190 702 3248 parata
771 3179 910 3246 repperisti
922 3189 1068 3248 cooptatum
1081 3181 1130 3233 tibi
1137 3181 1248 3250 ternpus]
1264 3179 1318 3231 Ero·

102 3248 197 3299 tabeat
228 3257 263 3300 tot
293 3249 367 3300 milio
394 3250 506 3317 equitum
527 3250 702 3316 peditumque.
732 3255 836 3314 ptotum
853 3245 882 3298 in
899 3247 996 3300 nostris
1010 3248 1085 3302 codd.
1100 3256 1129 3302 et
1143 3247 1175 3302 iis
1184 3242 1318 3319 quossml

102 3313 208 3367 Modius
234 3314 289 3384 ipse
311 3314 421 3369 coniecit
439 3326 474 3369 tot
486 3318 599 3384 populos
616 3347 650 3356 -
668 3319 706 3369 od
737 3313 850 3367 contulit
867 3315 987 3369 omnibus
1005 3324 1054 3383 est,
1072 3315 1136 3370 olim
1151 3310 1318 3370 iumaModio

102 3385 266 3435 renovandos
293 3385 361 3436 uires
379 3395 495 3452 paratos
512 3386 605 3451 tates,
632 3384 703 3455 quod
737 3382 779 3434 edi
798 3390 930 3462 coeptum,
949 3400 1009 3436 cum
1026 3384 1207 3438 interfuisset
1217 3393 1318 3454 optatum

103 3467 157 3503 non
173 3450 293 3521 intelligo
310 3449 360 3505 nisi
371 3462 472 3520 parato
489 3452 586 3521 voluit,
604 3454 638 3506 ud
654 3455 703 3505 mi·
737 3452 887 3519 Repperrsti
913 3451 1050 3574 dupliciss
1072 3453 1153 3507 Snnk.
1169 3471 1233 3507 mss.
1253 3459 1279 3505 ut
1292 3446 1319 3502 rit

1052 3538 1107 3576 ern.
1129 3521 1204 3575 Flor.
1220 3516 1318 3576 ADGll

855 2495 894 2547 idi
912 2512 968 2548 eom
985 2496 1073 2548 ortem
1088 2494 1316 2563 velutfiduciou'ou

102 3520 141 3572 lio
160 3517 277 3572 relatum.
737 3527 765 3571 st
788 3517 872 3572 nostri
894 3527 1007 3591 uterque

155 3626 161 3638 .
187 3593 210 3640 7.
254 3597 282 3642 at
308 3590 375 3641 nitu
404 3590 498 3660 uirtus]
548 3589 592 3643 Sic
613 3605 703 3642 omnes
772 3589 794 3655 ξ.
814 3593 853 3640 10.
893 3589 1076 3658 interfecturus
1105 3607 1164 3643 eam
1190 3583 1317 3652 oidetotu]

153 3656 179 3708 d.
197 3656 280 3709 nostri
299 3665 327 3710 et
344 3656 418 3712 Leid.
437 3657 514 3712 Voss.
529 3664 558 3726 13
575 3657 703 3712 editiones
737 3655 886 3710 Pronomen
904 3658 979 3711 codd.
997 3675 1136 3712 consensus
1158 3657 1236 3712 adiici
1252 3651 1318 3711 iustr-

101 3724 197 3794 (etiam
214 3725 300 3794 Mod.)
319 3737 346 3779 ot
363 3728 445 3779 uirtus
463 3727 536 3779 uiuit.
738 3724 818 3804 Quod
842 3723 961 3794 sequitur
983 3729 1014 3779 de
1032 3729 1176 3780 recentium
1197 3727 1277 3796 specie
1293 3736 1318 3773 ⁶¹

138 3798 161 3863 §-
179 3799 203 3848 8.
239 3812 324 3864 rupem
350 3796 471 3863 temporis
491 3795 582 3863 pretio
604 3804 703 3849 statuo·
737 3800 887 3847 comestura
902 3802 943 3846 est
961 3745 1164 3865 Sneienbnrgii,
1200 3805 1321 3867 uamquffll

100 3865 170 3985 iiii
183 3862 336 3986 mlltttt
351 3862 703 3985 iilimioibel‘isibi
734 3860 889 3983 mnu
907 3861 1175 3986 iiiirliiitsit
1199 3861 1317 3984 ttttt

101 4020 140 4071 pr.
150 4019 185 4053 m.
203 4000 275 4054 Flor.
284 4002 344 4068 AB,
363 4001 409 4053 sed
426 3999 454 4053 in
471 3996 578 4069 reliquis
595 3998 701 4067 legitur,
737 4000 838 4068 busque
863 3948 1021 4053 {ditionibm
1044 4007 1196 4054 constanter
1212 4002 1314 4073 deputor

101 4077 129 4121 et
156 4076 202 4121 aut
228 4068 279 4122 hoc
304 4069 389 4140 ipsum
416 4077 463 4122 aut
489 4066 572 4121 simile
598 4067 704 4138 aliquod
738 4077 829 4120 rentur
847 4068 959 4120 tristium
981 4070 1066 4137 specie
1090 4066 1195 4138 legitur.
1228 4063 1313 4119 Modo

101 4137 136 4188 ad
161 4153 193 4188 ex
214 4136 318 4191 lendum
348 4136 507 4190 sententiam
532 4135 704 4190 necessarium
738 4134 843 4206 quidem
864 4134 936 4188 illam
960 4153 1051 4190 vocem
1076 4135 1185 4202 delevit,
1219 4131 1311 4205 msam

100 4211 149 4257 est.
185 4155 240 4257 ded
257 4215 398 4274 temporum
422 4205 503 4258 Bern.
520 4203 545 4256 Β
563 4202 634 4258 Flor.
651 4203 704 4258 Du
737 4203 860 4273 reliquit,
888 4203 915 4257 in
955 4222 989 4258 ue
1013 4221 1043 4258 re
1068 4202 1149 4258 ceteri
1172 4219 1230 4255 eum
1244 4202 1309 4272 merl!

99 4272 165 4324 FHI
187 4273 294 4326 habent.
337 4273 438 4327 Mirum
462 4274 539 4325 retus
566 4273 655 4326 deesse
676 4272 704 4326 in
738 4279 816 4339 sunt;
838 4272 884 4325 sed
906 4222 981 4326 noiris
1003 4271 1109 4328 dubium
1135 4288 1186 4325 non
1209 4274 1307 4332 erat·

99 4336 180 4395 Bern.
202 4341 228 4392 A
264 4361 284 4394 r.
302 4359 337 4393 m.
355 4340 429 4395 Leid
453 4341 530 4394 Voss·
555 4347 584 4408 1,
611 4348 703 4396 extare
737 4339 894 4394 alterutrum
925 4342 1035 4397 verbum
1063 4357 1080 4393 a
1112 4336 1218 4393 librariis
1243 4336 1304 4392 sset.

99 4415 189 4461 autem
206 4406 233 4460 in
268 4408 410 4481 ,lorentinis
427 4409 557 4469 omnibus,
732 4408 848 4480 *vulgae
869 4407 959 4483 mutu
990 4424 1060 4477 m,
1086 4425 1140 4463 non
1164 4403 1224 4460 illud
1248 4395 1303 4471 quod
