2926 5174
491 325 540 374 on
568 322 696 375 arsrrs
722 322 832 376 arax.
857 324 908 392 vr,
935 321 977 369 rs.
1263 275 1349 375 ‘257

114 507 178 597 leti,
204 505 266 578 cui
293 503 509 579 Nicomacho
536 514 614 581 erat
639 532 787 598 nomen,
823 532 944 580 amore
969 507 1156 604 flagrabat,
1183 495 1361 604 obsequio

91 618 167 689 suni
193 615 266 689 sibi
293 615 405 690 dediti
431 619 589 716 corporis
614 620 767 692 vinctus.
807 618 853 710 Is,
885 617 982 717 quod
1008 643 1056 692 ex
1082 619 1187 691 vultu
1213 643 1353 714 quoque

115 728 264 827 perspici
291 738 445 825 poterat,
459 730 580 802 similis
594 730 760 822 attonite,
773 731 921 804 remotis
949 730 1091 803 arbitris
1118 754 1200 802 cum
1225 729 1355 802 iuvene

116 839 257 912 secessit
284 839 325 912 in
350 843 532 939 templum,
558 866 691 914 arcana
716 867 755 915 se
781 851 819 914 et
846 841 984 915 silenda.
1009 843 1137 915 afferre
1163 840 1355 938 praefatus,

96 971 403 1051 lauspensumque
437 954 687 1050 expectatione
722 978 787 1051 per
821 964 985 1028 mutuam
1019 954 1204 1027 caritatem
1237 961 1274 1024 ct
1304 950 1354 1048 pi·

117 1089 221 1161 gnora
248 1064 441 1160 utriusque
466 1064 573 1136 animi
598 1073 719 1162 rogat,
745 1075 787 1138 ut
813 1066 968 1139 affirmet
992 1063 1243 1154 iureiurando,
1265 1086 1356 1159 quae

96 1176 367 1266 tcommisisset,
402 1176 542 1251 silentio
574 1201 654 1250 esse
688 1187 876 1250 tecturam.
929 1175 978 1249 Et
1011 1177 1070 1249 ille
1102 1186 1219 1266 ratus,
1253 1173 1352 1263 nihil,

119 1287 204 1385 quod
242 1286 356 1360 etiam
390 1312 471 1360 cum
505 1288 659 1384 periurio
692 1287 933 1386 detegendum
965 1290 1074 1377 foret,
1107 1285 1355 1375 indicaturum,

97 1417 106 1463 t
118 1425 169 1497 per
194 1408 413 1498 praesentes
440 1397 526 1472 deos
551 1398 654 1471 iurat.
699 1397 792 1471 Tum
817 1397 970 1474 Dimnus
997 1399 1121 1498 aperit,
1148 1398 1185 1470 in
1212 1397 1357 1471 tertium

119 1509 202 1583 diem
235 1511 318 1608 regi
352 1509 497 1582 insidias
524 1519 764 1608 comparatas,
798 1535 907 1608 seque
933 1513 1009 1585 eius
1043 1509 1179 1583 consilii
1203 1511 1356 1595 fortibus

98 1621 191 1694 tviris
220 1632 261 1695 et
288 1621 488 1694 illustribus
515 1647 593 1694 esse
619 1622 838 1720 participem.
884 1620 1021 1712 Quibus
1048 1620 1187 1695 iuvenis
1214 1621 1357 1727 auditis,

99 1744 150 1804 flse
173 1758 265 1806 vero
294 1732 406 1806 fidem
430 1733 468 1805 in
493 1732 681 1830 parricidio
709 1732 849 1807 dedisse
882 1745 1090 1808 constanter
1114 1720 1358 1824 abnuitlilsshec

122 1844 180 1916 ulla
206 1845 404 1942 religione,
438 1855 480 1917 ut
505 1846 620 1919 scelus
646 1855 763 1942 tegat,
797 1871 904 1943 posse
938 1843 1143 1941 constringi.
1195 1842 1358 1933 Dimnus,

122 1965 150 2026 ct
170 1981 300 2029 amore
329 1966 367 2028 et
391 1966 491 2029 metu
516 1981 658 2049 amens,
693 1955 881 2030 dexteram
907 1958 1040 2032 exoleti
1067 1955 1293 2052 complexus,
1320 1964 1358 2026 et
1412 1973 1414 1978 ·

120 2065 320 2159 lacrimans,
362 2093 465 2140 orare
499 2069 667 2165 primum,
701 2078 743 2142 ut
778 2069 956 2167 particeps
1001 2067 1136 2142 consilii
1171 2067 1359 2164 operisque

100 2177 229 2254 afieret:
259 2180 292 2252 si
319 2177 358 2250 id
383 2180 558 2253 sustinere
582 2207 657 2253 non
683 2190 822 2277 posset,
855 2190 1015 2255 attamen
1040 2207 1086 2254 ne
1112 2178 1282 2279 proderet
1308 2202 1358 2268 se,

122 2291 209 2364 cuius
247 2316 340 2388 erga
373 2291 490 2388 ipsum
526 2292 789 2366 benivolentiae
827 2303 971 2388 praeter
1008 2295 1077 2367 alia
1111 2293 1180 2365 hoc
1218 2314 1359 2388 quoque

121 2399 263 2475 haberet
299 2403 533 2476 fortissimum
566 2404 710 2502 pignus,
746 2401 843 2498 quod
870 2415 979 2502 caput
1010 2431 1115 2478 suum
1141 2402 1360 2501 permisisset

91 2522 110 2572 ¹0
121 2511 191 2585 fidei
219 2512 345 2586 adhuc
369 2514 587 2612 inexpertae.
639 2511 699 2585 Ad
725 2515 890 2588 ultimum
917 2516 1075 2590 aversari
1101 2516 1215 2588 scelus
1242 2538 1359 2613 perse·

121 2635 304 2698 verentem
328 2625 455 2698 mortis
481 2637 579 2700 metu
604 2636 736 2699 terret:
763 2626 809 2699 ab
835 2628 896 2701 illo
924 2629 1039 2726 capite
1066 2627 1268 2701 coniuratos
1282 2625 1358 2723 pul·

91 2747 108 2795 ¹1
122 2736 335 2810 cherrimum
369 2737 505 2810 facinus
539 2737 780 2811 inchoaturos.
833 2738 934 2813 Alias
962 2737 1089 2811 deinde
1116 2737 1360 2810 effeminatum

121 2859 150 2922 et
176 2847 407 2922 muliebriter
442 2848 620 2941 timidum,
661 2850 747 2923 alias
787 2851 1008 2947 proditorem
1040 2847 1208 2922 amatoris
1243 2846 1361 2943 appel·

119 2960 204 3053 lans,
242 2984 345 3032 nunc
379 2960 538 3058 ingentia
562 2960 793 3060 promittens,
825 2958 1075 3056 interdumque
1099 2983 1250 3054 regnum
1277 2983 1362 3054 quo·

121 3097 197 3169 que,
236 3070 415 3144 versabat
448 3073 605 3144 animum
632 3082 735 3144 tanto
767 3070 923 3143 facinore
949 3070 1075 3168 procul
1100 3069 1362 3141 abhorrentem.

91 3198 106 3246 Β
120 3180 294 3259 Strictum
321 3180 450 3256 deinde
476 3183 634 3280 gladimn
660 3182 770 3256 modo
795 3181 905 3272 illius,
940 3182 1048 3255 modo
1075 3206 1140 3255 suo
1166 3180 1363 3254 admovens

118 3293 251 3395 iugulo,
283 3295 441 3392 supplex
465 3292 561 3367 idem
586 3305 624 3368 et
649 3293 800 3367 infestus
828 3293 1006 3390 expressit
1031 3293 1196 3384 tandem,
1223 3303 1265 3365 ut
1290 3318 1364 3368 non

91 3420 105 3468 ³
119 3409 230 3481 solum
268 3404 467 3497 silentium,
503 3405 566 3480 sed
597 3405 707 3480 etiarn
742 3430 888 3502 operam
914 3406 1149 3504 polliceretur.
1202 3404 1365 3504 Namque

146 3629 251 3708 dactus
286 3621 379 3744 scrippr
410 3623 516 3706 quidem
545 3641 650 3690 omncs,
682 3625 729 3704 sed
799 3627 822 3744 p.
841 3631 881 3678 11.
906 3625 1085 3696 interdumque
1102 3644 1175 3696 reon.
1194 3629 1303 3697 qaoque]
1322 3624 1366 3680 Sic

118 3695 315 3832 tum
333 3693 419 3814 ..a
437 3693 728 3842 nectara
763 3695 1367 3842 aee.rt.r⁰r.rrusuara⁶2:

119 3833 179 3887 endo
206 3845 307 3886 amore
328 3830 376 3909 sqd
398 3830 431 3883 de
448 3839 596 3908 constanua
618 3837 649 3883 et
666 3847 728 3899 per·
764 3833 901 3884 intactum.
924 3832 995 3886 Flor.
1013 3832 1068 3886 ΕΗ
1092 3833 1173 3886 Bern.
1190 3831 1214 3911 Β
1231 3833 1367 3912 ρηιενιζωη

118 3902 250 3971 potuitate
268 3915 375 3952 amous.
764 3916 863 3970 qaoque
879 3918 997 3971 repetam,
1015 3909 1095 3972 atque
1113 3901 1151 3955 sic
1168 3899 1252 3952 edrdrt
1266 3899 1368 3967 tumus,

135 3974 170 4049 ⁸5.
188 3978 215 4026 6.
255 3968 318 4036 reqi
343 3967 456 4020 insidias
482 3979 664 4049 comparatas,
686 3984 729 4021 or·
762 3969 809 4021 sed
826 3969 910 4024 multo
926 3970 1017 4024 melius
1035 3971 1164 4022 interdum
1180 3984 1288 4038 requam
1305 3984 1370 4037 qao-

119 4037 173 4093 ‹lms
189 4038 344 4116 verborum
360 4042 462 4089 mutato
479 4053 569 4089 omnes
585 4037 649 4092 hbrr
666 4052 727 4090 mss
768 4055 823 4107 que.
1181 4100 1182 4103 Ἴ
1236 4103 1242 4116 .
1317 4101 1324 4116 .

120 4105 188 4162 heiti
206 4109 265 4160 ina.
284 4121 343 4172 repe
361 4113 532 4173 comparatos.
803 4110 826 4176 §.
837 4113 877 4160 12.
897 4106 1025 4175 expressit
1037 4108 1141 4159 tandem
1158 4106 1196 4171 at]
1214 4103 1375 4164 SrcFrerns.

166 4182 217 4230 .8.
238 4177 376 4227 dexteram
393 4174 495 4294 exalet?
513 4173 582 4227 Edd.
601 4178 733 4253 dostram,
768 4175 890 4229 hemiana
906 4181 935 4227 et
951 4181 1033 4228 recte.
1068 4174 1138 4227 Edd.
1156 4179 1222 4225 vett.
1241 4179 1375 4242 expressit

152 4317 174 4382 t
259 4243 734 4390 sasabasar...
769 4239 1273 4378 rratr.rr:n.m.ec
1289 4240 1376 4366 aa

121 4387 161 4435 ter
181 4379 347 4459 Modianum
371 4390 437 4433 metu
464 4381 567 4446 mortis,
596 4381 645 4435 sed
667 4379 734 4435 illud
769 4382 827 4439 Pal.
849 4391 862 4436 1
882 4381 959 4434 Voss.
980 4387 995 4432 2
1022 4384 1195 4451 (quamquam
1217 4396 1270 4434 non
1295 4386 1374 4450 patet

122 4449 224 4506 codices
242 4447 321 4505 Lerd.
330 4446 635 4506 Voss.1Bern.AFlor.
644 4447 733 4505 ABG.
769 4455 842 4522 apud
859 4449 955 4517 Snak.)

1135 4538 1166 4587 lt
