<?xml version="1.0" encoding="UTF-8"?>
<!DOCTYPE html PUBLIC "-//W3C//DTD XHTML 1.0 Transitional//EN"
    "http://www.w3.org/TR/xhtml1/DTD/xhtml1-transitional.dtd">
<html xmlns="http://www.w3.org/1999/xhtml" xml:lang="en" lang="en">
 <head>
  <title>
</title>
<meta http-equiv="Content-Type" content="text/html;charset=utf-8" />
  <meta name='ocr-system' content='tesseract 3.04.00' />
  <meta name='ocr-capabilities' content='ocr_page ocr_carea ocr_par ocr_line ocrx_word'/>
</head>
<body>
  <div class='ocr_page' id='page_1' title='image "./qcurtiirufidege01rufugoog_0459.png"; bbox 0 0 2926 5174; ppageno 0'>
   <div class='ocr_carea' id='block_1_1' title="bbox 52 290 850 390">
    <p class='ocr_par' dir='ltr' id='par_1_1' title="bbox 52 290 850 390">
     <span class='ocr_line' id='line_1_1' title="bbox 52 290 850 390; baseline -0.001 -21"><span class='ocrx_word' id='word_1_1' title='bbox 52 290 162 370; x_wconf 78' lang='grc'><strong>’428</strong></span> <span class='ocrx_word' id='word_1_2' title='bbox 513 316 850 390; x_wconf 35' lang='lat' dir='ltr'><strong>,meramnum</strong></span> 
     </span>
    </p>
   </div>
   <div class='ocr_carea' id='block_1_2' title="bbox 84 495 1316 3180">
    <p class='ocr_par' dir='ltr' id='par_1_2' title="bbox 84 495 1316 2181">
     <span class='ocr_line' id='line_1_2' title="bbox 87 495 1309 568; baseline -0.001 -17"><span class='ocrx_word' id='word_1_3' title='bbox 87 499 209 551; x_wconf 82' lang='lat' dir='ltr'><strong>Acesiais</strong></span> <span class='ocrx_word' id='word_1_4' title='bbox 226 508 250 552; x_wconf 86' lang='lat' dir='ltr'><strong>ct</strong></span> <span class='ocrx_word' id='word_1_5' title='bbox 266 498 331 551; x_wconf 84' lang='lat' dir='ltr'><strong>Indi</strong></span> <span class='ocrx_word' id='word_1_6' title='bbox 347 499 513 567; x_wconf 80' lang='lat' dir='ltr'><strong>confluentes,</strong></span> <span class='ocrx_word' id='word_1_7' title='bbox 530 515 581 551; x_wconf 81' lang='lat' dir='ltr'><strong>sec.</strong></span> <span class='ocrx_word' id='word_1_8' title='bbox 591 498 757 561; x_wconf 66' lang='lat' dir='ltr'><strong>Aeaeum).</strong></span> <span class='ocrx_word' id='word_1_9' title='bbox 791 495 920 550; x_wconf 85' lang='lat' dir='ltr'><strong>Musicani</strong></span> <span class='ocrx_word' id='word_1_10' title='bbox 935 499 1002 563; x_wconf 78' lang='lat' dir='ltr'><strong>(sice</strong></span> <span class='ocrx_word' id='word_1_11' title='bbox 1009 514 1091 567; x_wconf 72' lang='lat' dir='ltr'><strong>pena,</strong></span> <span class='ocrx_word' id='word_1_12' title='bbox 1111 514 1181 568; x_wconf 80' lang='lat' dir='ltr'><strong>quae</strong></span> <span class='ocrx_word' id='word_1_13' title='bbox 1192 497 1309 552; x_wconf 75' lang='lat' dir='ltr'><strong>Maricam</strong></span> 
     </span>
     <span class='ocr_line' id='line_1_3' title="bbox 86 573 1311 646; baseline -0.001 -19"><span class='ocrx_word' id='word_1_14' title='bbox 86 577 176 644; x_wconf 69' lang='lat' dir='ltr'><strong>reputo</strong></span> <span class='ocrx_word' id='word_1_15' title='bbox 188 576 325 644; x_wconf 71' lang='lat' dir='ltr'><strong>parebat)</strong></span> <span class='ocrx_word' id='word_1_16' title='bbox 342 575 370 627; x_wconf 92' lang='lat' dir='ltr'><strong>in</strong></span> <span class='ocrx_word' id='word_1_17' title='bbox 387 574 520 628; x_wconf 85' lang='lat' dir='ltr'>dicionem</span> <span class='ocrx_word' id='word_1_18' title='bbox 537 573 701 644; x_wconf 85' lang='lat' dir='ltr'><strong>rediguntur,</strong></span> <span class='ocrx_word' id='word_1_19' title='bbox 718 574 811 628; x_wconf 85' lang='lat' dir='ltr'><strong>relicto</strong></span> <span class='ocrx_word' id='word_1_20' title='bbox 827 575 855 628; x_wconf 94' lang='lat' dir='ltr'><strong>in</strong></span> <span class='ocrx_word' id='word_1_21' title='bbox 872 591 966 628; x_wconf 89' lang='lat' dir='ltr'><strong>eorum</strong></span> <span class='ocrx_word' id='word_1_22' title='bbox 983 575 1057 627; x_wconf 90' lang='lat' dir='ltr'><strong>urbe</strong></span> <span class='ocrx_word' id='word_1_23' title='bbox 1076 573 1223 646; x_wconf 88' lang='lat' dir='ltr'><strong>praesidio.</strong></span> <span class='ocrx_word' id='word_1_24' title='bbox 1245 573 1311 627; x_wconf 77' lang='lat' dir='ltr'><strong>Prae</strong></span> 
     </span>
     <span class='ocr_line' id='line_1_4' title="bbox 86 649 1312 722; baseline -0.001 -17"><span class='ocrx_word' id='word_1_25' title='bbox 86 660 186 705; x_wconf 83' lang='lat' dir='ltr'><strong>stomm</strong></span> <span class='ocrx_word' id='word_1_26' title='bbox 203 668 251 704; x_wconf 74' lang='lat' dir='ltr'><strong>rex</strong></span> <span class='ocrx_word' id='word_1_27' title='bbox 266 650 439 718; x_wconf 76' lang='lat' dir='ltr'><strong>Porticanus,</strong></span> <span class='ocrx_word' id='word_1_28' title='bbox 468 662 621 722; x_wconf 85' lang='lat' dir='ltr'><strong>expugnata</strong></span> <span class='ocrx_word' id='word_1_29' title='bbox 638 653 717 718; x_wconf 89' lang='lat' dir='ltr'><strong>urbe,</strong></span> <span class='ocrx_word' id='word_1_30' title='bbox 740 650 768 703; x_wconf 89' lang='lat' dir='ltr'><strong>in</strong></span> <span class='ocrx_word' id='word_1_31' title='bbox 786 669 839 720; x_wconf 90' lang='lat' dir='ltr'><strong>qua</strong></span> <span class='ocrx_word' id='word_1_32' title='bbox 855 667 883 703; x_wconf 86' lang='lat' dir='ltr'><strong>se</strong></span> <span class='ocrx_word' id='word_1_33' title='bbox 901 649 1071 719; x_wconf 89' lang='lat' dir='ltr'><strong>incluserat,</strong></span> <span class='ocrx_word' id='word_1_34' title='bbox 1098 650 1235 705; x_wconf 85' lang='lat' dir='ltr'><strong>occiditur.</strong></span> <span class='ocrx_word' id='word_1_35' title='bbox 1265 652 1312 720; x_wconf 76' lang='grc'>(33)</span> 
     </span>
     <span class='ocr_line' id='line_1_5' title="bbox 86 726 1312 797; baseline -0.002 -15"><span class='ocrx_word' id='word_1_36' title='bbox 86 728 178 782; x_wconf 87' lang='lat' dir='ltr'><strong>Sambi</strong></span> <span class='ocrx_word' id='word_1_37' title='bbox 194 745 304 797; x_wconf 87' lang='lat' dir='ltr'><strong>regnum</strong></span> <span class='ocrx_word' id='word_1_38' title='bbox 322 727 456 797; x_wconf 85' lang='lat' dir='ltr'><strong>ingressus</strong></span> <span class='ocrx_word' id='word_1_39' title='bbox 473 728 642 794; x_wconf 76' lang='lat' dir='ltr'>Alexander,</span> <span class='ocrx_word' id='word_1_40' title='bbox 659 729 754 781; x_wconf 83' lang='lat' dir='ltr'><strong>multas</strong></span> <span class='ocrx_word' id='word_1_41' title='bbox 772 728 850 781; x_wconf 69' lang='lat' dir='ltr'><strong>urhe</strong></span> <span class='ocrx_word' id='word_1_42' title='bbox 871 727 971 797; x_wconf 83' lang='lat' dir='ltr'><strong>partim</strong></span> <span class='ocrx_word' id='word_1_43' title='bbox 989 727 1101 782; x_wconf 86' lang='lat' dir='ltr'><strong>deditas</strong></span> <span class='ocrx_word' id='word_1_44' title='bbox 1122 727 1152 780; x_wconf 89' lang='lat' dir='ltr'><strong>in</strong></span> <span class='ocrx_word' id='word_1_45' title='bbox 1169 727 1246 781; x_wconf 89' lang='lat' dir='ltr'><strong>tidem</strong></span> <span class='ocrx_word' id='word_1_46' title='bbox 1259 726 1312 781; x_wconf 86' lang='lat' dir='ltr'><strong>acci-</strong></span> 
     </span>
     <span class='ocr_line' id='line_1_6' title="bbox 86 803 1313 876; baseline 0 -19"><span class='ocrx_word' id='word_1_47' title='bbox 86 804 135 876; x_wconf 84' lang='lat' dir='ltr'><strong>pit,</strong></span> <span class='ocrx_word' id='word_1_48' title='bbox 152 803 250 873; x_wconf 88' lang='lat' dir='ltr'><strong>partim</strong></span> <span class='ocrx_word' id='word_1_49' title='bbox 266 803 412 874; x_wconf 77' lang='lat' dir='ltr'><strong>expugnat,</strong></span> <span class='ocrx_word' id='word_1_50' title='bbox 429 805 592 871; x_wconf 81' lang='lat' dir='ltr'><strong>Musicanos,</strong></span> <span class='ocrx_word' id='word_1_51' title='bbox 611 806 656 876; x_wconf 89' lang='lat' dir='ltr'><strong>qui</strong></span> <span class='ocrx_word' id='word_1_52' title='bbox 674 807 837 870; x_wconf 70' lang='lat' dir='ltr'><strong>defecerant,</strong></span> <span class='ocrx_word' id='word_1_53' title='bbox 854 821 903 874; x_wconf 90' lang='lat' dir='ltr'><strong>per</strong></span> <span class='ocrx_word' id='word_1_54' title='bbox 919 804 1073 858; x_wconf 87' lang='lat' dir='ltr'><strong>Pithonem</strong></span> <span class='ocrx_word' id='word_1_55' title='bbox 1090 804 1202 875; x_wconf 81' lang='lat' dir='ltr'><strong>subigit</strong></span> <span class='ocrx_word' id='word_1_56' title='bbox 1232 804 1313 874; x_wconf 88' lang='lat' dir='ltr'>Oppidi</span> 
     </span>
     <span class='ocr_line' id='line_1_7' title="bbox 86 879 1313 954; baseline -0.001 -20"><span class='ocrx_word' id='word_1_57' title='bbox 86 881 206 948; x_wconf 87' lang='lat' dir='ltr'><strong>alicuius,</strong></span> <span class='ocrx_word' id='word_1_58' title='bbox 225 883 298 951; x_wconf 93' lang='lat' dir='ltr'><strong>quod</strong></span> <span class='ocrx_word' id='word_1_59' title='bbox 314 882 349 933; x_wconf 87' lang='lat' dir='ltr'><strong>ad</strong></span> <span class='ocrx_word' id='word_1_60' title='bbox 366 898 476 951; x_wconf 83' lang='lat' dir='ltr'><strong>regnum</strong></span> <span class='ocrx_word' id='word_1_61' title='bbox 494 881 585 935; x_wconf 86' lang='lat' dir='ltr'><strong>Sambi</strong></span> <span class='ocrx_word' id='word_1_62' title='bbox 601 883 760 954; x_wconf 75' lang='lat' dir='ltr'>pertinebat,</span> <span class='ocrx_word' id='word_1_63' title='bbox 778 881 886 948; x_wconf 87' lang='lat' dir='ltr'><strong>incolae,</strong></span> <span class='ocrx_word' id='word_1_64' title='bbox 904 899 965 935; x_wconf 85' lang='grc'>011111</span> <span class='ocrx_word' id='word_1_65' title='bbox 982 879 1181 935; x_wconf 78' lang='lat' dir='ltr'><strong>excursionem</strong></span> <span class='ocrx_word' id='word_1_66' title='bbox 1197 880 1313 948; x_wconf 79' lang='lat' dir='ltr'><strong>fecissent,</strong></span> 
     </span>
     <span class='ocr_line' id='line_1_8' title="bbox 86 957 1314 1030; baseline -0.001 -19"><span class='ocrx_word' id='word_1_67' title='bbox 86 958 163 1012; x_wconf 82' lang='lat' dir='ltr'><strong>facile</strong></span> <span class='ocrx_word' id='word_1_68' title='bbox 182 958 288 1028; x_wconf 88' lang='lat' dir='ltr'><strong>quidem</strong></span> <span class='ocrx_word' id='word_1_69' title='bbox 305 958 481 1028; x_wconf 85' lang='lat' dir='ltr'><strong>repelluntur,</strong></span> <span class='ocrx_word' id='word_1_70' title='bbox 509 960 569 1027; x_wconf 90' lang='grc'>(33)</span> <span class='ocrx_word' id='word_1_71' title='bbox 587 960 635 1012; x_wconf 85' lang='lat' dir='ltr'><strong>sed</strong></span> <span class='ocrx_word' id='word_1_72' title='bbox 653 958 716 1030; x_wconf 89' lang='lat' dir='ltr'><strong>quia</strong></span> <span class='ocrx_word' id='word_1_73' title='bbox 732 957 835 1028; x_wconf 80' lang='lat' dir='ltr'><strong>gladios</strong></span> <span class='ocrx_word' id='word_1_74' title='bbox 851 975 955 1012; x_wconf 84' lang='lat' dir='ltr'><strong>veneno</strong></span> <span class='ocrx_word' id='word_1_75' title='bbox 973 957 1133 1025; x_wconf 86' lang='lat' dir='ltr'><strong>tinxerant,</strong></span> <span class='ocrx_word' id='word_1_76' title='bbox 1157 959 1314 1013; x_wconf 76' lang='lat' dir='ltr'><strong>Macedonum</strong></span> 
     </span>
     <span class='ocr_line' id='line_1_9' title="bbox 85 1033 1314 1106; baseline -0.002 -18"><span class='ocrx_word' id='word_1_77' title='bbox 85 1034 162 1088; x_wconf 89' lang='lat' dir='ltr'><strong>multi</strong></span> <span class='ocrx_word' id='word_1_78' title='bbox 179 1034 315 1106; x_wconf 83' lang='lat' dir='ltr'><strong>inpugna</strong></span> <span class='ocrx_word' id='word_1_79' title='bbox 330 1034 462 1087; x_wconf 77' lang='lat' dir='ltr'><strong>vulnerati</strong></span> <span class='ocrx_word' id='word_1_80' title='bbox 479 1035 641 1102; x_wconf 90' lang='lat' dir='ltr'><strong>moriuntur,</strong></span> <span class='ocrx_word' id='word_1_81' title='bbox 665 1036 739 1105; x_wconf 86' lang='lat' dir='ltr'><strong>qnod</strong></span> <span class='ocrx_word' id='word_1_82' title='bbox 755 1033 827 1086; x_wconf 89' lang='lat' dir='ltr'><strong>idem</strong></span> <span class='ocrx_word' id='word_1_83' title='bbox 844 1052 902 1088; x_wconf 86' lang='grc'>011111</span> <span class='ocrx_word' id='word_1_84' title='bbox 919 1042 1092 1087; x_wconf 78' lang='lat' dir='ltr'><strong>metueretur</strong></span> <span class='ocrx_word' id='word_1_85' title='bbox 1110 1052 1147 1088; x_wconf 87' lang='lat' dir='ltr'><strong>ne</strong></span> <span class='ocrx_word' id='word_1_86' title='bbox 1164 1035 1314 1100; x_wconf 71' lang='lat' dir='ltr'><strong>Ptolemaeo,</strong></span> 
     </span>
     <span class='ocr_line' id='line_1_10' title="bbox 84 1110 1314 1183; baseline -0.002 -19"><span class='ocrx_word' id='word_1_87' title='bbox 84 1110 153 1181; x_wconf 83' lang='lat' dir='ltr'><strong>Lagi</strong></span> <span class='ocrx_word' id='word_1_88' title='bbox 170 1111 236 1175; x_wconf 90' lang='lat' dir='ltr'><strong>filio,</strong></span> <span class='ocrx_word' id='word_1_89' title='bbox 253 1111 324 1181; x_wconf 85' lang='lat' dir='ltr'><strong>regis</strong></span> <span class='ocrx_word' id='word_1_90' title='bbox 340 1110 556 1179; x_wconf 83' lang='lat' dir='ltr'><strong>familiarissimo,</strong></span> <span class='ocrx_word' id='word_1_91' title='bbox 575 1111 720 1179; x_wconf 87' lang='lat' dir='ltr'><strong>accideret,</strong></span> <span class='ocrx_word' id='word_1_92' title='bbox 737 1110 841 1180; x_wconf 85' lang='lat' dir='ltr'><strong>etipse</strong></span> <span class='ocrx_word' id='word_1_93' title='bbox 857 1128 904 1164; x_wconf 82' lang='lat' dir='ltr'><strong>rex</strong></span> <span class='ocrx_word' id='word_1_94' title='bbox 917 1121 946 1164; x_wconf 89' lang='lat' dir='ltr'><strong>et</strong></span> <span class='ocrx_word' id='word_1_95' title='bbox 959 1112 1146 1177; x_wconf 77' lang='lat' dir='ltr'><strong>Macedones,</strong></span> <span class='ocrx_word' id='word_1_96' title='bbox 1166 1119 1314 1183; x_wconf 71' lang='lat' dir='ltr'><strong>quantopere</strong></span> 
     </span>
     <span class='ocr_line' id='line_1_11' title="bbox 86 1186 1315 1258; baseline -0.001 -17"><span class='ocrx_word' id='word_1_97' title='bbox 86 1187 209 1242; x_wconf 88' lang='lat' dir='ltr'><strong>omnibus</strong></span> <span class='ocrx_word' id='word_1_98' title='bbox 226 1205 301 1240; x_wconf 84' lang='lat' dir='ltr'><strong>carus</strong></span> <span class='ocrx_word' id='word_1_99' title='bbox 319 1198 398 1250; x_wconf 83' lang='lat' dir='ltr'><strong>essct,</strong></span> <span class='ocrx_word' id='word_1_100' title='bbox 415 1189 549 1242; x_wconf 71' lang='lat' dir='ltr'><strong>luculenta</strong></span> <span class='ocrx_word' id='word_1_101' title='bbox 566 1189 698 1242; x_wconf 87' lang='lat' dir='ltr'><strong>dederunt</strong></span> <span class='ocrx_word' id='word_1_102' title='bbox 714 1196 882 1258; x_wconf 82' lang='lat' dir='ltr'><strong>argumenta,</strong></span> <span class='ocrx_word' id='word_1_103' title='bbox 909 1189 998 1241; x_wconf 87' lang='lat' dir='ltr'><strong>donee</strong></span> <span class='ocrx_word' id='word_1_104' title='bbox 1013 1187 1182 1241; x_wconf 76' lang='lat' dir='ltr'><strong>Alexander</strong></span> <span class='ocrx_word' id='word_1_105' title='bbox 1198 1186 1315 1254; x_wconf 73' lang='lat' dir='ltr'><strong>divinius,</strong></span> 
     </span>
     <span class='ocr_line' id='line_1_12' title="bbox 85 1262 1315 1336; baseline -0.002 -20"><span class='ocrx_word' id='word_1_106' title='bbox 85 1264 279 1331; x_wconf 78' lang='lat' dir='ltr'><strong>atterebatur,</strong></span> <span class='ocrx_word' id='word_1_107' title='bbox 304 1265 449 1318; x_wconf 89' lang='lat' dir='ltr'><strong>remedium</strong></span> <span class='ocrx_word' id='word_1_108' title='bbox 466 1266 553 1318; x_wconf 85' lang='lat' dir='ltr'><strong>morbi</strong></span> <span class='ocrx_word' id='word_1_109' title='bbox 570 1265 694 1336; x_wconf 81' lang='lat' dir='ltr'><strong>repperit.</strong></span> <span class='ocrx_word' id='word_1_110' title='bbox 730 1269 789 1331; x_wconf 94' lang='grc'>(34)</span> <span class='ocrx_word' id='word_1_111' title='bbox 812 1264 879 1317; x_wconf 93' lang='lat' dir='ltr'><strong>Inde</strong></span> <span class='ocrx_word' id='word_1_112' title='bbox 896 1265 932 1317; x_wconf 92' lang='lat' dir='ltr'><strong>ad</strong></span> <span class='ocrx_word' id='word_1_113' title='bbox 953 1272 1067 1334; x_wconf 81' lang='lat' dir='ltr'><strong>gentem</strong></span> <span class='ocrx_word' id='word_1_114' title='bbox 1086 1264 1224 1318; x_wconf 85' lang='lat' dir='ltr'><strong>Pataliam</strong></span> <span class='ocrx_word' id='word_1_115' title='bbox 1243 1272 1268 1318; x_wconf 89' lang='lat' dir='ltr'><strong>et</strong></span> <span class='ocrx_word' id='word_1_116' title='bbox 1284 1262 1315 1314; x_wconf 90' lang='lat' dir='ltr'><strong>in-</strong></span> 
     </span>
     <span class='ocr_line' id='line_1_13' title="bbox 86 1340 1315 1411; baseline -0.001 -17"><span class='ocrx_word' id='word_1_117' title='bbox 86 1341 169 1394; x_wconf 86' lang='lat' dir='ltr'><strong>sulam</strong></span> <span class='ocrx_word' id='word_1_118' title='bbox 186 1341 274 1395; x_wconf 90' lang='lat' dir='ltr'><strong>medio</strong></span> <span class='ocrx_word' id='word_1_119' title='bbox 296 1358 373 1395; x_wconf 91' lang='lat' dir='ltr'><strong>amne</strong></span> <span class='ocrx_word' id='word_1_120' title='bbox 396 1341 475 1395; x_wconf 89' lang='lat' dir='ltr'><strong>sitam</strong></span> <span class='ocrx_word' id='word_1_121' title='bbox 497 1345 551 1407; x_wconf 83' lang='lat' dir='ltr'><strong>(nbi</strong></span> <span class='ocrx_word' id='word_1_122' title='bbox 573 1361 641 1395; x_wconf 81' lang='lat' dir='ltr'><strong>nanc</strong></span> <span class='ocrx_word' id='word_1_123' title='bbox 662 1345 725 1396; x_wconf 82' lang='lat' dir='ltr'><strong>urbs</strong></span> <span class='ocrx_word' id='word_1_124' title='bbox 741 1343 917 1410; x_wconf 77' lang='lat' dir='ltr'><strong>Hydradndt)</strong></span> <span class='ocrx_word' id='word_1_125' title='bbox 941 1341 1066 1394; x_wconf 87' lang='lat' dir='ltr'><strong>delatum</strong></span> <span class='ocrx_word' id='word_1_126' title='bbox 1090 1358 1207 1411; x_wconf 85' lang='lat' dir='ltr'><strong>agmen,</strong></span> <span class='ocrx_word' id='word_1_127' title='bbox 1234 1340 1315 1394; x_wconf 87' lang='lat' dir='ltr'><strong>diutius</strong></span> 
     </span>
     <span class='ocr_line' id='line_1_14' title="bbox 85 1417 1316 1490; baseline -0.001 -19"><span class='ocrx_word' id='word_1_128' title='bbox 85 1418 124 1471; x_wconf 92' lang='lat' dir='ltr'><strong>ibi</strong></span> <span class='ocrx_word' id='word_1_129' title='bbox 142 1417 268 1472; x_wconf 78' lang='lat' dir='ltr'><strong>substitit</strong></span> <span class='ocrx_word' id='word_1_130' title='bbox 303 1419 422 1472; x_wconf 78' lang='lat' dir='ltr'><strong>Ducibus</strong></span> <span class='ocrx_word' id='word_1_131' title='bbox 439 1421 546 1472; x_wconf 88' lang='lat' dir='ltr'><strong>tandem</strong></span> <span class='ocrx_word' id='word_1_132' title='bbox 564 1420 685 1490; x_wconf 83' lang='lat' dir='ltr'><strong>repertis,</strong></span> <span class='ocrx_word' id='word_1_133' title='bbox 707 1438 757 1490; x_wconf 89' lang='lat' dir='ltr'><strong>per</strong></span> <span class='ocrx_word' id='word_1_134' title='bbox 773 1418 889 1472; x_wconf 87' lang='lat' dir='ltr'><strong>triduum</strong></span> <span class='ocrx_word' id='word_1_135' title='bbox 906 1418 960 1470; x_wconf 86' lang='lat' dir='ltr'><strong>iam</strong></span> <span class='ocrx_word' id='word_1_136' title='bbox 978 1417 1097 1471; x_wconf 85' lang='lat' dir='ltr'><strong>Oceano</strong></span> <span class='ocrx_word' id='word_1_137' title='bbox 1116 1417 1316 1489; x_wconf 87' lang='lat' dir='ltr'><strong>appropinquan-</strong></span> 
     </span>
     <span class='ocr_line' id='line_1_15' title="bbox 85 1492 1315 1568; baseline -0.002 -20"><span class='ocrx_word' id='word_1_138' title='bbox 85 1503 127 1548; x_wconf 83' lang='lat' dir='ltr'><strong>tes</strong></span> <span class='ocrx_word' id='word_1_139' title='bbox 144 1504 251 1549; x_wconf 89' lang='lat' dir='ltr'><strong>strenue</strong></span> <span class='ocrx_word' id='word_1_140' title='bbox 268 1495 404 1566; x_wconf 84' lang='lat' dir='ltr'><strong>navigant,</strong></span> <span class='ocrx_word' id='word_1_141' title='bbox 421 1498 502 1550; x_wconf 88' lang='lat' dir='ltr'><strong>etad</strong></span> <span class='ocrx_word' id='word_1_142' title='bbox 519 1495 720 1549; x_wconf 86' lang='lat' dir='ltr'><strong>aliaminsulam</strong></span> <span class='ocrx_word' id='word_1_143' title='bbox 737 1513 820 1568; x_wconf 87' lang='lat' dir='ltr'><strong>prope</strong></span> <span class='ocrx_word' id='word_1_144' title='bbox 830 1493 983 1550; x_wconf 89' lang='lat' dir='ltr'><strong>osfluminis</strong></span> <span class='ocrx_word' id='word_1_145' title='bbox 1002 1492 1157 1563; x_wconf 88' lang='lat' dir='ltr'><strong>applicant.</strong></span> <span class='ocrx_word' id='word_1_146' title='bbox 1186 1493 1315 1562; x_wconf 79' lang='grc'>(35)11111-</span> 
     </span>
     <span class='ocr_line' id='line_1_16' title="bbox 85 1570 1315 1644; baseline -0.001 -20"><span class='ocrx_word' id='word_1_147' title='bbox 85 1572 152 1625; x_wconf 85' lang='lat' dir='ltr'><strong>dunt</strong></span> <span class='ocrx_word' id='word_1_148' title='bbox 169 1572 206 1625; x_wconf 93' lang='lat' dir='ltr'><strong>ibi</strong></span> <span class='ocrx_word' id='word_1_149' title='bbox 223 1573 251 1624; x_wconf 94' lang='lat' dir='ltr'><strong>in</strong></span> <span class='ocrx_word' id='word_1_150' title='bbox 269 1589 358 1625; x_wconf 88' lang='lat' dir='ltr'><strong>casum</strong></span> <span class='ocrx_word' id='word_1_151' title='bbox 375 1573 538 1644; x_wconf 83' lang='lat' dir='ltr'><strong>incognitum</strong></span> <span class='ocrx_word' id='word_1_152' title='bbox 555 1582 584 1626; x_wconf 88' lang='lat' dir='ltr'><strong>et</strong></span> <span class='ocrx_word' id='word_1_153' title='bbox 600 1573 782 1644; x_wconf 84' lang='lat' dir='ltr'><strong>improvisum,</strong></span> <span class='ocrx_word' id='word_1_154' title='bbox 800 1581 899 1625; x_wconf 86' lang='lat' dir='ltr'><strong>aestum</strong></span> <span class='ocrx_word' id='word_1_155' title='bbox 916 1570 1007 1638; x_wconf 77' lang='lat' dir='ltr'><strong>maris,</strong></span> <span class='ocrx_word' id='word_1_156' title='bbox 1027 1571 1114 1640; x_wconf 86' lang='lat' dir='ltr'><strong>longe</strong></span> <span class='ocrx_word' id='word_1_157' title='bbox 1132 1570 1209 1624; x_wconf 92' lang='lat' dir='ltr'><strong>illum</strong></span> <span class='ocrx_word' id='word_1_158' title='bbox 1225 1571 1315 1642; x_wconf 88' lang='lat' dir='ltr'><strong>quidem</strong></span> 
     </span>
     <span class='ocr_line' id='line_1_17' title="bbox 85 1647 1316 1719; baseline -0.003 -16"><span class='ocrx_word' id='word_1_159' title='bbox 85 1649 310 1703; x_wconf 78' lang='lat' dir='ltr'><strong>vehementiorem</strong></span> <span class='ocrx_word' id='word_1_160' title='bbox 321 1649 350 1702; x_wconf 92' lang='lat' dir='ltr'><strong>in</strong></span> <span class='ocrx_word' id='word_1_161' title='bbox 364 1650 483 1717; x_wconf 86' lang='lat' dir='ltr'><strong>Oceano,</strong></span> <span class='ocrx_word' id='word_1_162' title='bbox 502 1668 582 1719; x_wconf 92' lang='lat' dir='ltr'><strong>quam</strong></span> <span class='ocrx_word' id='word_1_163' title='bbox 594 1649 623 1702; x_wconf 90' lang='lat' dir='ltr'><strong>in</strong></span> <span class='ocrx_word' id='word_1_164' title='bbox 636 1650 703 1702; x_wconf 88' lang='lat' dir='ltr'><strong>mari</strong></span> <span class='ocrx_word' id='word_1_165' title='bbox 720 1650 807 1704; x_wconf 91' lang='lat' dir='ltr'><strong>medio</strong></span> <span class='ocrx_word' id='word_1_166' title='bbox 823 1650 877 1703; x_wconf 86' lang='lat' dir='ltr'><strong>sive</strong></span> <span class='ocrx_word' id='word_1_167' title='bbox 893 1647 1109 1714; x_wconf 77' lang='lat' dir='ltr'><strong>mediterrane03</strong></span> <span class='ocrx_word' id='word_1_168' title='bbox 1134 1649 1195 1716; x_wconf 81' lang='grc'>(36)</span> <span class='ocrx_word' id='word_1_169' title='bbox 1213 1647 1316 1718; x_wconf 58' lang='lat' dir='ltr'><strong>marium</strong></span> 
     </span>
     <span class='ocr_line' id='line_1_18' title="bbox 84 1723 1316 1797; baseline -0.002 -17"><span class='ocrx_word' id='word_1_170' title='bbox 84 1726 164 1780; x_wconf 85' lang='lat' dir='ltr'><strong>etiam</strong></span> <span class='ocrx_word' id='word_1_171' title='bbox 173 1727 270 1781; x_wconf 91' lang='lat' dir='ltr'><strong>damno</strong></span> <span class='ocrx_word' id='word_1_172' title='bbox 278 1726 385 1796; x_wconf 86' lang='lat' dir='ltr'><strong>navigia</strong></span> <span class='ocrx_word' id='word_1_173' title='bbox 393 1725 550 1793; x_wconf 86' lang='lat' dir='ltr'><strong>afficiuntur,</strong></span> <span class='ocrx_word' id='word_1_174' title='bbox 560 1745 619 1781; x_wconf 89' lang='lat' dir='ltr'><strong>cum</strong></span> <span class='ocrx_word' id='word_1_175' title='bbox 627 1744 700 1780; x_wconf 91' lang='lat' dir='ltr'><strong>mare</strong></span> <span class='ocrx_word' id='word_1_176' title='bbox 709 1725 867 1797; x_wconf 84' lang='lat' dir='ltr'><strong>reciprocari</strong></span> <span class='ocrx_word' id='word_1_177' title='bbox 876 1724 973 1795; x_wconf 76' lang='lat' dir='ltr'><strong>coepit</strong></span> <span class='ocrx_word' id='word_1_178' title='bbox 992 1727 1058 1794; x_wconf 86' lang='grc'>(37)</span> <span class='ocrx_word' id='word_1_179' title='bbox 1077 1725 1137 1779; x_wconf 89' lang='lat' dir='ltr'><strong>Sed</strong></span> <span class='ocrx_word' id='word_1_180' title='bbox 1145 1734 1177 1778; x_wconf 84' lang='lat' dir='ltr'><strong>et</strong></span> <span class='ocrx_word' id='word_1_181' title='bbox 1189 1723 1256 1794; x_wconf 82' lang='lat' dir='ltr'><strong>regis</strong></span> <span class='ocrx_word' id='word_1_182' title='bbox 1267 1741 1316 1777; x_wconf 82' lang='lat' dir='ltr'><strong>uua</strong></span> 
     </span>
     <span class='ocr_line' id='line_1_19' title="bbox 85 1800 1316 1873; baseline -0.002 -17"><span class='ocrx_word' id='word_1_183' title='bbox 85 1811 114 1857; x_wconf 89' lang='lat' dir='ltr'><strong>et</strong></span> <span class='ocrx_word' id='word_1_184' title='bbox 129 1803 227 1856; x_wconf 82' lang='lat' dir='ltr'><strong>iterato</strong></span> <span class='ocrx_word' id='word_1_185' title='bbox 245 1812 321 1857; x_wconf 87' lang='lat' dir='ltr'><strong>aestu</strong></span> <span class='ocrx_word' id='word_1_186' title='bbox 338 1803 427 1856; x_wconf 90' lang='lat' dir='ltr'><strong>omnia</strong></span> <span class='ocrx_word' id='word_1_187' title='bbox 445 1803 628 1872; x_wconf 85' lang='lat' dir='ltr'><strong>restituuntur,</strong></span> <span class='ocrx_word' id='word_1_188' title='bbox 646 1804 845 1871; x_wconf 83' lang='lat' dir='ltr'><strong>etAlexandar,</strong></span> <span class='ocrx_word' id='word_1_189' title='bbox 863 1801 1066 1873; x_wconf 84' lang='lat' dir='ltr'><strong>cognitamaris</strong></span> <span class='ocrx_word' id='word_1_190' title='bbox 1082 1810 1193 1870; x_wconf 80' lang='lat' dir='ltr'><strong>namra,</strong></span> <span class='ocrx_word' id='word_1_191' title='bbox 1211 1800 1316 1871; x_wconf 88' lang='lat' dir='ltr'><strong>inipsun</strong></span> 
     </span>
     <span class='ocr_line' id='line_1_20' title="bbox 86 1878 1315 1950; baseline -0.005 -15"><span class='ocrx_word' id='word_1_192' title='bbox 86 1881 222 1935; x_wconf 76' lang='lat' dir='ltr'><strong>Ooeanum</strong></span> <span class='ocrx_word' id='word_1_193' title='bbox 242 1879 375 1948; x_wconf 78' lang='lat' dir='ltr'><strong>evehitur,</strong></span> <span class='ocrx_word' id='word_1_194' title='bbox 401 1881 509 1933; x_wconf 89' lang='lat' dir='ltr'><strong>tandem</strong></span> <span class='ocrx_word' id='word_1_195' title='bbox 534 1881 592 1934; x_wconf 82' lang='lat' dir='ltr'><strong>voti</strong></span> <span class='ocrx_word' id='word_1_196' title='bbox 620 1898 734 1950; x_wconf 90' lang='lat' dir='ltr'><strong>compos.</strong></span> <span class='ocrx_word' id='word_1_197' title='bbox 768 1886 827 1947; x_wconf 83' lang='grc'>(38)</span> <span class='ocrx_word' id='word_1_198' title='bbox 851 1881 985 1933; x_wconf 87' lang='lat' dir='ltr'><strong>Reversus</strong></span> <span class='ocrx_word' id='word_1_199' title='bbox 1009 1880 1047 1930; x_wconf 91' lang='lat' dir='ltr'><strong>ad</strong></span> <span class='ocrx_word' id='word_1_200' title='bbox 1070 1878 1192 1932; x_wconf 88' lang='lat' dir='ltr'><strong>insulam</strong></span> <span class='ocrx_word' id='word_1_201' title='bbox 1214 1879 1315 1949; x_wconf 82' lang='lat' dir='ltr'><strong>(Patala)</strong></span> 
     </span>
     <span class='ocr_line' id='line_1_21' title="bbox 85 1954 1316 2029; baseline -0.001 -20"><span class='ocrx_word' id='word_1_202' title='bbox 85 1959 177 2011; x_wconf 89' lang='lat' dir='ltr'><strong>urbem</strong></span> <span class='ocrx_word' id='word_1_203' title='bbox 198 1966 227 2012; x_wconf 88' lang='lat' dir='ltr'><strong>et</strong></span> <span class='ocrx_word' id='word_1_204' title='bbox 248 1956 352 2010; x_wconf 84' lang='lat' dir='ltr'><strong>navalia</strong></span> <span class='ocrx_word' id='word_1_205' title='bbox 378 1957 483 2024; x_wconf 89' lang='lat' dir='ltr'><strong>condit,</strong></span> <span class='ocrx_word' id='word_1_206' title='bbox 509 1958 675 2011; x_wconf 70' lang='lat' dir='ltr'><strong>Ieonnamm</strong></span> <span class='ocrx_word' id='word_1_207' title='bbox 700 1976 760 2012; x_wconf 90' lang='lat' dir='ltr'><strong>cum</strong></span> <span class='ocrx_word' id='word_1_208' title='bbox 785 1965 863 2029; x_wconf 88' lang='lat' dir='ltr'><strong>parte</strong></span> <span class='ocrx_word' id='word_1_209' title='bbox 885 1955 1022 2027; x_wconf 89' lang='lat' dir='ltr'><strong>copiarum</strong></span> <span class='ocrx_word' id='word_1_210' title='bbox 1043 1955 1201 2026; x_wconf 87' lang='lat' dir='ltr'><strong>praemittit</strong></span> <span class='ocrx_word' id='word_1_211' title='bbox 1222 1957 1254 2009; x_wconf 90' lang='lat' dir='ltr'><strong>ad</strong></span> <span class='ocrx_word' id='word_1_212' title='bbox 1275 1954 1316 2007; x_wconf 87' lang='lat' dir='ltr'><strong>iter</strong></span> 
     </span>
     <span class='ocr_line' id='line_1_22' title="bbox 84 2033 1315 2104; baseline -0.002 -18"><span class='ocrx_word' id='word_1_213' title='bbox 84 2040 210 2087; x_wconf 85' lang='lat' dir='ltr'><strong>terrestre</strong></span> <span class='ocrx_word' id='word_1_214' title='bbox 231 2035 457 2104; x_wconf 88' lang='lat' dir='ltr'><strong>praeparandum,</strong></span> <span class='ocrx_word' id='word_1_215' title='bbox 479 2034 630 2088; x_wconf 88' lang='lat' dir='ltr'><strong>Nearchum</strong></span> <span class='ocrx_word' id='word_1_216' title='bbox 646 2043 674 2087; x_wconf 80' lang='lat' dir='ltr'><strong>et</strong></span> <span class='ocrx_word' id='word_1_217' title='bbox 691 2033 870 2088; x_wconf 86' lang='lat' dir='ltr'><strong>Onesicritum</strong></span> <span class='ocrx_word' id='word_1_218' title='bbox 886 2033 984 2087; x_wconf 89' lang='lat' dir='ltr'><strong>idoneo</strong></span> <span class='ocrx_word' id='word_1_219' title='bbox 1002 2040 1132 2104; x_wconf 88' lang='lat' dir='ltr'><strong>tempore</strong></span> <span class='ocrx_word' id='word_1_220' title='bbox 1150 2034 1236 2089; x_wconf 89' lang='lat' dir='ltr'><strong>classe</strong></span> <span class='ocrx_word' id='word_1_221' title='bbox 1251 2033 1315 2085; x_wconf 78' lang='lat' dir='ltr'><strong>litora</strong></span> 
     </span>
     <span class='ocr_line' id='line_1_23' title="bbox 85 2109 872 2181; baseline -0.001 -16"><span class='ocrx_word' id='word_1_222' title='bbox 85 2109 252 2176; x_wconf 85' lang='lat' dir='ltr'><strong>circumvehi,</strong></span> <span class='ocrx_word' id='word_1_223' title='bbox 270 2119 298 2164; x_wconf 87' lang='lat' dir='ltr'><strong>et</strong></span> <span class='ocrx_word' id='word_1_224' title='bbox 314 2128 363 2181; x_wconf 89' lang='lat' dir='ltr'><strong>per</strong></span> <span class='ocrx_word' id='word_1_225' title='bbox 378 2129 409 2165; x_wconf 91' lang='lat' dir='ltr'><strong>os</strong></span> <span class='ocrx_word' id='word_1_226' title='bbox 426 2111 571 2180; x_wconf 80' lang='lat' dir='ltr'><strong>Euphratis</strong></span> <span class='ocrx_word' id='word_1_227' title='bbox 589 2111 624 2162; x_wconf 90' lang='lat' dir='ltr'><strong>ad</strong></span> <span class='ocrx_word' id='word_1_228' title='bbox 640 2127 670 2162; x_wconf 88' lang='lat' dir='ltr'><strong>se</strong></span> <span class='ocrx_word' id='word_1_229' title='bbox 685 2111 775 2164; x_wconf 86' lang='lat' dir='ltr'><strong>redire</strong></span> <span class='ocrx_word' id='word_1_230' title='bbox 791 2111 872 2164; x_wconf 86' lang='lat' dir='ltr'><strong>iubet</strong></span> 
     </span>
    </p>

    <p class='ocr_par' dir='ltr' id='par_1_3' title="bbox 84 2185 1316 3180">
     <span class='ocr_line' id='line_1_24' title="bbox 154 2185 1315 2258; baseline -0.005 -16"><span class='ocrx_word' id='word_1_231' title='bbox 154 2190 214 2258; x_wconf 84' lang='grc'>(39)</span> <span class='ocrx_word' id='word_1_232' title='bbox 232 2187 293 2258; x_wconf 88' lang='lat' dir='ltr'><strong>Ipse</strong></span> <span class='ocrx_word' id='word_1_233' title='bbox 312 2189 391 2253; x_wconf 81' lang='lat' dir='ltr'><strong>(Iulio</strong></span> <span class='ocrx_word' id='word_1_234' title='bbox 400 2189 464 2257; x_wconf 85' lang='lat' dir='ltr'><strong>sere</strong></span> <span class='ocrx_word' id='word_1_235' title='bbox 480 2205 566 2240; x_wconf 80' lang='lat' dir='ltr'><strong>mense</strong></span> <span class='ocrx_word' id='word_1_236' title='bbox 583 2188 718 2241; x_wconf 74' lang='grc'>11110111.</span> <span class='ocrx_word' id='word_1_237' title='bbox 735 2199 790 2241; x_wconf 84' lang='lat' dir='ltr'><strong>aut.</strong></span> <span class='ocrx_word' id='word_1_238' title='bbox 807 2193 879 2254; x_wconf 83' lang='grc'>325.)</span> <span class='ocrx_word' id='word_1_239' title='bbox 897 2205 956 2240; x_wconf 86' lang='lat' dir='ltr'><strong>eum</strong></span> <span class='ocrx_word' id='word_1_240' title='bbox 974 2186 1073 2240; x_wconf 85' lang='lat' dir='ltr'><strong>ceteris</strong></span> <span class='ocrx_word' id='word_1_241' title='bbox 1092 2185 1182 2257; x_wconf 90' lang='lat' dir='ltr'><strong>copiis</strong></span> <span class='ocrx_word' id='word_1_242' title='bbox 1199 2185 1315 2252; x_wconf 81' lang='lat' dir='ltr'><strong>profectu</strong></span> 
     </span>
     <span class='ocr_line' id='line_1_25' title="bbox 85 2261 1314 2335; baseline -0.002 -19"><span class='ocrx_word' id='word_1_243' title='bbox 85 2281 134 2335; x_wconf 89' lang='lat' dir='ltr'><strong>per</strong></span> <span class='ocrx_word' id='word_1_244' title='bbox 150 2262 286 2333; x_wconf 83' lang='lat' dir='ltr'><strong>regionem</strong></span> <span class='ocrx_word' id='word_1_245' title='bbox 302 2263 478 2325; x_wconf 66' lang='lat' dir='ltr'><strong>Arabicarum,</strong></span> <span class='ocrx_word' id='word_1_246' title='bbox 494 2265 529 2317; x_wconf 89' lang='lat' dir='ltr'><strong>ad</strong></span> <span class='ocrx_word' id='word_1_247' title='bbox 545 2264 655 2318; x_wconf 87' lang='lat' dir='ltr'><strong>Horitas</strong></span> <span class='ocrx_word' id='word_1_248' title='bbox 672 2264 755 2318; x_wconf 79' lang='lat' dir='ltr'><strong>venit</strong></span> <span class='ocrx_word' id='word_1_249' title='bbox 790 2263 903 2318; x_wconf 87' lang='lat' dir='ltr'><strong>Gentem</strong></span> <span class='ocrx_word' id='word_1_250' title='bbox 926 2261 1013 2316; x_wconf 86' lang='lat' dir='ltr'><strong>diviso</strong></span> <span class='ocrx_word' id='word_1_251' title='bbox 1036 2263 1167 2318; x_wconf 86' lang='lat' dir='ltr'><strong>exercitu</strong></span> <span class='ocrx_word' id='word_1_252' title='bbox 1187 2261 1314 2334; x_wconf 76' lang='lat' dir='ltr'><strong>populeus</strong></span> 
     </span>
     <span class='ocr_line' id='line_1_26' title="bbox 84 2336 1315 2410; baseline 0.002 -18"><span class='ocrx_word' id='word_1_253' title='bbox 84 2342 177 2394; x_wconf 84' lang='lat' dir='ltr'><strong>urbem</strong></span> <span class='ocrx_word' id='word_1_254' title='bbox 194 2340 325 2407; x_wconf 90' lang='lat' dir='ltr'><strong>condidit,</strong></span> <span class='ocrx_word' id='word_1_255' title='bbox 348 2359 427 2410; x_wconf 87' lang='lat' dir='ltr'><strong>quam</strong></span> <span class='ocrx_word' id='word_1_256' title='bbox 444 2340 595 2394; x_wconf 83' lang='lat' dir='ltr'><strong>Arachosiis</strong></span> <span class='ocrx_word' id='word_1_257' title='bbox 613 2341 781 2394; x_wconf 91' lang='lat' dir='ltr'><strong>incolendam</strong></span> <span class='ocrx_word' id='word_1_258' title='bbox 798 2341 879 2394; x_wconf 81' lang='lat' dir='ltr'><strong>dedit</strong></span> <span class='ocrx_word' id='word_1_259' title='bbox 915 2343 973 2407; x_wconf 82' lang='lat'>(40)</span> <span class='ocrx_word' id='word_1_260' title='bbox 996 2339 1069 2393; x_wconf 91' lang='lat' dir='ltr'><strong>Inde</strong></span> <span class='ocrx_word' id='word_1_261' title='bbox 1087 2339 1230 2394; x_wconf 87' lang='lat' dir='ltr'><strong>exereitus</strong></span> <span class='ocrx_word' id='word_1_262' title='bbox 1245 2336 1315 2407; x_wconf 78' lang='lat' dir='ltr'><strong>reglo-</strong></span> 
     </span>
     <span class='ocr_line' id='line_1_27' title="bbox 85 2415 1315 2488; baseline 0.001 -20"><span class='ocrx_word' id='word_1_263' title='bbox 85 2432 146 2469; x_wconf 92' lang='lat' dir='ltr'><strong>nem</strong></span> <span class='ocrx_word' id='word_1_264' title='bbox 166 2415 292 2470; x_wconf 85' lang='lat' dir='ltr'><strong>Indorum</strong></span> <span class='ocrx_word' id='word_1_265' title='bbox 317 2417 509 2471; x_wconf 88' lang='lat' dir='ltr'><strong>maritimorum</strong></span> <span class='ocrx_word' id='word_1_266' title='bbox 535 2426 610 2488; x_wconf 82' lang='lat' dir='ltr'><strong>(quos</strong></span> <span class='ocrx_word' id='word_1_267' title='bbox 635 2420 685 2471; x_wconf 82' lang='lat' dir='ltr'><strong>alii</strong></span> <span class='ocrx_word' id='word_1_268' title='bbox 709 2420 908 2488; x_wconf 77' lang='lat' dir='ltr'><strong>ichthyoplrupca</strong></span> <span class='ocrx_word' id='word_1_269' title='bbox 934 2418 1085 2485; x_wconf 81' lang='lat' dir='ltr'><strong>appellunt)</strong></span> <span class='ocrx_word' id='word_1_270' title='bbox 1114 2416 1174 2470; x_wconf 85' lang='lat' dir='ltr'><strong>sive</strong></span> <span class='ocrx_word' id='word_1_271' title='bbox 1200 2417 1315 2469; x_wconf 82' lang='lat' dir='ltr'><strong>desertam</strong></span> 
     </span>
     <span class='ocr_line' id='line_1_28' title="bbox 86 2491 1316 2564; baseline -0.001 -17"><span class='ocrx_word' id='word_1_272' title='bbox 86 2491 232 2547; x_wconf 82' lang='lat' dir='ltr'><strong>Cedrosiae</strong></span> <span class='ocrx_word' id='word_1_273' title='bbox 249 2501 363 2563; x_wconf 83' lang='lat' dir='ltr'><strong>partem,</strong></span> <span class='ocrx_word' id='word_1_274' title='bbox 382 2495 440 2548; x_wconf 88' lang='lat' dir='ltr'><strong>loca</strong></span> <span class='ocrx_word' id='word_1_275' title='bbox 457 2495 530 2547; x_wconf 92' lang='lat' dir='ltr'><strong>omni</strong></span> <span class='ocrx_word' id='word_1_276' title='bbox 548 2495 621 2547; x_wconf 89' lang='lat' dir='ltr'><strong>cultu</strong></span> <span class='ocrx_word' id='word_1_277' title='bbox 637 2495 764 2563; x_wconf 88' lang='lat' dir='ltr'><strong>carentia,</strong></span> <span class='ocrx_word' id='word_1_278' title='bbox 784 2497 830 2564; x_wconf 76' lang='lat'><strong>(60</strong></span> <span class='ocrx_word' id='word_1_279' title='bbox 848 2496 950 2563; x_wconf 70' lang='lat' dir='ltr'><strong>deae)</strong></span> <span class='ocrx_word' id='word_1_280' title='bbox 967 2508 1138 2563; x_wconf 76' lang='lat' dir='ltr'><strong>peragrans,</strong></span> <span class='ocrx_word' id='word_1_281' title='bbox 1158 2493 1188 2546; x_wconf 90' lang='lat' dir='ltr'><strong>in</strong></span> <span class='ocrx_word' id='word_1_282' title='bbox 1205 2508 1316 2546; x_wconf 79' lang='lat' dir='ltr'><strong>summam</strong></span> 
     </span>
     <span class='ocr_line' id='line_1_29' title="bbox 86 2567 1315 2642; baseline -0.002 -20"><span class='ocrx_word' id='word_1_283' title='bbox 86 2569 202 2623; x_wconf 91' lang='lat' dir='ltr'><strong>omnium</strong></span> <span class='ocrx_word' id='word_1_284' title='bbox 218 2587 308 2622; x_wconf 90' lang='lat' dir='ltr'><strong>rerum</strong></span> <span class='ocrx_word' id='word_1_285' title='bbox 324 2569 442 2640; x_wconf 85' lang='lat' dir='ltr'><strong>inopiam</strong></span> <span class='ocrx_word' id='word_1_286' title='bbox 458 2570 560 2638; x_wconf 83' lang='lat' dir='ltr'><strong>incidit,</strong></span> <span class='ocrx_word' id='word_1_287' title='bbox 577 2578 734 2641; x_wconf 87' lang='lat' dir='ltr'><strong>tantamque</strong></span> <span class='ocrx_word' id='word_1_288' title='bbox 752 2572 855 2625; x_wconf 88' lang='lat' dir='ltr'><strong>cladem</strong></span> <span class='ocrx_word' id='word_1_289' title='bbox 868 2577 996 2642; x_wconf 86' lang='lat' dir='ltr'><strong>quantam</strong></span> <span class='ocrx_word' id='word_1_290' title='bbox 1004 2587 1144 2640; x_wconf 88' lang='lat' dir='ltr'><strong>nusquam</strong></span> <span class='ocrx_word' id='word_1_291' title='bbox 1153 2569 1220 2624; x_wconf 89' lang='lat' dir='ltr'><strong>alibi</strong></span> <span class='ocrx_word' id='word_1_292' title='bbox 1228 2567 1315 2639; x_wconf 83' lang='lat' dir='ltr'><strong>accipit</strong></span> 
     </span>
     <span class='ocr_line' id='line_1_30' title="bbox 86 2644 1314 2718; baseline -0.002 -18"><span class='ocrx_word' id='word_1_293' title='bbox 86 2649 144 2712; x_wconf 87' lang='grc'>(41)</span> <span class='ocrx_word' id='word_1_294' title='bbox 167 2646 289 2699; x_wconf 90' lang='lat' dir='ltr'><strong>Tandem</strong></span> <span class='ocrx_word' id='word_1_295' title='bbox 309 2647 337 2699; x_wconf 95' lang='lat' dir='ltr'><strong>in</strong></span> <span class='ocrx_word' id='word_1_296' title='bbox 358 2647 423 2700; x_wconf 88' lang='lat' dir='ltr'><strong>fines</strong></span> <span class='ocrx_word' id='word_1_297' title='bbox 442 2647 585 2702; x_wconf 83' lang='lat' dir='ltr'><strong>Cedrosiae</strong></span> <span class='ocrx_word' id='word_1_298' title='bbox 608 2647 725 2702; x_wconf 86' lang='lat' dir='ltr'><strong>cultioris</strong></span> <span class='ocrx_word' id='word_1_299' title='bbox 746 2648 912 2718; x_wconf 80' lang='lat' dir='ltr'><strong>perveniunt</strong></span> <span class='ocrx_word' id='word_1_300' title='bbox 947 2644 991 2698; x_wconf 91' lang='lat' dir='ltr'><strong>Ibi</strong></span> <span class='ocrx_word' id='word_1_301' title='bbox 1013 2644 1127 2700; x_wconf 86' lang='lat' dir='ltr'><strong>litteras</strong></span> <span class='ocrx_word' id='word_1_302' title='bbox 1151 2665 1169 2702; x_wconf 88' lang='lat' dir='ltr'><strong>a</strong></span> <span class='ocrx_word' id='word_1_303' title='bbox 1190 2646 1314 2701; x_wconf 79' lang='lat' dir='ltr'><strong>Leonnato</strong></span> 
     </span>
     <span class='ocr_line' id='line_1_31' title="bbox 84 2723 1315 2795; baseline 0.002 -20"><span class='ocrx_word' id='word_1_304' title='bbox 84 2723 155 2793; x_wconf 91' lang='lat' dir='ltr'><strong>apud</strong></span> <span class='ocrx_word' id='word_1_305' title='bbox 172 2723 283 2776; x_wconf 87' lang='lat' dir='ltr'><strong>Horitas</strong></span> <span class='ocrx_word' id='word_1_306' title='bbox 301 2723 407 2791; x_wconf 88' lang='lat' dir='ltr'><strong>relicto,</strong></span> <span class='ocrx_word' id='word_1_307' title='bbox 430 2732 459 2777; x_wconf 90' lang='lat' dir='ltr'><strong>et</strong></span> <span class='ocrx_word' id='word_1_308' title='bbox 480 2741 496 2776; x_wconf 91' lang='lat' dir='ltr'><strong>a</strong></span> <span class='ocrx_word' id='word_1_309' title='bbox 514 2725 626 2779; x_wconf 86' lang='lat' dir='ltr'><strong>Cratero</strong></span> <span class='ocrx_word' id='word_1_310' title='bbox 647 2741 695 2795; x_wconf 90' lang='lat' dir='ltr'><strong>per</strong></span> <span class='ocrx_word' id='word_1_311' title='bbox 716 2725 888 2778; x_wconf 81' lang='lat' dir='ltr'><strong>Arachosiam</strong></span> <span class='ocrx_word' id='word_1_312' title='bbox 909 2732 937 2777; x_wconf 90' lang='lat' dir='ltr'><strong>et</strong></span> <span class='ocrx_word' id='word_1_313' title='bbox 953 2723 1149 2792; x_wconf 88' lang='lat' dir='ltr'><strong>Drangianam</strong></span> <span class='ocrx_word' id='word_1_314' title='bbox 1173 2742 1234 2778; x_wconf 85' lang='lat' dir='ltr'><strong>cum</strong></span> <span class='ocrx_word' id='word_1_315' title='bbox 1254 2729 1315 2794; x_wconf 65' lang='lat' dir='ltr'><strong>parta</strong></span> 
     </span>
     <span class='ocr_line' id='line_1_32' title="bbox 86 2799 1315 2873; baseline -0.002 -19"><span class='ocrx_word' id='word_1_316' title='bbox 86 2799 219 2854; x_wconf 89' lang='lat' dir='ltr'><strong>exercitus</strong></span> <span class='ocrx_word' id='word_1_317' title='bbox 235 2800 421 2870; x_wconf 87' lang='lat' dir='ltr'><strong>proficiscente</strong></span> <span class='ocrx_word' id='word_1_318' title='bbox 438 2800 539 2869; x_wconf 84' lang='lat' dir='ltr'><strong>accipit.</strong></span> <span class='ocrx_word' id='word_1_319' title='bbox 574 2801 635 2872; x_wconf 87' lang='lat' dir='ltr'><strong>Ipse</strong></span> <span class='ocrx_word' id='word_1_320' title='bbox 652 2801 680 2854; x_wconf 93' lang='lat' dir='ltr'><strong>in</strong></span> <span class='ocrx_word' id='word_1_321' title='bbox 698 2801 863 2856; x_wconf 86' lang='lat' dir='ltr'><strong>Carmaniam</strong></span> <span class='ocrx_word' id='word_1_322' title='bbox 879 2799 1020 2873; x_wconf 85' lang='lat' dir='ltr'><strong>processit,</strong></span> <span class='ocrx_word' id='word_1_323' title='bbox 1038 2800 1120 2854; x_wconf 89' lang='lat' dir='ltr'><strong>cuius</strong></span> <span class='ocrx_word' id='word_1_324' title='bbox 1138 2800 1232 2872; x_wconf 84' lang='lat' dir='ltr'><strong>gentis</strong></span> <span class='ocrx_word' id='word_1_325' title='bbox 1241 2799 1315 2854; x_wconf 84' lang='lat' dir='ltr'><strong>Satra-</strong></span> 
     </span>
     <span class='ocr_line' id='line_1_33' title="bbox 86 2873 1315 2948; baseline -0.002 -18"><span class='ocrx_word' id='word_1_326' title='bbox 86 2894 147 2947; x_wconf 90' lang='lat' dir='ltr'><strong>pam</strong></span> <span class='ocrx_word' id='word_1_327' title='bbox 164 2879 313 2948; x_wconf 83' lang='lat' dir='ltr'><strong>Aspasten,</strong></span> <span class='ocrx_word' id='word_1_328' title='bbox 336 2879 399 2931; x_wconf 91' lang='lat' dir='ltr'><strong>dum</strong></span> <span class='ocrx_word' id='word_1_329' title='bbox 420 2879 495 2930; x_wconf 90' lang='lat' dir='ltr'><strong>audit</strong></span> <span class='ocrx_word' id='word_1_330' title='bbox 518 2878 666 2945; x_wconf 90' lang='lat' dir='ltr'><strong>delatores,</strong></span> <span class='ocrx_word' id='word_1_331' title='bbox 692 2878 721 2930; x_wconf 92' lang='lat' dir='ltr'><strong>in</strong></span> <span class='ocrx_word' id='word_1_332' title='bbox 741 2878 842 2931; x_wconf 90' lang='lat' dir='ltr'><strong>honora</strong></span> <span class='ocrx_word' id='word_1_333' title='bbox 861 2876 961 2932; x_wconf 83' lang='lat' dir='ltr'><strong>habuit.</strong></span> <span class='ocrx_word' id='word_1_334' title='bbox 999 2877 1061 2946; x_wconf 77' lang='lat'>(42)</span> <span class='ocrx_word' id='word_1_335' title='bbox 1081 2877 1236 2932; x_wconf 84' lang='lat' dir='ltr'><strong>Restitutis</strong></span> <span class='ocrx_word' id='word_1_336' title='bbox 1251 2873 1315 2930; x_wconf 82' lang='lat' dir='ltr'><strong>detri-</strong></span> 
     </span>
     <span class='ocr_line' id='line_1_34' title="bbox 85 2952 1315 3026; baseline -0.002 -20"><span class='ocrx_word' id='word_1_337' title='bbox 85 2954 195 3023; x_wconf 88' lang='lat' dir='ltr'><strong>mentis,</strong></span> <span class='ocrx_word' id='word_1_338' title='bbox 222 2971 291 3025; x_wconf 90' lang='lat' dir='ltr'><strong>quae</strong></span> <span class='ocrx_word' id='word_1_339' title='bbox 312 2954 444 3008; x_wconf 85' lang='lat' dir='ltr'><strong>exercitus</strong></span> <span class='ocrx_word' id='word_1_340' title='bbox 466 2956 630 3026; x_wconf 84' lang='lat' dir='ltr'><strong>improspere</strong></span> <span class='ocrx_word' id='word_1_341' title='bbox 652 2971 701 3024; x_wconf 90' lang='lat' dir='ltr'><strong>per</strong></span> <span class='ocrx_word' id='word_1_342' title='bbox 721 2953 875 3009; x_wconf 85' lang='lat' dir='ltr'><strong>Cedrosiam</strong></span> <span class='ocrx_word' id='word_1_343' title='bbox 895 2953 991 3007; x_wconf 90' lang='lat' dir='ltr'><strong>itinere</strong></span> <span class='ocrx_word' id='word_1_344' title='bbox 1013 2953 1135 3021; x_wconf 82' lang='lat' dir='ltr'><strong>fecerat,</strong></span> <span class='ocrx_word' id='word_1_345' title='bbox 1165 2952 1315 3008; x_wconf 80' lang='lat' dir='ltr'><strong>Carmaniam</strong></span> 
     </span>
     <span class='ocr_line' id='line_1_35' title="bbox 85 3028 1316 3102; baseline -0.002 -17"><span class='ocrx_word' id='word_1_346' title='bbox 85 3040 210 3101; x_wconf 78' lang='lat' dir='ltr'><strong>peragrat</strong></span> <span class='ocrx_word' id='word_1_347' title='bbox 232 3031 366 3085; x_wconf 83' lang='lat' dir='ltr'><strong>luxurioso</strong></span> <span class='ocrx_word' id='word_1_348' title='bbox 387 3031 504 3102; x_wconf 84' lang='lat' dir='ltr'><strong>agmine,</strong></span> <span class='ocrx_word' id='word_1_349' title='bbox 532 3032 629 3086; x_wconf 87' lang='lat' dir='ltr'><strong>Bacchi</strong></span> <span class='ocrx_word' id='word_1_350' title='bbox 651 3031 813 3101; x_wconf 90' lang='lat' dir='ltr'><strong>triumphum</strong></span> <span class='ocrx_word' id='word_1_351' title='bbox 836 3030 912 3086; x_wconf 78' lang='lat' dir='ltr'><strong>victis</strong></span> <span class='ocrx_word' id='word_1_352' title='bbox 933 3028 1029 3084; x_wconf 87' lang='lat' dir='ltr'><strong>Indiae</strong></span> <span class='ocrx_word' id='word_1_353' title='bbox 1057 3030 1196 3102; x_wconf 81' lang='lat' dir='ltr'><strong>gentibus</strong></span> <span class='ocrx_word' id='word_1_354' title='bbox 1218 3030 1316 3085; x_wconf 80' lang='lat' dir='ltr'><strong>imitam-</strong></span> 
     </span>
     <span class='ocr_line' id='line_1_36' title="bbox 84 3106 729 3180; baseline 0.003 -21"><span class='ocrx_word' id='word_1_355' title='bbox 84 3106 195 3161; x_wconf 86' lang='lat' dir='ltr'><strong>Interim</strong></span> <span class='ocrx_word' id='word_1_356' title='bbox 211 3116 300 3163; x_wconf 88' lang='lat' dir='ltr'><strong>tamen</strong></span> <span class='ocrx_word' id='word_1_357' title='bbox 317 3111 446 3179; x_wconf 87' lang='lat' dir='ltr'><strong>Aspastes</strong></span> <span class='ocrx_word' id='word_1_358' title='bbox 464 3109 593 3180; x_wconf 82' lang='lat' dir='ltr'><strong>supplicio</strong></span> <span class='ocrx_word' id='word_1_359' title='bbox 610 3107 729 3162; x_wconf 87' lang='lat' dir='ltr'><strong>afficitur.</strong></span> 
     </span>
    </p>
   </div>
   <div class='ocr_carea' id='block_1_3' title="bbox 37 3352 1338 3840">
    <p class='ocr_par' dir='ltr' id='par_1_4' title="bbox 37 3352 1338 3840">
     <span class='ocr_line' id='line_1_37' title="bbox 37 3352 1338 3510; baseline -0.002 -30"><span class='ocrx_word' id='word_1_360' title='bbox 37 3409 54 3480; x_wconf 93' lang='lat' dir='ltr'><strong>l</strong></span> <span class='ocrx_word' id='word_1_361' title='bbox 186 3352 443 3502; x_wconf 81' lang='lat' dir='ltr'><strong>Alexander,</strong></span> <span class='ocrx_word' id='word_1_362' title='bbox 475 3420 552 3483; x_wconf 88' lang='lat' dir='ltr'><strong>tam</strong></span> <span class='ocrx_word' id='word_1_363' title='bbox 576 3409 797 3483; x_wconf 86' lang='lat' dir='ltr'><strong>memorabili</strong></span> <span class='ocrx_word' id='word_1_364' title='bbox 822 3409 972 3482; x_wconf 85' lang='lat' dir='ltr'><strong>victoria</strong></span> <span class='ocrx_word' id='word_1_365' title='bbox 996 3409 1140 3503; x_wconf 74' lang='lat' dir='ltr'><strong>luetur,</strong></span> <span class='ocrx_word' id='word_1_366' title='bbox 1168 3438 1243 3510; x_wconf 88' lang='lat' dir='ltr'><strong>qua</strong></span> <span class='ocrx_word' id='word_1_367' title='bbox 1265 3404 1338 3481; x_wconf 70' lang='lat' dir='ltr'><strong>sibit</strong></span> 
     </span>
     <span class='ocr_line' id='line_1_38' title="bbox 85 3515 1314 3621; baseline 0.003 -29"><span class='ocrx_word' id='word_1_368' title='bbox 85 3515 241 3595; x_wconf 89' lang='lat' dir='ltr'><strong>Orientis</strong></span> <span class='ocrx_word' id='word_1_369' title='bbox 274 3523 362 3596; x_wconf 87' lang='lat' dir='ltr'><strong>fines</strong></span> <span class='ocrx_word' id='word_1_370' title='bbox 395 3533 539 3621; x_wconf 86' lang='lat' dir='ltr'><strong>apertos</strong></span> <span class='ocrx_word' id='word_1_371' title='bbox 571 3548 650 3596; x_wconf 88' lang='lat' dir='ltr'><strong>esse</strong></span> <span class='ocrx_word' id='word_1_372' title='bbox 681 3521 865 3610; x_wconf 86' lang='lat' dir='ltr'><strong>censebat,</strong></span> <span class='ocrx_word' id='word_1_373' title='bbox 905 3517 979 3592; x_wconf 84' lang='lat' dir='ltr'><strong>Soli</strong></span> <span class='ocrx_word' id='word_1_374' title='bbox 1011 3522 1178 3596; x_wconf 84' lang='lat' dir='ltr'><strong>victimis</strong></span> <span class='ocrx_word' id='word_1_375' title='bbox 1211 3518 1314 3605; x_wconf 71' lang='grc'>011111,</span> 
     </span>
     <span class='ocr_line' id='line_1_39' title="bbox 84 3629 1314 3730; baseline -0.002 -27"><span class='ocrx_word' id='word_1_376' title='bbox 84 3631 213 3705; x_wconf 87' lang='lat' dir='ltr'><strong>milites</strong></span> <span class='ocrx_word' id='word_1_377' title='bbox 240 3658 396 3728; x_wconf 92' lang='lat' dir='ltr'><strong>quoque,</strong></span> <span class='ocrx_word' id='word_1_378' title='bbox 434 3660 505 3730; x_wconf 92' lang='lat' dir='ltr'><strong>quo</strong></span> <span class='ocrx_word' id='word_1_379' title='bbox 531 3631 809 3730; x_wconf 84' lang='lat' dir='ltr'><strong>promptioribus</strong></span> <span class='ocrx_word' id='word_1_380' title='bbox 835 3631 960 3704; x_wconf 80' lang='lat' dir='ltr'><strong>animis</strong></span> <span class='ocrx_word' id='word_1_381' title='bbox 985 3631 1133 3729; x_wconf 89' lang='lat' dir='ltr'><strong>reliqua</strong></span> <span class='ocrx_word' id='word_1_382' title='bbox 1159 3634 1246 3708; x_wconf 91' lang='lat' dir='ltr'><strong>belli</strong></span> <span class='ocrx_word' id='word_1_383' title='bbox 1268 3629 1314 3703; x_wconf 80' lang='lat' dir='ltr'><strong>cb</strong></span> 
     </span>
     <span class='ocr_line' id='line_1_40' title="bbox 83 3738 1314 3840; baseline -0.001 -26"><span class='ocrx_word' id='word_1_384' title='bbox 83 3741 191 3834; x_wconf 90' lang='lat' dir='ltr'><strong>irent,</strong></span> <span class='ocrx_word' id='word_1_385' title='bbox 226 3768 292 3840; x_wconf 93' lang='lat' dir='ltr'><strong>pro</strong></span> <span class='ocrx_word' id='word_1_386' title='bbox 320 3738 490 3817; x_wconf 82' lang='lat' dir='ltr'><strong>contione</strong></span> <span class='ocrx_word' id='word_1_387' title='bbox 511 3743 675 3817; x_wconf 84' lang='lat' dir='ltr'><strong>laudatos</strong></span> <span class='ocrx_word' id='word_1_388' title='bbox 702 3741 839 3832; x_wconf 85' lang='lat' dir='ltr'><strong>docuit,</strong></span> <span class='ocrx_word' id='word_1_389' title='bbox 874 3740 1044 3838; x_wconf 88' lang='lat' dir='ltr'><strong>quicquid</strong></span> <span class='ocrx_word' id='word_1_390' title='bbox 1071 3740 1178 3818; x_wconf 88' lang='lat' dir='ltr'><strong>Indis</strong></span> <span class='ocrx_word' id='word_1_391' title='bbox 1203 3743 1314 3818; x_wconf 86' lang='lat' dir='ltr'><strong>virium</strong></span> 
     </span>
    </p>
   </div>
   <div class='ocr_carea' id='block_1_4' title="bbox 82 3939 1313 4493">
    <p class='ocr_par' dir='ltr' id='par_1_5' title="bbox 82 3939 1313 4493">
     <span class='ocr_line' id='line_1_41' title="bbox 116 3939 1313 4065; baseline 0.003 -71"><span class='ocrx_word' id='word_1_392' title='bbox 116 3941 175 3996; x_wconf 93' lang='lat' dir='ltr'><strong>Lib.</strong></span> <span class='ocrx_word' id='word_1_393' title='bbox 193 3957 235 4008; x_wconf 88' lang='lat' dir='ltr'><strong>1x,</strong></span> <span class='ocrx_word' id='word_1_394' title='bbox 255 3942 319 4014; x_wconf 78' lang='lat' dir='ltr'><strong>(lap.</strong></span> <span class='ocrx_word' id='word_1_395' title='bbox 337 3952 360 4008; x_wconf 85' lang='lat' dir='ltr'><strong>l,</strong></span> <span class='ocrx_word' id='word_1_396' title='bbox 379 3946 401 4011; x_wconf 69' lang='grc' dir='ltr'><strong>ξ.</strong></span> <span class='ocrx_word' id='word_1_397' title='bbox 413 3950 436 3997; x_wconf 85' lang='grc'><strong>1.</strong></span> <span class='ocrx_word' id='word_1_398' title='bbox 475 3944 589 3996; x_wconf 79' lang='lat' dir='ltr'><strong>Orientis</strong></span> <span class='ocrx_word' id='word_1_399' title='bbox 597 3944 682 4013; x_wconf 81' lang='lat' dir='ltr'><strong>fiaes]</strong></span> <span class='ocrx_word' id='word_1_400' title='bbox 717 3960 768 4065; x_wconf 83' lang='lat' dir='ltr'><strong>pro</strong></span> <span class='ocrx_word' id='word_1_401' title='bbox 786 3942 900 3996; x_wconf 88' lang='lat' dir='ltr'><strong>ablativo</strong></span> <span class='ocrx_word' id='word_1_402' title='bbox 921 3939 977 3994; x_wconf 83' lang='lat' dir='ltr'><strong>sive</strong></span> <span class='ocrx_word' id='word_1_403' title='bbox 999 3958 1052 4010; x_wconf 90' lang='lat' dir='ltr'><strong>pro</strong></span> <span class='ocrx_word' id='word_1_404' title='bbox 1069 3943 1243 3999; x_wconf 86' lang='lat' dir='ltr'><strong>nominativo</strong></span> <span class='ocrx_word' id='word_1_405' title='bbox 1261 3939 1313 4014; x_wconf 65' lang='lat' dir='ltr'><strong>plu·</strong></span> 
     </span>
     <span class='ocr_line' id='line_1_42' title="bbox 82 4010 823 4079; baseline 0.003 -17"><span class='ocrx_word' id='word_1_406' title='bbox 82 4010 162 4064; x_wconf 91' lang='lat' dir='ltr'><strong>Bern.</strong></span> <span class='ocrx_word' id='word_1_407' title='bbox 180 4011 207 4064; x_wconf 78' lang='lat' dir='ltr'>A</span> <span class='ocrx_word' id='word_1_408' title='bbox 223 4011 294 4065; x_wconf 83' lang='lat' dir='ltr'><strong>Flor.</strong></span> <span class='ocrx_word' id='word_1_409' title='bbox 312 4012 362 4065; x_wconf 89' lang='lat' dir='ltr'><strong>AB</strong></span> <span class='ocrx_word' id='word_1_410' title='bbox 375 4013 452 4079; x_wconf 73' lang='lat' dir='ltr'><strong>finis.</strong></span> <span class='ocrx_word' id='word_1_411' title='bbox 736 4014 823 4065; x_wconf 90' lang='lat' dir='ltr'><strong>abeat.</strong></span> 
     </span>
     <span class='ocr_line' id='line_1_43' title="bbox 236 4077 1311 4151; baseline 0.007 -23"><span class='ocrx_word' id='word_1_412' title='bbox 236 4082 238 4090; x_wconf 93' lang='lat'>&#39;</span> <span class='ocrx_word' id='word_1_413' title='bbox 752 4083 854 4151; x_wconf 83' lang='lat' dir='ltr'><strong>reliqua</strong></span> <span class='ocrx_word' id='word_1_414' title='bbox 880 4079 940 4131; x_wconf 80' lang='lat' dir='ltr'><strong>belli</strong></span> <span class='ocrx_word' id='word_1_415' title='bbox 966 4078 1079 4146; x_wconf 81' lang='lat' dir='ltr'><strong>obirent]</strong></span> <span class='ocrx_word' id='word_1_416' title='bbox 1120 4079 1210 4135; x_wconf 89' lang='lat' dir='ltr'><strong>Omisi</strong></span> <span class='ocrx_word' id='word_1_417' title='bbox 1231 4077 1311 4137; x_wconf 71' lang='grc'>13113141</span> 
     </span>
     <span class='ocr_line' id='line_1_44' title="bbox 116 4141 1311 4224; baseline -0.001 -26"><span class='ocrx_word' id='word_1_418' title='bbox 116 4144 210 4224; x_wconf 70' lang='lat' dir='ltr'><strong>milites</strong></span> <span class='ocrx_word' id='word_1_419' title='bbox 219 4165 326 4218; x_wconf 83' lang='lat' dir='ltr'><strong>quoque,</strong></span> <span class='ocrx_word' id='word_1_420' title='bbox 344 4166 394 4217; x_wconf 84' lang='lat' dir='ltr'><strong>quo</strong></span> <span class='ocrx_word' id='word_1_421' title='bbox 406 4149 611 4218; x_wconf 79' lang='lat' dir='ltr'><strong>promptioribus</strong></span> <span class='ocrx_word' id='word_1_422' title='bbox 622 4150 683 4215; x_wconf 83' lang='lat' dir='ltr'><strong>cet]</strong></span> <span class='ocrx_word' id='word_1_423' title='bbox 720 4150 792 4220; x_wconf 90' lang='lat' dir='ltr'><strong>quod</strong></span> <span class='ocrx_word' id='word_1_424' title='bbox 809 4148 888 4218; x_wconf 86' lang='lat' dir='ltr'><strong>vulgo</strong></span> <span class='ocrx_word' id='word_1_425' title='bbox 910 4153 1106 4216; x_wconf 79' lang='lat' dir='ltr'><strong>praeterquam</strong></span> <span class='ocrx_word' id='word_1_426' title='bbox 1129 4148 1160 4202; x_wconf 91' lang='lat' dir='ltr'><strong>in</strong></span> <span class='ocrx_word' id='word_1_427' title='bbox 1176 4141 1311 4203; x_wconf 71' lang='grc'>11111111</span> 
     </span>
     <span class='ocr_line' id='line_1_45' title="bbox 82 4212 1311 4288; baseline 0.002 -22"><span class='ocrx_word' id='word_1_428' title='bbox 82 4212 188 4267; x_wconf 87' lang='lat' dir='ltr'><strong>Modrus</strong></span> <span class='ocrx_word' id='word_1_429' title='bbox 222 4218 250 4268; x_wconf 82' lang='lat' dir='ltr'><strong>ui</strong></span> <span class='ocrx_word' id='word_1_430' title='bbox 288 4235 319 4269; x_wconf 93' lang='lat' dir='ltr'><strong>ro</strong></span> <span class='ocrx_word' id='word_1_431' title='bbox 341 4217 386 4268; x_wconf 89' lang='lat' dir='ltr'><strong>vul</strong></span> <span class='ocrx_word' id='word_1_432' title='bbox 406 4256 412 4269; x_wconf 93' lang='lat'>.</span> <span class='ocrx_word' id='word_1_433' title='bbox 431 4235 480 4288; x_wconf 86' lang='lat' dir='ltr'><strong>quo</strong></span> <span class='ocrx_word' id='word_1_434' title='bbox 497 4216 593 4283; x_wconf 87' lang='lat' dir='ltr'><strong>edidit,</strong></span> <span class='ocrx_word' id='word_1_435' title='bbox 621 4233 684 4269; x_wconf 90' lang='lat' dir='ltr'><strong>con·</strong></span> <span class='ocrx_word' id='word_1_436' title='bbox 718 4217 839 4284; x_wconf 89' lang='lat' dir='ltr'><strong>additur,</strong></span> <span class='ocrx_word' id='word_1_437' title='bbox 866 4215 959 4287; x_wconf 92' lang='lat' dir='ltr'><strong>quiaa</strong></span> <span class='ocrx_word' id='word_1_438' title='bbox 982 4214 1085 4268; x_wconf 88' lang='lat' dir='ltr'><strong>nostris</strong></span> <span class='ocrx_word' id='word_1_439' title='bbox 1108 4218 1233 4271; x_wconf 80' lang='lat' dir='ltr'><strong>omnibus</strong></span> <span class='ocrx_word' id='word_1_440' title='bbox 1254 4215 1311 4268; x_wconf 68' lang='lat' dir='ltr'><strong>abal</strong></span> 
     </span>
     <span class='ocr_line' id='line_1_46' title="bbox 84 4233 1310 4357; baseline 0.004 -25"><span class='ocrx_word' id='word_1_441' title='bbox 84 4233 254 4336; x_wconf 75' lang='lat' dir='ltr'><strong>sentiautilus</strong></span> <span class='ocrx_word' id='word_1_442' title='bbox 271 4234 342 4339; x_wconf 73' lang='grc'>1101.</span> <span class='ocrx_word' id='word_1_443' title='bbox 355 4235 427 4339; x_wconf 66' lang='lat' dir='ltr'><strong>Dll.</strong></span> <span class='ocrx_word' id='word_1_444' title='bbox 462 4284 593 4356; x_wconf 86' lang='lat' dir='ltr'><strong>Equidem</strong></span> <span class='ocrx_word' id='word_1_445' title='bbox 610 4283 684 4337; x_wconf 90' lang='lat' dir='ltr'><strong>Lati·</strong></span> <span class='ocrx_word' id='word_1_446' title='bbox 719 4294 906 4357; x_wconf 84' lang='lat' dir='ltr'><strong>praetereaque</strong></span> <span class='ocrx_word' id='word_1_447' title='bbox 923 4299 940 4335; x_wconf 89' lang='lat' dir='ltr'><strong>a</strong></span> <span class='ocrx_word' id='word_1_448' title='bbox 956 4282 1037 4336; x_wconf 89' lang='lat' dir='ltr'><strong>Voss.</strong></span> <span class='ocrx_word' id='word_1_449' title='bbox 1058 4290 1083 4336; x_wconf 93' lang='lat'><strong>1.</strong></span> <span class='ocrx_word' id='word_1_450' title='bbox 1103 4291 1120 4339; x_wconf 78' lang='lat'>2</span> <span class='ocrx_word' id='word_1_451' title='bbox 1139 4287 1231 4340; x_wconf 79' lang='grc'>1111111</span> <span class='ocrx_word' id='word_1_452' title='bbox 1246 4277 1310 4337; x_wconf 76' lang='lat' dir='ltr'><strong>haffi·</strong></span> 
     </span>
     <span class='ocr_line' id='line_1_47' title="bbox 84 4350 1309 4425; baseline 0.008 -27"><span class='ocrx_word' id='word_1_453' title='bbox 84 4364 147 4399; x_wconf 92' lang='lat' dir='ltr'><strong>num</strong></span> <span class='ocrx_word' id='word_1_454' title='bbox 164 4365 220 4402; x_wconf 89' lang='lat' dir='ltr'><strong>esse</strong></span> <span class='ocrx_word' id='word_1_455' title='bbox 237 4370 289 4405; x_wconf 92' lang='lat' dir='ltr'><strong>non</strong></span> <span class='ocrx_word' id='word_1_456' title='bbox 306 4361 373 4423; x_wconf 91' lang='lat' dir='ltr'><strong>puto</strong></span> <span class='ocrx_word' id='word_1_457' title='bbox 392 4353 479 4424; x_wconf 87' lang='lat' dir='ltr'><strong>siquis</strong></span> <span class='ocrx_word' id='word_1_458' title='bbox 496 4371 607 4425; x_wconf 83' lang='lat' dir='ltr'><strong>proquo</strong></span> <span class='ocrx_word' id='word_1_459' title='bbox 624 4370 683 4406; x_wconf 91' lang='lat' dir='ltr'><strong>cum</strong></span> <span class='ocrx_word' id='word_1_460' title='bbox 716 4362 770 4423; x_wconf 90' lang='lat' dir='ltr'><strong>tur,</strong></span> <span class='ocrx_word' id='word_1_461' title='bbox 788 4361 817 4407; x_wconf 90' lang='lat' dir='ltr'><strong>et</strong></span> <span class='ocrx_word' id='word_1_462' title='bbox 834 4353 905 4424; x_wconf 90' lang='lat' dir='ltr'><strong>quod</strong></span> <span class='ocrx_word' id='word_1_463' title='bbox 922 4368 975 4404; x_wconf 93' lang='lat' dir='ltr'><strong>nou</strong></span> <span class='ocrx_word' id='word_1_464' title='bbox 992 4350 1028 4403; x_wconf 92' lang='lat' dir='ltr'><strong>de</strong></span> <span class='ocrx_word' id='word_1_465' title='bbox 1047 4353 1150 4407; x_wconf 80' lang='lat' dir='ltr'><strong>ceteris</strong></span> <span class='ocrx_word' id='word_1_466' title='bbox 1167 4352 1231 4407; x_wconf 87' lang='lat' dir='ltr'><strong>belli</strong></span> <span class='ocrx_word' id='word_1_467' title='bbox 1245 4364 1309 4418; x_wconf 65' lang='lat' dir='ltr'><strong>negt</strong></span> 
     </span>
     <span class='ocr_line' id='line_1_48' title="bbox 85 4416 1308 4493; baseline 0.002 -24"><span class='ocrx_word' id='word_1_468' title='bbox 85 4417 265 4485; x_wconf 84' lang='lat' dir='ltr'><strong>comparativo</strong></span> <span class='ocrx_word' id='word_1_469' title='bbox 287 4437 387 4490; x_wconf 88' lang='lat' dir='ltr'><strong>ponere</strong></span> <span class='ocrx_word' id='word_1_470' title='bbox 409 4422 474 4475; x_wconf 84' lang='lat' dir='ltr'><strong>velit</strong></span> <span class='ocrx_word' id='word_1_471' title='bbox 498 4425 557 4493; x_wconf 82' lang='lat' dir='ltr'><strong>qni,</strong></span> <span class='ocrx_word' id='word_1_472' title='bbox 582 4416 636 4476; x_wconf 66' lang='lat' dir='ltr'><strong>side</strong></span> <span class='ocrx_word' id='word_1_473' title='bbox 657 4423 684 4474; x_wconf 92' lang='lat' dir='ltr'><strong>id</strong></span> <span class='ocrx_word' id='word_1_474' title='bbox 718 4422 770 4492; x_wconf 87' lang='lat' dir='ltr'><strong>tiis,</strong></span> <span class='ocrx_word' id='word_1_475' title='bbox 789 4423 836 4476; x_wconf 86' lang='lat' dir='ltr'><strong>sed</strong></span> <span class='ocrx_word' id='word_1_476' title='bbox 850 4424 883 4475; x_wconf 89' lang='lat' dir='ltr'><strong>de</strong></span> <span class='ocrx_word' id='word_1_477' title='bbox 895 4419 997 4490; x_wconf 81' lang='lat' dir='ltr'><strong>reliqua</strong></span> <span class='ocrx_word' id='word_1_478' title='bbox 1011 4428 1096 4490; x_wconf 82' lang='lat' dir='ltr'><strong>parta</strong></span> <span class='ocrx_word' id='word_1_479' title='bbox 1109 4421 1308 4477; x_wconf 73' lang='lat' dir='ltr'><strong>bellisarmcat</strong></span> 
     </span>
    </p>
   </div>
   <div class='ocr_carea' id='block_1_5' title="bbox 0 0 1470 5174">
    <p class='ocr_par' dir='ltr' id='par_1_6' title="bbox 0 0 1470 5174">
     <span class='ocr_line' id='line_1_49' title="bbox 0 0 1470 5174; baseline 0 0"><span class='ocrx_word' id='word_1_480' title='bbox 0 0 1470 5174; x_wconf 95' lang='lat' dir='ltr'><strong> </strong></span> 
     </span>
    </p>
   </div>
  </div>
 </body>
</html>
