2926 5174
441 319 488 370 nn
514 317 641 371 snsrrs
667 317 776 371 suan
802 319 853 388 1x,
880 318 922 366 se.
1198 303 1282 376 473<

85 523 137 586 stu
162 505 478 595 reverberabatur,
513 505 693 603 applicant
719 506 883 595 classem,
917 515 954 579 et
979 505 1026 578 ad
1052 517 1272 582 commeatus

85 621 211 698 tendos
251 618 475 706 discurrunt,
523 617 637 691 securi
660 641 785 690 casus
824 617 917 707 eius,
965 618 1025 715 qui
1066 620 1273 717 supervenit

85 763 177 811 rans.

137 839 262 917 Tertia
286 845 398 917 ferme
423 843 514 915 hora
540 850 636 932 erat,
676 867 759 915 cum
790 853 886 916 stata
917 842 995 916 vice
1022 838 1188 917 Oceanus
1215 843 1325 917 ‹rx-35

85 964 205 1028 stuans
231 955 353 1029 invehi
380 954 499 1052 coepit
524 963 561 1026 et
579 963 677 1027 retro
696 954 829 1027 flumen
847 980 985 1052 urgere.
1011 951 1134 1043 'Quod
1158 955 1274 1053 primo

85 1067 240 1156 arcitum,
260 1064 388 1139 deinde
405 1066 652 1143 vehementius
667 1067 820 1163 pulsum,
846 1067 980 1141 maiore
995 1067 1133 1164 impetu
1150 1065 1275 1147 adver:

85 1204 113 1250 n
145 1179 338 1276 agebatur,
377 1168 485 1275 quam
522 1179 695 1251 torrentia
725 1179 910 1277 praecipiti
942 1179 1045 1253 alveo
1077 1178 1272 1251 incurrunt

85 1298 161 1362 rota
188 1290 299 1387 vulgo
325 1289 408 1361 freti
439 1298 568 1361 natura
600 1300 692 1379 erat,
729 1307 960 1386 monstraque
992 1300 1029 1363 et
1060 1291 1134 1363 irae
1166 1289 1274 1362 deum

85 1399 162 1473 licia
199 1425 344 1474 cernere
382 1398 604 1473 videbantur.
664 1399 864 1474 Identidem
899 1402 1139 1476 intumescens
1175 1426 1275 1474 mare

108 1513 145 1585 in
183 1537 329 1610 campos
363 1512 472 1609 paulo
513 1521 596 1584 ante
637 1511 748 1584 siccos
789 1511 1004 1587 descendere
1039 1514 1273 1610 superdeum.

85 1610 188 1721 nque*
230 1623 357 1696 levatis
406 1622 582 1720 navigiiS,
634 1634 672 1695 et
710 1633 789 1696 tota
829 1624 941 1697 classe
983 1622 1168 1722 dispersa,
1215 1625 1276 1720 qui

85 1737 189 1834 positi
232 1745 334 1808 erant
378 1731 536 1829 undique
577 1732 625 1806 ad
669 1760 780 1809 naves
826 1733 956 1832 trepidi
998 1745 1035 1808 et
1080 1736 1274 1834 improviso

85 1847 124 1930 lo
157 1846 305 1920 attoniti
341 1855 540 1918 recurrunt.
595 1842 668 1919 Sed
703 1846 741 1917 in
781 1847 938 1919 tumultu
974 1847 1155 1920 festinatio
1192 1872 1277 1943 quo·

85 1981 100 2030 e
140 1957 252 2031 tarda
293 1969 357 2032 est.
418 1955 467 2028 Hi
502 1956 615 2028 contis
649 1957 792 2054 navigia
827 1958 1055 2056 appellebant
1067 2014 1076 2049 ,
1117 1959 1155 2030 hi
1190 1957 1277 2032 dum

85 2094 149 2142 nos
194 2069 312 2169 aptari
351 2066 609 2168 prohibebant,
657 2068 902 2142 consederant.
965 2067 1118 2159 Quidam
1153 2071 1272 2145 enavi-

85 2256 173 2334 panlo
201 2255 297 2307 lentius
323 2270 356 2306 ex
378 2253 561 2307 emendatione
578 2252 640 2307 Aci-
675 2255 738 2307 bant
755 2255 937 2325 consederant]
973 2254 1048 2309 Haec
1064 2256 1145 2308 verba
1158 2273 1276 2310 noneor·

84 2341 92 2374 1
110 2322 216 2389 editur,
235 2339 297 2375 nam
313 2329 380 2375 vet-t.
398 2322 458 2376 edd.
479 2324 577 2391 lenias,
595 2340 640 2376 co·
674 2322 795 2393 rigenda,
814 2322 861 2376 sed
878 2321 914 2376 sic
923 2323 1082 2394 explicanda
1090 2339 1197 2377 censeo:
1215 2325 1278 2377 dum

85 2409 100 2444 s
117 2390 244 2462 plerique
261 2392 342 2444 levius
358 2391 467 2444 habent.
674 2390 853 2463 prohibebant
873 2407 907 2445 ne
929 2391 995 2446 remi
1020 2400 1188 2464 aptarentur,
1216 2393 1278 2474 quia

85 2478 160 2513 ursas
179 2469 257 2513 aesta
273 2460 497 2527 reverberabatur]
529 2458 641 2512 Cursum
675 2459 761 2514 contis
782 2461 911 2513 utendum
933 2462 1077 2532 putabant,
1104 2462 1208 2515 interea
1224 2480 1278 2515 ram

85 2527 143 2582 rinis
161 2527 369 2598 intelligendum
395 2544 452 2582 esse
470 2535 562 2582 contra
580 2527 641 2581 Aci-
676 2529 861 2593 consederant,
888 2529 905 2582 i.
920 2546 943 2582 e.
968 2530 1083 2583 nasein
1110 2530 1201 2584 sabulo
1224 2531 1278 2585 fixa

85 2615 137 2664 um,
158 2596 206 2667 qui
226 2596 371 2666 scripsisset
389 2613 416 2650 se
434 2614 489 2651 non
506 2596 642 2668 percipere
676 2597 862 2663 constiterant,
888 2606 919 2651 ut
941 2615 991 2652 nec
1013 2599 1100 2652 contis
1123 2616 1174 2652 nec
1199 2600 1277 2653 remis

99 2665 206 2720 ratione
231 2682 320 2718 cursus
346 2666 452 2719 navium
477 2665 639 2719 reverberari
673 2666 725 2720 iam
742 2683 808 2736 opus
825 2672 902 2719 esset.
930 2666 1024 2720 Omnis
1043 2683 1130 2721 sermo
1148 2668 1276 2722 hocloco

106 2741 212 2805 posset,
231 2733 333 2787 monuit
354 2734 560 2801 Freinshemius3
588 2751 639 2804 ego
673 2743 714 2788 est
731 2736 764 2786 de
781 2733 929 2787 hominibus
948 2734 1075 2805 expositis
1092 2735 1119 2788 iu
1136 2753 1216 2789 naves
1233 2752 1276 2789 re-

85 2821 133 2855 rum
153 2803 264 2873 quidem
289 2802 409 2870 navium,
436 2805 482 2856 sed
499 2802 572 2856 illum
599 2819 638 2855 se·
675 2801 810 2874 cipiendis.
846 2802 948 2866 Quodsi
966 2805 1136 2857 consederant
1160 2805 1193 2856 de
1210 2822 1275 2857 nau-

85 2872 114 2925 lo
137 2887 219 2924 amne
246 2870 422 2938 concitatum,
449 2871 582 2941 intelligo,
609 2879 640 2923 ut
673 2872 708 2925 tis
725 2872 800 2923 sedes
818 2887 877 2923 suas
900 2870 928 2923 in
946 2871 1069 2924 transtris
1087 2871 1275 2942 occupantibus

85 2948 143 2992 etus
172 2939 258 2992 amnis
286 2940 427 3010 cogitetur.
462 2940 533 2992 Nam
554 2957 639 2992 rever·
673 2938 759 2993 intelli
778 2956 820 3004 es,
844 2940 952 2991 eosdem
968 2939 1098 3010 remigare
1115 2947 1143 2993 et
1160 2940 1275 2994 noluisse

85 3009 171 3062 ibatur
190 3025 241 3078 per
256 3026 316 3061 mss.
331 3007 544 3062 FlorrlCEGH
560 3011 639 3060 Bern.
674 3016 702 3061 et
724 2956 836 3061 subisse
857 3014 974 3074 statuas,
996 3007 1024 3060 id
1041 3008 1127 3079 quod,
1157 3008 1276 3090 quamvis

85 3076 134 3130 atis
162 3085 255 3130 tutum
272 3085 325 3143 est,
352 3077 479 3198 erpuibus
501 3094 555 3129 non
573 3076 639 3128 mul-
673 3076 806 3129 interdum
823 3075 856 3128 ab
881 3076 1029 3141 hominibus
1047 3076 1147 3130 consilii
1171 3077 1275 3131 mcertis

110 3147 244 3199 aberrant
268 3145 338 3200 Flor.
365 3145 390 3198 D
432 3147 638 3210 reverberabant,
673 3145 730 3211 fiat,
755 3143 801 3197 vix
826 3151 916 3197 tamen
943 3145 1015 3199 credi
1040 3152 1131 3216 potest
1153 3145 1180 3199 in
1206 3145 1276 3216 peri-

90 3216 264 3268 reuerebatur
286 3215 411 3267 mendose
434 3213 510 3267 Leid.
528 3214 638 3267 Voss.l
674 3213 720 3266 tis:
752 3212 849 3265 sedisse
879 3228 942 3266 vero
975 3214 1170 3284 desperantium
1200 3232 1275 3268 more
1322 3254 1326 3261 .

85 3303 109 3338 n.
128 3281 155 3334 A
174 3282 250 3335 Flor.
268 3281 300 3334 B.
336 3282 411 3336 Unus
429 3281 537 3336 Flami*
554 3283 639 3335 verbe·
674 3280 740 3334 nihil
757 3289 864 3351 agentes
882 3299 967 3352 aeque
984 3284 1113 3336 absonum
1129 3291 1178 3336 est.
1213 3283 1276 3338 Aci·

85 3371 112 3416 n,
130 3350 181 3404 sed
200 3349 264 3403 olim
281 3349 347 3403 editi
363 3367 447 3421 usque
464 3353 498 3403 ad
510 3350 639 3416 Modiam,
674 3349 737 3403 dalii
754 3349 966 3404 emendationem
983 3354 1011 3405 bi
1024 3355 1083 3406 dam
1104 3355 1276 3418 considerent,

85 3421 231 3474 rerebatar.
265 3417 324 3471 Iun.
341 3422 528 3474 remorabatur.
675 3436 759 3472 remos
777 3436 793 3470 α
813 3421 867 3472 tari
876 3423 1051 3500 prohibebant
1068 3419 1118 3473 nisi
1136 3420 1200 3492 quid
1215 3423 1277 3475 sub-

87 3507 131 3560 ap.
146 3493 193 3554 35,
214 3491 240 3553 §-
257 3493 279 3540 9.
315 3497 384 3542 stata
404 3489 470 3558 vice]
507 3487 551 3541 Sic
567 3487 639 3554 Iun,
674 3495 777 3558 estque
810 3505 865 3541 non
874 3489 1029 3560 intelligam,
1048 3489 1184 3543 ridiculam
1198 3501 1276 3561 puto,

85 3558 136 3611 lius
156 3563 188 3608 et
205 3554 369 3609 recentiores
383 3559 526 3611 seeundum
542 3573 639 3626 paucos
673 3572 723 3609 nee
740 3555 992 3611 Schmiederianam:
1019 3560 1047 3611 bi
1064 3562 1145 3612 sontes
1168 3561 1231 3612 navi
1250 3561 1277 3612 ia

92 3623 215 3697 optimos
234 3625 310 3676 codd.
320 3624 435 3679 Bern.A
449 3624 639 3679 Flor.ALeid.
669 3626 803 3694 pellebant
827 3628 1061 3695 (quemadmodum
1084 3626 1147 3680 olim
1168 3628 1216 3680 Mo
1238 3627 1276 3680 ‘as

85 3693 137 3766 iqui
160 3702 273 3746 statuta.
307 3692 374 3746 Mox
401 3695 527 3748 torrentia
549 3693 639 3746 subin·
673 3694 805 3763 voluerat)
824 3697 1083 3766 dam-remosaptari
1095 3697 1278 3764 prohibebant.

85 3771 137 3818 aso
152 3760 267 3814 flumine
281 3760 534 3815 adiectivinaturam
547 3762 637 3815 habet.
676 3765 976 3832 Consederantqnidam
994 3763 1168 3832 cendignam
1187 3762 1279 3815 existi·

105 3838 148 3886 10.
186 3830 359 3884 intumescens
385 3848 457 3883 mare
484 3835 517 3898 et]
559 3830 588 3884 Si
615 3840 639 3883 et
672 3848 726 3897 mo,
745 3847 813 3901 quae
829 3831 968 3887 refutetur.
1000 3831 1141 3885 Librorum
1149 3839 1279 3883 mstorum

93 3902 176 3954 etiam
213 3897 310 3950 ositum
324 3899 463 3968 acceperis,
482 3898 547 3952 nihil
556 3899 638 3952 offen·
673 3906 735 3952 sunt
752 3900 894 3953 nonnullae
912 3899 1043 3954 notabiles
1060 3898 1198 3952 lectiones:
1222 3898 1278 3969 pri-

91 3968 122 4022 in
139 3915 243 4020 verbis.
279 3966 350 4020 Olim
371 3967 462 4020 Iunius
486 3975 638 4021 correxerat
672 3986 744 4020 mum
761 3986 810 4039 pro
828 3971 933 4022 bi-br'
952 3968 1074 4050 plerique
1092 3969 1188 4019 it—ii
1206 3967 1279 4036 quod

85 4051 218 4101 messere,
244 4034 351 4088 Modius
367 4035 541 4105 Partiuipium
562 4036 638 4088 resti·
673 4038 854 4090 annotandum
880 4036 1045 4102 existimavi,
1073 4033 1136 4105 quia
1164 4051 1224 4088 raro
1250 4035 1278 4087 in

88 4145 96 4172 ,
122 4100 266 4158 Aeidalius
289 4103 375 4156 denuo
393 4104 508 4157 correxit
530 4106 638 4157 intame-
674 4106 741 4159 h'anc
757 4114 886 4177 partema
899 4104 1012 4159 librariis
1029 4110 1162 4174 peccetur,
1182 4102 1278 4156 deinde

85 4191 108 4226 e.
145 4172 254 4224 Verum
275 4169 336 4223 libri
357 4172 441 4225 nostri
463 4188 554 4226 omnes
571 4172 639 4225 sicut
674 4176 842 4295 appellabant
859 4172 1015 4239 Florem,
1035 4172 1204 4240 applicabant
1219 4171 1278 4224 Pal.

85 4240 99 4294 li
116 4239 261 4303 exhibent,
285 4256 333 4319 nee
350 4239 421 4292 aliud
438 4258 494 4294 esse
510 4240 538 4293 in
553 4240 638 4320 ,snas
675 4250 687 4294 1
733 4259 788 4295 ern.
804 4243 827 4295 B
844 4241 916 4295 Flor.
932 4242 995 4306 FH,
1014 4241 1148 4309 pellebant
1164 4239 1278 4293 Flor.G

85 4323 280 4386 >quamquam
302 4308 346 4360 ille
368 4325 459 4362 eormn
476 4317 639 4362 mentronem
673 4311 785 4364 Vosal.
821 4309 875 4363 Sed
894 4311 966 4390 quod
983 4309 1010 4362 in
1029 4309 1136 4361 Vosne
1156 4315 1196 4361 est
1212 4326 1279 4377 pro-

85 4394 115 4431 re
132 4378 161 4430 h.
172 4376 192 4428 1.
212 4374 312 4428 obhtus
330 4384 378 4430 est.
668 4381 803 4459 pellebpnt
828 4395 878 4451 ego
905 4397 934 4434 ur
960 4393 1078 4431 meorum
1104 4378 1181 4430 codd.
1204 4377 1278 4434 nullo

85 4453 141 4501 .12.
179 4445 209 4497 bt
227 4445 289 4496 dnm
309 4462 391 4500 remos
409 4448 498 4516 aptari
514 4446 639 4515 probibe-
672 4463 769 4501 mrem.
