2926 5174
176 255 199 326 8
651 271 684 334 o.
713 271 837 322 quarn
861 268 947 320 aum

174 457 293 556 Igitur
318 456 444 529 castris
478 453 527 527 ad
551 453 739 552 Babylona
770 452 923 550 positis,
940 476 1010 548 quo
1046 451 1181 544 maiore
1213 451 1332 525 animo
1364 477 1441 525 aar

176 576 367 667 passerent
390 566 535 656 bellum,
569 563 755 636 universas
781 563 877 637 vires
903 563 941 634 in
968 570 1200 658 conspectum
1227 559 1349 634 dedit:
1383 573 1417 636 et

178 675 397 753 circumdato
424 677 530 766 vallo,
565 672 662 773 quod
688 674 812 749 decem
842 673 978 744 milium
1013 681 1233 750 armatorum
1262 674 1416 747 multitu·

178 788 299 861 dinem
332 796 484 884 caperet,
520 785 652 860 Xerxis
691 784 856 882 exemplo
895 808 1085 855 numerum
1120 782 1303 879 copianun
1334 784 1415 856 iniit.

180 897 272 972 Orto
299 899 374 971 sole
400 895 448 970 ad
473 900 617 970 noctem
643 897 795 993 agmina,
835 895 928 967 sicut
959 893 1139 992 descripta
1164 902 1277 984 erant,
1312 893 1442 965 intra-s

178 1034 265 1083 vere
291 1009 435 1081 vallum.
476 1005 563 1079 Inde
591 1008 720 1080 emissa
746 1014 1010 1101 occupaverant
1028 1003 1310 1102 Mesopotamiae
1329 1029 1416 1076 oam-

178 1145 256 1217 poS,
284 1111 444 1215 equitum
469 1116 701 1215 peditumque
727 1114 989 1213 propemodum
1013 1115 1281 1188 innumerabilis
1302 1116 1415 1204 turba,

179 1230 351 1301 maiorem
377 1253 483 1324 quam
502 1253 568 1325 pro
583 1252 732 1300 numero
759 1227 915 1323 speeiem
941 1227 1068 1299 ferens.
1107 1225 1300 1299 Persarum
1320 1237 1444 1299 erant4

180 1348 325 1412 centum
349 1339 457 1428 milia,
483 1339 519 1410 in
547 1338 625 1435 quis
652 1362 760 1433 eques
787 1338 935 1434 triginta
952 1337 1134 1434 implebat.
1174 1336 1272 1409 Medi
1299 1337 1418 1411 decem

181 1451 350 1546 equitum,
374 1449 630 1545 qmnquaginta
647 1449 745 1520 milia
763 1447 925 1544 peditum
947 1448 1138 1521 habebant.
1177 1445 1443 1521 Barcanorum5

181 1560 342 1655 equitum
368 1556 440 1631 duo
466 1559 563 1631 milia
589 1560 697 1648 fuere,
726 1559 853 1630 armati
878 1559 1092 1655 bipennibus
1118 1559 1331 1655 levibusque
1345 1585 1416 1632 seu-

180 1671 227 1742 tis
253 1668 409 1740 maxime
436 1677 553 1741 cetrae
581 1671 736 1767 speciem
760 1668 1009 1742 reddentibus:
1036 1667 1197 1765 peditum
1217 1668 1342 1742 decem
1360 1671 1417 1743 mi·

218 1835 283 1915 Cap.
301 1842 325 1887 4.
353 1837 375 1902 §.
398 1840 422 1887 2.
457 1836 553 1886 castris
581 1837 619 1888 ael
644 1835 783 1903 Babylona
852 1834 963 1886 sociem
971 1835 1078 1905 ferens]
1107 1833 1416 1888 sicBern.AF10r.B

177 1905 287 1974 positas]
305 1903 395 1972 Vulgo
412 1904 451 1955 ad
465 1903 635 1970 Babylonem,
653 1905 699 1956 sed
708 1903 782 1956 Leid.
817 1901 843 1954 D
897 1901 1106 1981 (suprascripto
1122 1907 1157 1971 y)
1174 1902 1220 1955 FI
1238 1911 1266 1956 et
1283 1902 1359 1955 Laid
1376 1921 1417 1956 no·

181 1973 327 2041 Babylona,
348 1971 429 2024 Bern.
446 1969 473 2023 A
489 1971 662 2039 Babylonam,
689 1972 784 2042 reliqui
817 1969 1011 2023 tanteHemsio
1024 1970 1327 2047 (nonSnakenburgio)3
1343 1971 1417 2040 vulgo

180 2040 233 2093 mei
254 2041 429 2093 Babilonlam.
466 2037 582 2092 Omnino
608 2039 713 2092 difficile
742 2048 783 2093 est
817 2040 927 2107 speciem
943 2055 1045 2108 yerens.
1064 2038 1171 2092 Cmtius
1189 2038 1250 2091 alibi
1267 2057 1317 2092 neo
1332 2057 1419 2108 ycrera

139 2148 144 2159 .
180 2117 298 2161 statuere
319 2123 372 2176 qua
388 2106 491 2160 ratione
513 2109 605 2160 urbem
626 2108 698 2160 illam
720 2108 782 2162 sori·
817 2124 866 2159 nec
874 2109 953 2175 ferre
966 2106 1078 2176 speciem
1087 2107 1160 2174 dicit,
1177 2124 1270 2160 verum
1282 2110 1417 2178 praeferre

180 2183 243 2246 ptor
258 2174 380 2228 videatur
397 2174 557 2244 appellasse:
583 2194 644 2228 nam
665 2177 783 2229 nomina·
817 2189 872 2240 v11,
892 2180 917 2242 8,
936 2176 1032 2244 facere
1049 2189 1116 2243 v111,
1134 2182 1178 2242 42,
1203 2179 1337 2228 ostendere
1355 2191 1417 2241 vm,

179 2243 250 2296 tivus
268 2260 397 2312 nusquam
414 2249 455 2294 est
472 2244 542 2312 apud
560 2259 634 2309 eum3
652 2244 785 2297 ablativus
817 2249 849 2295 41
877 2250 906 2295 et
932 2252 1061 2296 ostentare
1087 2258 1118 2310 x,
1145 2250 1187 2311 28,
1213 2243 1418 2312 frequentissime

179 2311 220 2365 bis
238 2310 372 2363 invenitur
388 2311 524 2378 Babylone
541 2318 595 2373 V,5
615 2318 643 2363 et
661 2318 703 2365 20.
730 2313 783 2365 Ac·
813 2312 954 2381 praebere,¹
973 2311 1066 2364 Cicero
1084 2313 1117 2363 de
1135 2312 1178 2364 oli.
1197 2319 1272 2377 11,11
1292 2314 1349 2365 nisi
1365 2331 1378 2365 s
1396 2329 1418 2364 e·

180 2378 327 2432 cusativum
354 2377 416 2431 libri
439 2378 503 2430 editi
529 2379 683 2449 plerumque
710 2379 783 2432 exhi·
818 2380 881 2431 ciem
917 2396 964 2430 rae
982 2389 1005 2431 le
1023 2381 1083 2432 boni
1100 2381 1152 2432 viri
1181 2397 1255 2447 eras,
1282 2381 1329 2432 sed
1353 2331 1417 2432 idym

179 2447 245 2500 beut
261 2448 436 2514 Babylonem,
456 2448 502 2498 sed
520 2448 594 2500 codd.
612 2466 672 2500 mss.
692 2448 782 2517 (omis-
818 2448 850 2499 de
868 2465 884 2500 o
904 2448 993 2513 1111,4
1012 2449 1208 2501 siuillitadinem
1227 2452 1361 2516 quandam
1377 2466 1418 2518 ye-

179 2514 214 2568 sis
232 2514 289 2567 aliis
307 2513 437 2567 scribendi
454 2514 583 2582 ludibriis)
610 2515 648 2568 ita
669 2517 781 2583 variant,
817 2517 909 2568 rebant
926 2516 1085 2584 speciemque
1102 2517 1266 2585 sapientiam.

179 2590 211 2635 ut
228 2582 385 2652 integriores
401 2583 456 2635 fere
473 2582 644 2651 Babylonem,
669 2584 782 2637 deterio·
853 2586 875 2651 ξ.
894 2590 918 2635 4.
941 2585 1046 2652 inquis
1065 2585 1269 2653 equestriylnla
1288 2584 1417 2654 implebat]

179 2667 222 2703 res
248 2651 435 2719 Babyloniam,
471 2651 601 2704 rarissime
622 2654 783 2721 Babylonem
817 2652 907 2771 Vulgo
935 2653 1044 2720 trlyinta
1061 2655 1150 2718 milla,
1177 2653 1224 2705 sed
1242 2670 1337 2722 sequor
1353 2669 1417 2704 nunc

180 2719 303 2771 habeant.
339 2719 396 2771 Iam
418 2720 584 2786 Babylonem
605 2738 683 2773 nemo
705 2721 782 2788 feret,
817 2719 865 2772 Lei
885 2760 891 2771 .
909 2720 1012 2773 Vossl
1033 2727 1061 2772 et
1078 2721 1226 2773 Beruenses
1243 2721 1417 2774 Florentinos·

180 2786 242 2856 quia
259 2786 434 2840 nominativus
456 2788 593 2854 Babylona
621 2789 746 2842 abhorret
768 2806 784 2841 a
818 2804 870 2858 que
886 2787 966 2840 libros
984 2795 1090 2858 praeter
1106 2806 1188 2840 unum
1204 2788 1276 2842 Flor.
1295 2788 1328 2842 G.

181 2854 378 2921 consuetudine,
396 2857 443 2908 sed
459 2856 597 2924 Babylona
610 2856 712 2910 Graeca
729 2866 783 2911 ter·
853 2860 876 2924 ξ.
894 2863 918 2908 5.
936 2857 1119 2909 Barcanorum
1137 2859 1262 2927 equilum]
1299 2858 1418 2910 Bactria·

181 2922 333 2989 minatione,
369 2941 448 3002 quam
482 2923 509 2976 in
544 2924 601 2976 aliis
635 2925 784 2978 nominibus
817 2942 909 2977 noram
931 2923 993 2977 olim
1015 2925 1156 2991 edebatur,
1181 2934 1209 2977 et
1234 2934 1275 2977 est
1299 2926 1326 2978 in
1343 2926 1418 2978 Bern.

182 2990 290 3044 Graecis
315 2991 423 3046 Ourtrus
446 3009 524 3062 saepe
549 2994 690 3072 praetulit,
721 2994 784 3048 boni
817 2993 931 3046 BFlor.
949 2991 1058 3059 BGH,
1082 3001 1129 3046 aut
1146 2992 1266 3046 similiter
1283 2995 1419 3047 Barctria·

182 3059 245 3112 libri
261 3077 448 3130 nonnunquam
467 3061 605 3131 (imprimis
618 3066 689 3134 x,2)
707 3080 783 3133 prae·
818 3080 910 3114 noram
937 3059 965 3113 in
991 3061 1063 3114 Flor.
1086 3061 1123 3127 D,
1149 3062 1371 3115 Baretrlanoram
1395 3061 1418 3114 in

182 3129 248 3182 bent
266 3135 294 3179 et
310 3128 485 3198 corruptionis
502 3130 571 3183 ratio
580 3137 663 3200 patet.
689 3136 783 3210 Itaque
818 3130 890 3183 Flor.
908 3128 969 3181 FI:
997 3130 1043 3181 sed
1060 3130 1220 3182 Bactrianos
1239 3129 1295 3200 ipse
1313 3131 1418 3201 scriptor

182 3195 504 3266 ubicunqueBabylonam
522 3197 548 3249 in
566 3198 638 3251 libris
656 3199 712 3252 into
755 3218 784 3252 o·
818 3198 886 3250 infra
903 3197 1029 3264 excludit,
1047 3198 1186 3250 Barcanos
1204 3206 1294 3250 autem
1312 3198 1419 3268 Stepha-

182 3263 255 3317 ribus
277 3264 404 3334 scriptum
425 3264 523 3331 inveni,
546 3266 648 3318 correxi
669 3267 712 3319 Ba
729 3270 783 3334 ylo·
818 3284 867 3319 nus
884 3265 1030 3334 Byzantius
1046 3273 1153 3336 gentem
1163 3265 1295 3335 Hyrcanis
1313 3267 1417 3321 vicinam

182 3349 228 3396 na,
246 3331 350 3383 sublata
367 3331 458 3383 littera
475 3350 500 3383 m
521 3332 549 3384 in
574 3333 634 3399 fine,
658 3352 736 3403 quam
752 3334 784 3386 li-
819 3333 942 3405 appellat.

182 3396 330 3451 brariorum
347 3397 416 3477 'levis
438 3398 547 3452 seientia
569 3400 694 3469 adjecisse
711 3402 783 3455 vide-
853 3403 965 3455 manime
983 3413 1067 3456 cetrae
1084 3403 1194 3482 speciem
1211 3403 1300 3473 redd]
1331 3402 1418 3455 Germe

183 3472 271 3531 retur;
306 3464 401 3535 rehqm
426 3473 516 3519 tamen
537 3468 712 3537 Babyloniam
739 3472 784 3535 (de
818 3472 928 3531 verbum
953 3470 1006 3523 iam
1036 3471 1117 3524 editio
1163 3471 1265 3540 rinceps
1296 3469 1417 3534 restituit,

182 3535 262 3602 urbe)
280 3547 322 3598 1v,
341 3540 374 3586 25
392 3541 420 3586 et
437 3540 480 3601 35,
498 3550 529 3602 x,
557 3543 582 3603 3,
605 3537 699 3606 quibus
721 3539 784 3592 locis
819 3556 878 3592 eum
904 3538 932 3591 in
957 3538 1029 3592 libris
1055 3557 1115 3592 mss.
1141 3490 1314 3591 deterioribus
1342 3537 1418 3605 (Flor.

183 3600 276 3672 optimi
298 3600 399 3654 codices
421 3610 538 3670 tuentur,
560 3622 622 3657 nam
643 3607 715 3660 urbis
737 3626 784 3660 no·
837 3607 924 3659 uidem
941 3606 1123 3677 DEFGHI)
1142 3609 1221 3660 celtae
1239 3607 1352 3676 legatur.
1375 3604 1418 3658 lsi-

181 3685 244 3721 men
262 3670 411 3737 Babylonia
433 3670 551 3740 genitivo
573 3674 736 3743 Babyloniae
754 3691 783 3744 v,
819 3625 897 3728 dorus
914 3675 943 3727 in
961 3675 1129 3745 Originibus:
1155 3675 1234 3728 Cetra
1258 3685 1359 3727 scalam
1385 3676 1418 3726 lo·

182 3737 373 3790 bdefenditur.
818 3761 892 3796 ream
909 3745 966 3796 sine
984 3745 1073 3812 llyno,
1101 3760 1150 3812 quo
1177 3752 1285 3795 ntnrztar
1308 3743 1374 3811 Afri
1398 3748 1417 3792 el

218 3807 304 3858 decem
321 3807 433 3876 milium]
451 3807 543 3873 Milia,
562 3811 784 3865 mlliameet.uno
818 3813 921 3865 Mauri.
962 3811 1069 3864 Servius
1092 3813 1126 3864 ad
1150 3810 1252 3880 Vergil.
1274 3812 1343 3863 Aen.
1367 3822 1417 3871 vu,

182 3873 302 3938 lscribo,
322 3873 383 3945 quia
393 3874 437 3927 (sio
459 3884 611 3930 constanter
632 3877 694 3931 libri
715 3881 784 3932 msti.
821 3887 868 3934 732
888 3879 1093 3932 cetram-definit
1116 3888 1215 3932 scalam
1234 3881 1345 3943 lorcam,
1373 3893 1416 3945 qao

181 3940 350 4011 Singularem
364 3949 457 3996 eontra
466 3944 604 4010 geminatis
614 3945 698 3999 literis
708 3948 785 4000 scribi
819 3958 927 4001 alarum
949 3950 1015 4018 Afri
1036 3958 1059 4001 el
1082 3948 1216 4016 Hispani,
1247 3965 1300 3999 non
1329 3943 1417 3998 iniun'a

183 4010 347 4076 grammatici
364 4010 540 4081 praecipiunt:
558 4013 618 4066 vide
632 4014 785 4068 Schneideri
819 4016 951 4084 Hispanos
969 4033 1173 4069 commemorans
1191 4013 1347 4083 (cfiLivium
1356 4026 1415 4076 xxr,

179 4076 266 4130 Elem.
283 4078 314 4131 L.
332 4078 363 4131 L.
381 4097 412 4149 p..
424 4086 483 4132 412.
819 4091 863 4150 21,
882 4088 945 4151 12),
971 4083 1061 4136 Livius
1083 4097 1194 4149 xxvnr,
1221 4088 1236 4134 5
1262 4081 1416 4135 Graeconm

218 4148 241 4212 ξ.
260 4153 284 4199 3.
315 4149 375 4200 inde
393 4149 488 4200 emissa
506 4152 705 4220 occupaverant]
740 4151 785 4205 sio
819 4152 906 4222 peltae
923 4152 1033 4204 similem
1050 4152 1127 4220 dicit,
1150 4149 1270 4220 quocirca
1286 4151 1417 4220 peltastas,

179 4211 253 4264 Flor.
270 4214 294 4265 B
314 4222 342 4267 et
357 4215 438 4267 Born.
456 4216 490 4282 A,
507 4216 596 4295 plures
613 4217 693 4270 etiam
711 4237 784 4271 occa-
820 4220 865 4288 qui
890 4221 960 4289 apud
987 4219 1101 4273 Graecos
1126 4218 1264 4288 scriptores
1290 4218 1414 4278 dicuntur,

175 4292 316 4350 parmam.
376 4282 467 4353 Vulgo
501 4287 562 4338 :nde
597 4298 784 4355 occupaverant
819 4287 874 4358 ipse
883 4288 1003 4341 Romano
1011 4305 1084 4341 moro
1101 4297 1210 4341 cetratos
1228 4286 1351 4356 appellat.
1370 4283 1414 4336 Oe-

179 4351 284 4404 erm'ssa.
818 4363 906 4410 terum
929 4374 942 4410 e
965 4374 1019 4410 non
1043 4373 1075 4409 ae
1097 4355 1181 4410 scribo
1203 4371 1261 4408 cum
1286 4355 1413 4422 Wagnero
