2926 5174
474 222 542 409 θ

474 607 522 710 Q.
561 606 789 694 OURTII
827 609 982 695 RUFI

704 819 753 870 DE

609 975 860 1044 GESTIS

226 1186 835 1312 ALEXANDRI
891 1190 1223 1310 MAGNI

513 1436 641 1492 REGIS
667 1437 951 1493 MACEDONUM

627 1627 768 1692 LIBER
784 1627 831 1692 X.

572 2102 895 2166 ARGUMENTUM,

197 2291 242 2356 (1)
260 2287 329 2340 Item
356 2287 486 2342 Cleander
503 2285 635 2358 ceterique
660 2285 786 2357 praefecti
813 2286 961 2357 copiarum,
989 2303 1057 2357 quae
1082 2284 1110 2338 in
1131 2283 1222 2338 Media
1246 2283 1352 2337 relictae

111 2365 238 2432 fuerant,
257 2363 373 2432 evocati,
392 2364 519 2418 scelerum
543 2371 571 2416 et
588 2363 750 2434 flagitiorum
767 2363 794 2417 in
811 2362 949 2434 provincia
969 2363 1140 2417 admissorum
1158 2378 1255 2432 poenas
1272 2360 1353 2412 dede·

110 2449 181 2495 runt.
220 2446 263 2508 (2)
282 2441 420 2495 Nearchus
437 2449 466 2494 et
485 2439 648 2495 Onesicritus
665 2440 745 2493 litora
763 2440 849 2494 Rubri
866 2440 944 2493 maris
962 2439 1080 2510 legentes
1098 2458 1157 2493 cum
1174 2439 1201 2491 in
1218 2437 1353 2509 regionem
1420 2436 1422 2442 '

111 2518 272 2573 Carmaniae
289 2518 428 2584 venissent,
447 2516 545 2570 relictis
563 2517 671 2570 navibus
689 2519 723 2569 ad
741 2534 831 2588 regem
848 2517 1001 2583 ascendunt,
1020 2525 1048 2570 et
1060 2516 1178 2570 referunt
1196 2518 1229 2569 de
1246 2513 1352 2569 mirabi-

109 2594 177 2649 libus
197 2595 312 2649 Oceani.
347 2592 397 2649 Ille
414 2597 449 2648 ad
466 2595 575 2648 classem
596 2593 716 2647 remissos
742 2611 790 2664 per
807 2593 893 2648 sinum
909 2593 1044 2647 Persicum
1071 2601 1100 2646 et
1116 2591 1260 2662 Euphratis
1287 2591 1353 2646 ostia

108 2672 282 2742 Babylonem
308 2680 447 2742 penetrare
464 2669 553 2736 iussit,
582 2674 621 2737 (3)
640 2672 787 2740 eodemque
804 2677 926 2739 tempore
951 2669 1095 2740 longinqua
1112 2668 1221 2724 consilia
1238 2667 1351 2738 aptans,

109 2748 185 2803 utin
203 2749 346 2818 Euphrate
362 2756 391 2801 et
407 2746 473 2801 mari
491 2746 577 2800 medio
594 2746 687 2817 ingens
705 2746 793 2800 classis
810 2746 993 2800 aedificaretur
1009 2746 1155 2817 imperavit.

179 2828 224 2895 (4)
247 2825 316 2879 Cum
331 2825 484 2895 Parsagada
509 2823 641 2891 venisset,
669 2823 790 2891 Orsines,
817 2831 925 2894 satrapa
950 2824 1078 2894 regionis,
1106 2830 1134 2876 et
1155 2823 1212 2893 regi
1238 2829 1266 2874 et
1283 2825 1353 2891 regis

109 2902 199 2956 amicis
218 2910 331 2972 praeter
347 2921 427 2956 unum
442 2903 551 2972 Bagoan
568 2900 682 2954 maxima
699 2902 767 2954 dona
784 2899 888 2954 obtulit.
916 2899 1003 2964 Quam
1021 2902 1055 2954 cb
1073 2915 1177 2953 eausam
1194 2916 1254 2951 eum
1271 2897 1353 2967 spado

108 2981 180 3049 apud
198 2995 296 3048 regem
312 2978 475 3044 criminatus,
506 2982 546 3044 (5)
565 2995 624 3031 cum
641 2979 703 3031 data
721 2978 858 3032 occasione
884 2976 964 3030 etiam
982 2975 1089 3030 crimine
1106 2973 1212 3046 spoliati
1231 2973 1296 3043 Cyri
1313 2989 1353 3027 se·

107 3055 193 3127 pulcri
213 3064 244 3108 et
270 3055 344 3125 regni
362 3054 476 3125 appetiti
497 3053 686 3121 insimulasset,
713 3054 840 3125 perfecit,
866 3060 897 3106 ut
914 3052 1041 3124 supplicio
1058 3052 1223 3120 afficeretur,
1250 3050 1302 3103 iam
1319 3050 1354 3103 ad

109 3133 251 3186 saevitiam
269 3140 361 3185 eontra
378 3130 518 3203 pristinum
535 3149 635 3185 morem
652 3130 795 3186 inclinante
811 3131 973 3185 Alexandro.

179 3215 222 3277 (c)
244 3210 343 3263 Auctor
361 3212 480 3279 deinceps
499 3213 530 3263 de
551 3209 680 3262 Graeciae
697 3209 806 3262 motibus
830 3211 866 3278 (et
884 3209 976 3261 itinere
994 3208 1064 3277 repis
1082 3223 1163 3275 usque
1182 3205 1252 3258 Susa
1271 3206 1351 3259 coati-

108 3290 203 3356 nuato)
224 3297 250 3340 et
268 3287 386 3354 Harpali
397 3286 470 3355 fuya
496 3294 661 3354 exposuerat,
685 3288 733 3339 sed
749 3287 844 3339 lacuna
870 3287 917 3338 hoc
935 3287 989 3338 ioco
1007 3293 1057 3350 est,
1079 3301 1097 3336 a
1115 3284 1154 3336 Io.
1172 3283 1351 3337 Freinshemio

107 3366 255 3418 secundum
274 3380 314 3429 ea,
334 3381 399 3433 qaae
415 3363 550 3415 Diodorus
568 3363 692 3430 tradidit,
721 3363 804 3431 (qaod
820 3363 857 3414 ad
873 3362 1023 3431 Harpalum
1047 3362 1149 3431 quidem
1162 3362 1288 3428 pertinet)
1308 3378 1352 3412 err·

103 3444 188 3510 pieta.
227 3442 270 3509 (7)
289 3439 438 3492 Nemeum
455 3439 606 3492 Alexander
628 3440 662 3494 ob
680 3447 815 3510 receptum
833 3437 981 3508 Harpalum
1003 3436 1103 3491 bellum
1125 3435 1222 3489 inferre
1239 3435 1352 3490 Atheni-

108 3518 217 3571 ensibus
237 3516 408 3582 decrevisset,
432 3515 506 3568 illum
523 3514 629 3568 interim
645 3515 756 3570 Athenis
774 3515 889 3569 eiectum
913 3522 941 3567 et
960 3531 976 3566 a
993 3512 1102 3568 Graecis
1125 3511 1260 3581 militibus,
1285 3530 1353 3584 quos

108 3596 235 3648 mercede
253 3595 427 3659 conduxerat,
445 3592 614 3646 interfectum
630 3593 762 3663 cognorit.
788 3592 884 3663 Itaque
901 3591 971 3645 bello
989 3591 1085 3644 omisso
1101 3588 1241 3660 imperavit
1254 3598 1353 3657 tamen,

108 3680 139 3725 ut
156 3672 251 3725 exules
268 3671 297 3723 in
316 3669 436 3723 ninutas
454 3688 512 3723 suas
530 3670 725 3740 reciperentur,
753 3670 795 3724 cui
812 3669 900 3724 edicto
922 3686 981 3723 curn
1006 3666 1087 3721 ceteri
1104 3674 1242 3737 parerent,
1267 3667 1352 3718 Athe·

109 3750 214 3802 nienses
232 3747 444 3816 refragabantur.
480 3750 520 3815 (8)
540 3747 612 3800 Susis
631 3750 701 3817 (vere
718 3766 743 3801 a.
762 3765 786 3800 a.
808 3746 870 3801 Olr.
891 3756 945 3799 nat.
963 3747 1035 3813 324.)
1054 3761 1114 3797 cum
1130 3742 1226 3796 stativa
1243 3743 1352 3795 haberet

108 3842 156 3879 rex
174 3831 253 3894 (nam
271 3825 310 3877 sic
327 3825 427 3876 videtur
444 3843 501 3877 cam
517 3826 636 3878 Diodoro
654 3842 779 3878 sanasse
800 3824 915 3890 Curtius,
934 3825 1009 3892 ioaqe
1026 3822 1104 3874 aliter
1121 3829 1196 3890 atque
1206 3821 1351 3884 Arrianus,

110 3905 155 3974 qui
173 3904 286 3955 eandem
303 3918 356 3952 rem
377 3901 428 3969 Opi
445 3903 482 3954 ad
497 3902 603 3970 Tiqrim'
615 3903 743 3955 occidisse
762 3902 855 3970 tradit)
873 3899 998 3952 maiorem
1015 3903 1120 3968 partem
1136 3894 1233 3948 veteris
1250 3892 1351 3947 exerci-

110 3988 153 4032 tus
171 3977 289 4043 dimisit,
316 3976 402 4030 soluto
419 3977 490 4049 prius
507 3977 686 4031 hberalissime
713 3977 826 4031 militnm
842 3993 903 4029 aere
920 3975 1012 4029 alieno.
1048 3976 1088 4039 (9)
1107 3971 1161 4025 Sed
1185 3988 1244 4024 cum
1261 3970 1351 4024 Maee-

111 4057 191 4110 dones
209 4071 304 4124 regern
329 4053 357 4106 in
374 4054 437 4108 Asia
462 4047 597 4108 remanere
622 4054 690 4108 velle
715 4046 918 4120 iniellexissent,
946 4051 1075 4105 seditione
1102 4056 1175 4114 orta,
1201 4047 1351 4101 missionem

112 4149 202 4186 omnes
221 4129 351 4184 obstinati
367 4133 502 4200 postulare
519 4129 663 4202 incipiunt,
681 4147 730 4185 nec
747 4131 817 4201 regis
834 4127 1012 4183 admonitione
1029 4131 1175 4178 mutantur.
1203 4128 1259 4191 (10)
1280 4123 1351 4176 Tum

111 4207 154 4260 ille
171 4207 295 4278 graviter
311 4224 356 4260 eos
372 4206 502 4280 increpat,
527 4217 555 4262 et
572 4210 678 4262 deserto
696 4225 759 4279 rege
777 4226 825 4261 suo
844 4208 952 4260 domum
968 4203 1055 4258 redire
1072 4201 1160 4254 iubet:
1184 4198 1305 4253 Asiaticis
1323 4217 1351 4254 se

112 4285 239 4338 militibus
259 4290 415 4337 contentum
432 4286 495 4339 fore.
532 4288 590 4355 (11)
609 4284 730 4354 Cumque
746 4284 892 4338 desiluisset
909 4284 942 4335 de
959 4276 1093 4344 tribunali,
1112 4277 1286 4330 concitatores
1304 4276 1350 4330 ali-

114 4378 176 4431 quos
194 4379 281 4415 manu
299 4363 496 4432 comprehensos
513 4361 630 4430 abducit,
649 4362 743 4417 ceteris
760 4359 933 4416 admiratione
949 4376 980 4413 ac
998 4356 1089 4411 dolore
1106 4353 1283 4423 torpentibus,
1302 4369 1351 4407 nec

1129 4443 1178 4494 31*
