2926 5174
109 284 185 356 344
577 301 611 363 o.
640 298 764 352 curru
789 297 874 350 sarr

107 496 265 562 venerat.
317 485 443 584 ltaque
478 494 519 558 ut
554 509 696 574 omnes,
738 482 797 579 qui
824 480 1049 571 defecerant,
1095 482 1238 580 pariter
1253 509 1256 514 ·
1269 483 1336 556 belli

109 599 209 673 clade
235 608 491 697 premerentur,
518 595 639 693 copias
667 593 805 684 dividit,
832 594 955 690 urique
982 618 1114 691 agros,
1144 604 1184 667 et
1209 594 1337 667 interriti

108 711 261 809 puberes
287 709 399 782 iussit.

59 826 106 896 39
213 816 393 917 Sogdiana
426 818 524 916 regio
559 817 693 890 maiore
730 842 777 890 ex
809 826 912 914 parte
947 814 1096 889 deserta
1133 826 1212 889 est:
1247 818 1366 890 octinr

110 942 220 1030 genta
245 932 320 1005 fere
346 928 462 1002 stadia
486 930 523 1002 in
555 929 781 1002 latitudinem
810 938 935 1002 vastae
970 927 1191 1002 solitudines
1223 936 1336 1002 tenent.

111 1042 241 1143 lugens
269 1042 425 1141 spatium
450 1050 568 1114 rectae
595 1040 749 1138 regionis
776 1049 840 1129 est,
866 1064 930 1136 per
956 1066 1067 1137 quam
1095 1040 1226 1130 amnis,
1251 1039 1355 1139 Poly-r

112 1155 276 1228 timetmn
301 1163 434 1226 vocant
459 1151 613 1244 incolae,
650 1153 773 1225 fertur.
826 1148 1037 1224 Torrentem
1071 1178 1159 1225 eum
1192 1152 1334 1251 ripaeis

111 1277 256 1340 tenuem
290 1267 433 1339 alveum
472 1273 623 1361 cogunt3
668 1262 798 1337 deinde
833 1288 986 1336 caverna
1026 1264 1180 1362 accipit,
1219 1276 1255 1337 et
1284 1263 1333 1336 sub

112 1389 244 1451 terram
271 1378 374 1476 rapit.
428 1373 562 1449 Cursus
589 1375 788 1450 absconditi
813 1372 979 1447 indicium
1006 1385 1067 1447 est
1093 1401 1214 1473 aquae
1239 1391 1348 1447 mean-t

112 1489 159 1562 tis
186 1514 311 1580 sonus,
347 1513 428 1561 cum
453 1488 572 1585 ipsum
597 1489 729 1579 solum,
764 1487 830 1561 sub
864 1511 933 1582 quo
965 1496 1094 1559 tantus
1128 1489 1244 1562 amnis
1267 1487 1333 1575 fluit,

114 1627 159 1674 ne
191 1601 331 1674 modico
365 1597 508 1696 quidem
540 1598 687 1672 resudet
722 1600 880 1673 humore.
932 1595 989 1670 Ex
1021 1598 1182 1696 captivis
1215 1597 1350 1697 Sogdia-⁴

114 1738 243 1786 norum
269 1711 316 1786 ad
341 1735 463 1809 regem
488 1736 569 1783 xxx
593 1710 812 1801 nobilissimi,
839 1734 1029 1808 corporum
1056 1710 1195 1784 robore
1221 1709 1333 1798 eximio,

114 1822 278 1922 perducti
304 1834 425 1899 erant:
459 1823 519 1920 qui
545 1833 586 1896 ut
610 1846 675 1920 per
701 1823 932 1919 interpretem
956 1833 1230 1919 cognoverunt,
1259 1822 1333 1893 iussu

115 1936 209 2033 regis
235 1937 332 2035 ipsos
367 1933 414 2007 ad
446 1933 658 2032 supplicium
689 1933 799 2024 trabi,
839 1957 980 2005 carmen
1006 1932 1229 2008 laetantium
1251 1929 1333 2005 modo

117 2070 261 2137 canere,
302 2039 536 2144 tripudiisque
571 2056 607 2117 et
641 2043 818 2118 lasciviori
853 2045 1009 2142 corporis
1046 2057 1157 2119 motu
1191 2043 1332 2144 gaudium
1374 2060 1377 2091 ³

116 2156 297 2253 quoddam
323 2157 430 2228 animi
457 2165 637 2229 ostentare
665 2165 867 2254 coeperunt.
913 2154 1128 2230 Admiratus
1157 2184 1234 2249 rex,
1256 2163 1351 2229 tentet

119 2266 363 2366 magnitudine
397 2267 504 2339 animi
543 2277 713 2365 oppetere
744 2278 914 2355 mortem,
951 2269 1118 2341 revocari
1154 2295 1216 2343 eos
1249 2265 1334 2353 iussit,

119 2403 263 2452 causam
288 2388 363 2452 tam
390 2379 523 2452 effirsae
548 2379 723 2471 laetitiae,
759 2403 839 2452 cum
872 2377 1084 2477 supplicium
1120 2390 1208 2454 ante
1241 2370 1335 2454 oculos

154 2637 176 2698 ξ.
192 2637 233 2685 22.
268 2633 374 2698 interfici
385 2633 508 2702 puberes]
531 2629 606 2686 Leid.
619 2632 719 2687 Vossl
756 2631 854 2702 legitur
871 2632 940 2702 apud
951 2629 1084 2700 Curtium,
1103 2641 1135 2686 et
1153 2633 1180 2687 h.
1189 2633 1207 2687 l.
1224 2629 1334 2702 diremptio

120 2696 236 2754 BernA
252 2699 323 2754 Flor.
341 2701 390 2754 AB
403 2703 495 2771 pubes.
757 2700 943 2754 vocabulorum
966 2698 1103 2770 ingratum
1128 2701 1230 2774 aliquid
1250 2710 1275 2754 et
1292 2697 1335 2752 affe

156 2768 273 2839 (lepti),
286 2773 310 2835 S.
320 2777 343 2822 1.
365 2773 461 2823 maiore
479 2788 510 2823 er
523 2773 612 2840 parte]
634 2769 723 2838 Vulgo
758 2776 857 2823 etatum
877 2770 963 2822 habet.

121 2840 226 2905 maiori,
253 2838 299 2891 sed
316 2839 400 2892 altera
416 2839 502 2893 forma
519 2838 622 2893 codices
640 2838 724 2893 nostri
789 2840 815 2958 Ξ
825 2845 850 2890 4.
876 2838 1024 2892 laetantium
1037 2840 1132 2910 mado]
1161 2839 1334 2907 sianonmn,

123 2924 212 2961 omnes
229 2925 289 2962 cum
305 2907 501 2962 Leid.Voss.1.
759 2924 788 2960 co
808 2907 833 2959 d.
854 2923 956 2973 omnes,
986 2922 1070 2976 marg.
1089 2906 1221 2962 Iunianae
1241 2917 1268 2961 et
1283 2903 1335 2960 llud

158 2979 181 3045 §-
196 2983 220 3030 2.
255 2986 340 3030 rectae
366 2978 490 3047 rapiente]
528 2975 638 3028 Terram
660 2973 725 3028 dicit
759 2974 849 3028 editio.
1330 3036 1335 3050 .

123 3044 191 3098 sicut
208 3062 238 3097 su
257 3063 288 3098 ra
304 3052 405 3111 c.29,4
418 3044 446 3098 in
455 3044 657 3114 longitudinem,
674 3043 692 3096 i.
702 3059 725 3095 e.
794 3048 818 3107 ς.
837 3050 861 3096 5.
897 3045 1049 3096 Admiratus
1078 3062 1137 3097 rea.
1175 3045 1257 3100 codd.
1276 3045 1336 3096 rusb

124 3115 158 3167 ab
176 3063 312 3167 occidente
329 3113 459 3168 orientem
468 3130 559 3166 versus
588 3119 724 3166 orrectam.
760 3111 864 3183 quidem
882 3129 970 3166 omnes
989 3113 1085 3164 admir.
1105 3124 1155 3167 est
1173 3133 1229 3181 rea,
1246 3113 1336 3167 sedem

123 3180 216 3237 Amnis
233 3190 274 3235 est
290 3181 368 3235 variis
385 3181 532 3236 nominibus
577 3181 652 3247 ohilr,
675 3181 725 3233 Za·
759 3181 856 3235 iunctio
883 3181 910 3234 in
939 3179 1109 3250 sequentibus
1143 3182 1217 3236 nulla
1245 3188 1287 3245 est
1311 3174 1336 3230 Er

123 3251 246 3314 raschan,
274 3250 348 3319 Sogd
373 3250 452 3304 hodie
478 3249 638 3321 appellatus,
664 3248 725 3301 vide
759 3249 841 3302 miror
858 3249 992 3320 abquanto
1009 3255 1087 3317 post,
1116 3250 1164 3304 ubi
1182 3268 1252 3304 nunc
1266 3245 1336 3317 regim

124 3318 221 3372 Ritter
239 3317 336 3388 Geogr.
353 3334 385 3385 11,
400 3338 429 3399 p.
440 3326 487 3371 571
509 3326 572 3386 (vet.
583 3316 669 3384 edit),
691 3319 725 3370 ad
760 3329 811 3371 tum
829 3335 885 3384 rex,
904 3335 998 3440 guerro
1016 3319 1104 3438 itapue
1121 3318 1223 3372 iterum
1239 3318 1264 3372 in
1278 3310 1337 3371 omni·

124 3401 202 3456 quem
222 3387 311 3458 capita
331 3387 481 3457 promnciae
502 3386 553 3440 sita
575 3395 636 3439 sunt
652 3386 725 3439 Bok·
759 3388 807 3439 bus
825 3386 908 3439 codici
928 3404 957 3438 us
974 3392 1001 3437 et
1017 3385 1051 3437 ed
1072 3387 1216 3458 ‚antiquis
1237 3402 1286 3440 esse
1298 3398 1336 3445 nr.

124 3456 427 3523 haraetSamarkand,
473 3472 521 3508 uae
544 3454 726 3524 olimquoque
760 3457 941 3508 admiratus
971 3457 1229 3534 magnitudinem
1257 3450 1336 3513 animi,

125 3521 249 3576 videntur
266 3524 352 3577 fuisse.
382 3523 456 3577 Fert‘
478 3532 560 3577 tatem
577 3523 727 3594 laetumque
760 3523 830 3594 quod
852 3525 885 3576 ab
907 3524 964 3594 ipso
985 3531 1114 3602 scriptore
1133 3525 1277 3594 profectum
1290 3533 1336 3598 ⁰⁶9*

125 3599 260 3661 aspectum
284 3609 396 3662 magnae
427 3592 496 3645 illius
521 3591 645 3646 convallis
671 3607 728 3644 vm
760 3610 813 3644 non
839 3593 986 3661 persuadeo
1011 3591 1082 3645 nubi.
1119 3592 1175 3646 Sed
1198 3601 1220 3662 §-
1234 3602 1247 3647 t
1258 3595 1335 3715 ff

127 3658 227 3714 dierum
249 3659 300 3714 iter
321 3661 416 3732 longae
433 3678 524 3714 omnes
542 3659 663 3716 certatim
681 3661 727 3714 ad·
761 3660 832 3730 quod
858 3660 885 3713 in
916 3661 993 3715 editis
1024 3667 1134 3730 praeter
1159 3662 1234 3716 Mod.
1306 3665 1336 3709 W

125 3727 215 3786 mirati
236 3738 297 3782 sunt
318 3738 346 3783 et
369 3739 472 3783 veteres
499 3738 528 3782 et
550 3728 726 3783 recentiores:
761 3736 823 3799 post
844 3730 947 3792 Quaero
964 3733 1057 3798 itaque,
1077 3729 1114 3782 ob
1125 3730 1335 3785 codicaminuml·

126 3796 187 3850 vide
208 3796 323 3852 eiusdem
341 3797 439 3852 Ritteri
462 3797 662 3868 descriptionem
683 3798 700 3851 l.
710 3798 727 3851 Ι.
762 3798 843 3851 tenda
868 3816 935 3853 voce
958 3814 1115 3852 consensum
1138 3799 1272 3853 delendum
1288 3791 1334 3853 nin

127 3865 182 3920 Sed
194 3883 253 3919 cum
267 3865 350 3936 vulgo
366 3866 470 3937 legatur
481 3884 533 3935 per
551 3884 628 3936 quam
646 3869 730 3921 amnis
764 3866 833 3920 iusto
859 3867 930 3920 enim
955 3865 1115 3920 liberaliores
1143 3867 1171 3920 in
1197 3868 1246 3922 hoc
1264 3873 1335 3936 geum

127 3965 163 3979 ·-
173 3935 264 4003 fertur
273 3946 383 3989 torrens.
405 3936 484 4001 Eum,
504 3952 573 3989 nunc
587 3934 731 4004 marginem
765 3938 821 3990 fere
846 3936 975 4018 principes
1001 3933 1113 3988 editores
1140 3937 1253 3990 fuerunt.
1286 3927 1333 4005 Vll?

127 3999 190 4056 edit.
224 4004 350 4057 Iunianac
382 4012 409 4057 et
436 4002 557 4056 Medium
587 4003 670 4056 secuti
697 4021 731 4058 ex
765 4003 892 4057 Drak.ad
908 4005 1146 4071 Inv.xxnr,45,6.
1182 4004 1280 4060 Curtius
1294 4013 1333 4078 qur

128 4071 204 4124 codd.
223 4072 292 4126 Flor.
303 4070 393 4125 DFGl
410 4070 560 4141 scripsimus
580 4074 731 4126 Torrentem
766 4074 826 4125 dem
844 4072 933 4127 omisit
949 4089 977 4138 v,
996 4078 1011 4126 8
1029 4080 1098 4126 extr.
1116 4088 1147 4140 v,
1166 4079 1247 4141 224
1269 4068 1331 4122 Eam

128 4155 194 4197 eum.
219 4140 543 4195 Flor.Etorrentemcum.
561 4141 731 4210 Numquam·
765 4142 793 4194 in
818 4141 938 4195 oratione
964 4140 1099 4208 indirecta,
1126 4159 1205 4212 quam
1228 4147 1329 4194 vonum·

128 4204 169 4259 vis
187 4217 287 4264 torrens
305 4208 434 4262 adiective
451 4226 510 4262 cum
522 4209 592 4262 amni
607 4208 731 4280 coniungi
765 4208 851 4264 omitti
861 4227 1047 4290 nonnunquam
1060 4213 1163 4264 dicendi
1174 4203 1329 4264 vertunum

128 4274 222 4344 possit,
236 4277 303 4332 sicut
312 4292 376 4345 vm,
387 4284 402 4331 8
415 4279 619 4347 praeterfluebat
629 4288 730 4332 torrens
766 4277 848 4332 nostri
866 4280 999 4350 scriptoris
1015 4278 1086 4334 liba
1105 4296 1128 4333 a
1138 4285 1173 4335 80
1186 4286 1249 4331 extr.
1262 4275 1327 4326 doeffl

130 4344 216 4397 amnis
234 4353 334 4412 etvur,
345 4352 376 4399 st
396 4348 506 4415 cinpitur
523 4348 595 4399 amni
611 4350 729 4416 torrenti,
764 4349 916 4402 Leonnatus
935 4360 958 4402 et
975 4350 1055 4401 vivere
1072 4349 1189 4402 Dareum
1205 4357 1227 4400 et
1240 4347 1326 4413 ψίαθ-

131 4416 221 4462 tamen
247 4421 275 4466 et
305 4413 407 4484 saepius
438 4424 539 4468 torrens
566 4414 730 4469 substantive
765 4418 903 4471 incolumes
921 4449 955 4460 —
965 4418 1036 4487 sore.
