2926 5174
372 338 422 390 nn
449 335 575 390 unsrrs
601 335 710 389 snnx.
736 337 814 406 vm,
834 333 878 387 rs.
1190 316 1263 389 395

91 524 178 598 narn
212 521 295 597 Indi
327 547 452 622 qnoqree
486 523 585 596 deam
624 546 693 596 esse
733 546 785 595 nse
824 522 981 633 neclan!
1032 522 1144 598 Fama
1177 522 1265 596 enim

91 659 113 706 a
146 646 312 725 cantant,
351 646 382 705 et
414 658 513 731 saepe
546 633 645 706 etiam
679 633 769 733 qnod
797 632 892 734 salso
925 632 1085 706 aedium
1119 646 1167 707 est
1198 634 1272 708 veri

91 770 133 818 nn
168 743 313 818 obtinuit.
365 744 424 817 An
463 768 515 816 nee
555 743 707 816 lacernae
745 743 967 842 indnlqentern
1004 744 1132 840 potatis
1171 770 1270 817 armo

91 868 139 928 tra
174 879 260 928 anco
295 867 492 953 arpentoqne
526 852 735 928 edomas-‘sel
786 853 938 927 Assnetis
969 854 1054 927 nibil
1082 853 1183 928 vilius
1209 854 1271 927 boc

91 968 138 1040 eri
168 966 311 1039 materia
345 966 435 1038 volni
468 964 649 1055 ostendere,
683 963 889 1038 Macedonas
919 964 1056 1039 invictos
1087 965 1199 1039 caecis
1229 989 1270 1038 ne

91 1104 114 1153 ·o
140 1077 277 1178 quidem
301 1075 399 1148 oinei.
443 1071 562 1149 Oculos
578 1098 655 1174 erpo
674 1074 828 1172 prirnnrn
853 1098 966 1148 eornm
992 1076 1130 1149 sordida
1156 1075 1270 1150 omnio

91 1187 233 1261 bomilia
263 1187 479 1284 spectantium
515 1186 665 1282 capiam,
699 1196 730 1256 et
754 1183 887 1277 docebo,
926 1212 986 1260 nos
1010 1211 1078 1260 non
1109 1186 1188 1259 anri
1213 1199 1272 1259 ont

91 1300 159 1373 'enti
184 1297 334 1395 cupidos,
358 1296 419 1370 secl
444 1298 551 1371 orben
577 1308 741 1370 tararnrn
767 1295 958 1370 aebactnros
982 1295 1102 1370 uenire.
1158 1293 1269 1380 Qnont

91 1410 173 1483 riorn
200 1421 252 1500 tte,
276 1407 472 1506 parricida,
503 1407 695 1503 intercepere
720 1404 865 1497 uoluisti,
897 1418 927 1479 et
950 1405 1169 1498 Macedonas,
1195 1431 1270 1505 repe

91 1533 202 1619 nupto,
235 1517 370 1591 devictis
391 1517 541 1617 pentibus
566 1517 694 1589 dedere
746 1515 795 1588 At
818 1540 908 1590 nnnc
931 1541 1044 1591 mores
1069 1543 1135 1609 me,
1160 1530 1199 1591 nt
1220 1542 1272 1591 oe·

91 1631 110 1703 's
142 1627 344 1729 parcentibus
378 1629 544 1725 porcam!
600 1624 684 1700 Non
723 1626 887 1724 oportebat
920 1627 1052 1726 qnidern
1086 1653 1144 1703 oos
1177 1630 1272 1720 seire,

91 1742 115 1814 d
147 1743 189 1815 ele
225 1740 279 1813 bis
312 1737 514 1828 statuissent,
547 1761 611 1835 qno
642 1737 800 1811 tristiores
824 1738 999 1837 periretis,
1033 1739 1157 1840 siqua
1182 1739 1273 1813 uobis

91 1864 207 1926 entant
225 1850 387 1924 niernnia
403 1863 434 1921 et
448 1873 531 1922 coro
548 1860 613 1920 est:
639 1849 700 1921 secl
724 1847 801 1922 olins
826 1850 926 1922 ntum
952 1873 1076 1923 rnorem
1102 1849 1273 1924 nectendi

91 1989 107 2034 n
132 1963 277 2037 scelestis
302 1960 444 2034 insontes
463 1958 674 2061 propinquos
692 1971 914 2059 parentesque
939 1959 1030 2051 solui,
1056 1973 1087 2033 et
1103 1960 1271 2058 prrfiteor,

100 2072 213 2148 eodeni
246 2074 366 2146 bonne
390 2074 529 2172 saturos
562 2094 674 2144 omnes
704 2094 775 2179 eos,
815 2070 852 2142 in
883 2094 947 2168 qno
970 2071 1122 2170 sanant.
1175 2070 1272 2146 Nam

91 2211 127 2256 nn
154 2183 385 2272 Callisthenen
411 2181 467 2253 cni
490 2180 553 2253 reni
576 2178 629 2252 ner
654 2179 788 2271 videris,
815 2180 909 2280 qnia·
922 2179 1005 2254 latro
1029 2205 1079 2273 es,
1104 2183 1186 2275 seio,
1213 2209 1274 2258 car

91 2295 177 2369 nnn
201 2294 304 2368 creles:
337 2305 374 2365 nt
397 2316 509 2365 coram
534 2291 585 2364 bis
609 2290 752 2389 probra,
788 2315 872 2389 qaae
898 2291 934 2364 in
958 2317 1012 2364 nte
1036 2295 1134 2368 modo
1158 2294 1275 2388 iecisti

91 2405 132 2480 do
157 2405 302 2494 audon,
329 2402 418 2480 illins
444 2426 570 2500 qnoque
597 2425 651 2474 ore
676 2403 873 2500 rreJ‘erantnr.
929 2401 1050 2495 Quem,
1075 2406 1108 2478 si
1131 2404 1275 2481 Macedo
1336 2397 1339 2401 ἲ

91 2529 125 2606 rt,
150 2530 256 2590 tecnon
274 2515 539 2604 introdoenssern‚
565 2509 800 2611 dionissincant
826 2513 1034 2612 tedescrpnbr
1059 2516 1274 2616 moqnnnrn:

91 2651 124 2701 no
152 2624 307 2726 Olynthio
332 2648 399 2698 non
424 2624 514 2697 idern
539 2623 625 2696 iaris
651 2634 706 2695 est.

138 2735 228 2810 Post
254 2734 344 2806 hoec
371 2735 555 2806 consilium
582 2732 731 2823 dimisit,
757 2732 920 2830 tradique
947 2732 1135 2809 damnatos
1161 2735 1322 2812 homi-29

91 2871 157 2937 rus,
197 2847 259 2944 qui
286 2869 333 2917 ex
361 2842 487 2918 eodem
513 2843 660 2916 cohorte
687 2855 805 2935 erant,
845 2846 957 2918 iussit.
1010 2843 1074 2935 llli,
1101 2857 1141 2918 ut
1166 2844 1275 2919 fidem

91 2983 139 3032 un
177 2956 329 3031 saevitia
373 2957 448 3052 regi
486 2954 743 3052 approbarent,
784 2956 1006 3029 excruciatos
1044 2966 1274 3030 necaverunt.

91 3138 146 3186 .16.
174 3134 243 3186 nibil
259 3133 336 3184 cilios
353 3131 402 3183 boc
418 3131 502 3184 videri
518 3131 639 3198 neoterio]
675 3145 765 3183 omnes
790 3131 866 3184 codd.
892 3129 975 3184 Snek.
1001 3135 1030 3181 et
1055 3128 1139 3184 nostri
1170 3135 1279 3201 praeter

91 3201 117 3252 sd
129 3199 156 3253 in
166 3199 357 3254 recentioribus
370 3197 530 3251 editionibus
544 3198 641 3267 legitur
675 3199 746 3253 Flor.
764 3199 795 3266 F,
814 3217 830 3253 e
847 3217 900 3270 quo
951 3198 990 3251 'us
1007 3201 1081 3252 modo
1099 3197 1191 3252 abest:
1215 3197 1279 3252 editi

91 3285 134 3335 tre,
155 3270 189 3322 ob
208 3267 330 3322 Acidalio
347 3274 401 3332 est,
423 3273 557 3336 repertum
574 3265 640 3318 illud
674 3275 781 3348 praeter
798 3267 856 3321 Iun.
875 3276 903 3321 et
950 3266 993 3320 od.
1016 3284 1082 3336 qnae
1099 3270 1175 3320 modo
1193 3268 1222 3319 in
1239 3285 1279 3320 me

91 3335 143 3389 iem
159 3336 187 3390 in
204 3337 308 3407 aliquot
325 3334 400 3388 oodd.
418 3334 490 3388 Flor.
502 3333 576 3400 nul,
594 3335 641 3387 sed
674 3337 767 3390 iecisti.
801 3335 880 3401 Quod
897 3353 932 3388 ex
949 3335 1060 3388 adverso
1077 3335 1188 3405 ponitur
1204 3339 1279 3410 mpdo

91 3419 185 3457 uorum
199 3404 328 3458 librorum
337 3402 482 3472 scripturae
495 3421 549 3455 non
562 3419 640 3472 prae·
675 3405 774 3457 audisti
789 3404 894 3475 explico
912 3403 1010 3471 „modo
1025 3405 1058 3457 nb
1073 3403 1139 3470 aliis,
1157 3402 1280 3458 nimirum

91 3473 182 3525 endum.
220 3474 319 3527 Cetera
336 3478 409 3524 recte
427 3469 554 3542 explicuit
571 3469 641 3523 idem
675 3489 690 3525 e
704 3471 865 3526 Callisthene
882 3481 911 3526 et
929 3471 1048 3538 consciis,
1066 3472 1094 3526 in
1107 3472 1280 3527 conventibus
1297 3478 1302 3486 '

91 3536 178 3594 iustus.
212 3539 274 3593 Indi
287 3538 461 3602 mirabuntur,
479 3537 510 3603 si,
527 3538 599 3608 quod
611 3537 640 3590 in
673 3539 768 3592 vestris
793 3540 821 3594 in
848 3559 891 3594 me
911 3540 982 3597 iectu
1003 3539 1128 3594 audisti.“
1164 3538 1236 3594 Nam
1257 3541 1279 3595 si

91 3623 153 3661 urum
168 3617 273 3662 tentum
290 3616 363 3660 terro
380 3615 476 3677 putant
493 3607 639 3673 abundare,
674 3607 784 3689 simplici
810 3629 844 3680 op
881 3608 976 3664 sitione
1007 3610 1105 3690 probro
1135 3607 1222 3663 iacere
1252 3618 1281 3663 et

91 3675 115 3727 nl
128 3694 174 3730 nos
187 3692 293 3757 quoque
305 3675 380 3757 perri
395 3674 527 3728 aestimari
541 3682 570 3727 et
584 3692 639 3728 sor·
674 3677 764 3748 nudrre
781 3677 846 3732 intel
858 3677 864 3690 '
885 3697 923 3746 es,
943 3697 1017 3750 quen
1032 3694 1153 3732 secusne
1168 3685 1196 3730 et
1204 3694 1280 3730 aeon-

91 3741 132 3796 bun
152 3761 206 3826 esse
228 3746 352 3798 v1derrnt.
388 3745 457 3796 Tum
481 3760 513 3796 ne
530 3774 565 3782 —
581 3745 639 3826 qui·
674 3744 741 3812 suri,
759 3762 791 3799 eo
810 3747 933 3800 devenias
945 3765 1004 3870 pue
1021 3744 1128 3827 Medius
1145 3744 1231 3811 venit,
1244 3754 1280 3824 ¹ut

91 3812 639 3950 :tttttttttlnllttttftatta
674 3813 1280 3959 litlot?qttttbtttltlt:

91 3946 118 3999 od
138 3949 161 4003 h.
179 3949 196 4002 l.
222 3948 351 4021 porticula
383 3947 535 4018 copulativa
567 3947 640 4001 nulln
675 3951 735 4003 dem
758 3953 856 4021 probru
877 3950 905 4005 in
928 3949 1100 4004 Hermolaum
1122 3963 1179 4001 viee
1202 3963 1280 4002 verse

91 4028 149 4070 ortus
164 4016 268 4071 ratione
286 4016 412 4087 explicari
429 4022 529 4087 potest.
557 4014 641 4070 clad
676 4036 692 4071 a
715 4034 778 4086 rege
799 4020 919 4074 coniecta
945 4038 998 4073 non
1022 4024 1091 4070 esset
1112 4015 1279 4086 repetiturus.

91 4090 140 4144 ¹24·
341 4103 344 4112 ·
675 4087 713 4140 Et
734 4087 811 4141 abest
833 4088 939 4158 quidem
966 4086 1033 4140 illud
1057 4103 1073 4137 a
1094 4083 1205 4138 vossi
1233 4085 1280 4138 sed

91 4149 155 4213 tn.
188 4159 297 4210 sordido
319 4153 418 4222 mnia]
454 4151 524 4205 Flor.
548 4151 641 4207 DFGI
675 4157 799 4208 mendum
812 4164 945 4226 putamus,
959 4154 1280 4221 ouiuseuusunpertuest.

91 4219 134 4271 nia
159 4228 273 4278 indicto.
317 4224 379 4276 Hoe
404 4221 499 4274 merito
526 4219 640 4291 neglexi.
711 4224 775 4294 Cep.
793 4231 834 4287 29,
853 4230 875 4290 ξ.
894 4232 935 4274 20.
962 4222 1107 4276 bominibus
1125 4221 1171 4291 qni
1189 4237 1220 4272 eu
1237 4239 1281 4274 eo-

91 4283 177 4364 tlnrox
198 4297 283 4346 ventre
305 4288 486 4360 recipiendum
507 4288 558 4343 fuit
578 4307 639 4343 mss.
675 4295 732 4345 den
754 4295 854 4345 cohorte
878 4294 972 4357 erant]
1008 4288 1128 4341 Freinsh.
1152 4290 1279 4356 omnibns,

91 4365 159 4408 uorum
174 4358 255 4414 iussu:
274 4360 337 4414 editi
354 4359 461 4420 venisse.
673 4359 797 4413 Heinsius
808 4360 1020 4413 commilitonibus
1026 4356 1068 4410 vel
1076 4358 1209 4412 comitibus
1216 4374 1280 4413 cou-

95 4418 114 4485 l·
125 4428 159 4478 19.
190 4446 254 4498 poor
271 4430 300 4483 in
316 4446 356 4482 me
373 4429 447 4481 nodo
465 4427 558 4493 iecisti]
594 4425 640 4482 Sie
672 4428 804 4497 iecerunt,
821 4429 919 4482 frustra
936 4425 1038 4499 opinor.
