2926 5174
193 295 241 366 47
246 295 268 365 8
666 311 699 373 Q.
729 310 853 361 cuam
877 309 963 360 surr

193 505 407 596 perventum
439 504 504 568 est.
555 493 662 567 Liber
693 494 752 565 hic
784 494 938 592 populus
971 493 1129 566 concilio
1158 493 1287 567 habito
1313 494 1417 568 dedidit

194 635 242 698 se,
269 633 335 681 neo
361 608 550 705 quicquam
576 603 706 680 deditis
733 615 876 702 praeter
898 614 1127 679 commeatus
1146 605 1359 703 imperatum
1373 617 1417 679 est

196 717 328 808 Quinto
354 719 437 792 hinc
456 719 513 792 die
539 720 639 792 venit
660 715 706 789 ad
725 716 877 790 flumen:
903 715 1071 792 Arabum
1086 715 1239 790 incolae
1258 707 1437 816 appelan'tt

193 829 304 928 Regio
333 830 475 903 deserta
501 842 538 904 ct
563 854 737 927 aquarum
764 828 867 925 inops
895 828 1047 925 excipit:
1076 853 1194 925 quam
1221 831 1419 904 emensusiu

193 941 340 1014 Horitas
368 943 506 1015 transit.
559 942 614 1015 lbi
632 939 803 1012 maiorem
823 939 1001 1012 exercitus
1023 950 1177 1037 partem
1189 939 1420 1039 Hephaestioni

194 1052 360 1142 tradidit,
401 1054 516 1125 levem
560 1061 778 1125 armaturam
820 1075 901 1122 cum
935 1049 1153 1125 Ptolemaeo
1191 1051 1420 1149 Leonnatoque

194 1164 347 1263 partitus
362 1175 426 1237 est.
460 1164 543 1237 Tria
563 1163 668 1236 simul
686 1161 829 1258 agmina
847 1162 1120 1259 populabantur
1141 1163 1267 1256 ludos,
1286 1183 1436 1263 magnast

195 1302 263 1374 qua
290 1273 445 1373 praedae
472 1287 572 1348 actae
591 1284 694 1347 sunt:
721 1271 918 1344 maritimos
936 1270 1187 1366 Ptolemaeus,
1216 1286 1350 1350 ceteros
1364 1276 1418 1374 ipse

195 1413 260 1461 rex
267 1443 276 1477 ,
309 1396 346 1459 et
377 1386 422 1458 ab
455 1387 524 1459 alia
555 1396 658 1484 parto
684 1383 889 1456 Leonnatus
917 1384 1081 1458 urebant.
1139 1386 1186 1459 In
1214 1388 1284 1460 hao
1309 1411 1418 1484 quoque

195 1499 339 1597 regione
366 1497 492 1570 urbem
518 1496 687 1586 condidit,
715 1493 930 1590 deductique
955 1506 1040 1567 sunt
1069 1496 1110 1569 in
1139 1524 1227 1571 eam
1253 1497 1417 1571 Arachosii.

144 1613 193 1683 40
296 1608 389 1681 Hinc
415 1610 579 1706 pervenit
606 1607 652 1680 ad
679 1606 875 1679 maritimos
901 1605 1018 1680 Indos.
1074 1606 1280 1684 Desertam
1297 1621 1434 1685 vastam-⁸

196 1746 265 1817 que
290 1720 472 1816 regionem
499 1721 571 1793 late
597 1728 732 1808 tenent,
759 1742 801 1789 ac
827 1743 873 1790 ne
900 1744 979 1790 cum
1005 1719 1176 1795 finitimis
1207 1723 1347 1820 quidem
1367 1721 1417 1794 ullo

196 1831 396 1905 commercii
436 1832 512 1905 iure
552 1831 756 1904 miscentur.
821 1827 905 1925 Ipsa
939 1828 1099 1904 solitudo
1137 1845 1279 1908 natura
1313 1849 1433 1934 quoquot

194 1941 343 2015 immitia
361 1942 523 2016 efferavit
549 1941 706 2040 ingenia:
733 1939 936 2038 prominent
957 1966 1100 2038 ungues
1120 1970 1317 2043 nunquam
1331 1943 1417 2031 recisi;

197 2079 319 2127 comae
344 2053 504 2127 hirsutae
532 2064 567 2127 et
593 2054 757 2125 intonsae
784 2061 878 2124 sunt.
927 2050 1089 2148 Tuguria
1116 2058 1336 2132 conchis-et
1356 2065 1441 2130 celetl

196 2165 244 2237 ris
276 2166 521 2262 purgamentis
552 2164 660 2238 maris
693 2164 885 2235 instruunt.
936 2161 1116 2237 Ferarum
1156 2170 1316 2265 pellibus
1351 2165 1417 2254 teeti,

195 2275 350 2374 piscibus
379 2275 452 2348 sole
480 2274 616 2349 duratis
624 2276 638 2364 ,’
669 2283 706 2346 et
731 2266 906 2348 maiorum
932 2300 1076 2371 quoque
1113 2277 1327 2373 beluarum,
1357 2300 1417 2377 quas

196 2387 325 2459 fluctus
352 2386 470 2476 eiecit,
506 2413 611 2460 carne
637 2394 841 2459 vescuntur.
896 2383 1133 2484 Consumptis
1170 2392 1286 2491 igitur
1312 2393 1442 2466 alimen-1¹

197 2497 259 2586 tis,
294 2495 508 2569 Macedones
535 2499 649 2597 primo
675 2496 848 2594 inopiam,
887 2495 1015 2569 deinde
1043 2497 1095 2570 ad
1123 2503 1299 2577 ultimum
1324 2506 1418 2578 famen

198 2608 329 2681 sentire
347 2618 551 2705 coeperunt,
577 2608 714 2682 radices
741 2608 950 2705 palmarum,
976 2634 1142 2709 namque
1172 2618 1257 2691 sola
1282 2643 1324 2692 ea
1346 2613 1419 2689 arbor

197 2840 285 2897 rianus
303 2840 434 2914 appellat,
452 2860 485 2896 an
503 2845 628 2911 Horitas,
648 2863 714 2924 quos
732 2842 800 2897 Cur·
835 2843 870 2897 tis
894 2844 971 2896 codd.
990 2845 1224 2906 inamarachoss'r'.
1261 2853 1357 2909 Urbem
1373 2847 1420 2902 itm

198 2912 249 2965 tius
275 2913 356 2983 paulo
387 2919 446 2982 post
471 2911 528 2991 ipse
558 2912 690 2967 describit.
736 2910 800 2965 Cer·
835 2912 967 2967 conditam
985 2913 1045 2968 loco
1064 2929 1233 2987 opportuno
1252 2924 1287 2976 ad
1304 2937 1378 2983 mure,
1391 2912 1421 2968 ull

197 2989 254 3033 turn
285 2988 326 3034 est
357 2980 569 3034 terminationem
601 2982 655 3035 eius
687 2980 800 3034 nominis
834 2980 991 3034 Horitarum
1007 2981 1085 3037 vicus
1104 2986 1162 3041 fuit
1180 2990 1352 3053 Rhambacs'a
1366 2982 1421 3042 tradit

200 3047 330 3103 Graecam
348 3050 404 3117 (ῶν
418 3068 470 3102 non
478 3053 569 3119 brom)
586 3050 699 3105 voluisse
709 3059 800 3103 aucto·
833 3049 989 3117 Arrianvl,
1008 3057 1040 3104 21
1062 3063 1140 3108 extr.

197 3135 262 3184 rem,
281 3119 315 3170 de
334 3134 386 3197 qua
404 3118 436 3171 cf.
455 3117 576 3172 Schneid.
592 3118 639 3173 Gr.
657 3119 703 3171 lat.
720 3125 799 3188 p.34.
869 3118 934 3190 Cap.
941 3126 983 3186 40,
994 3125 1015 3185 ξ.
1024 3125 1050 3173 8.
1075 3125 1118 3175 ad
1130 3121 1422 3194 maritimoslndosllle

201 3186 322 3239 Cedrosii
339 3193 417 3239 etiam
435 3193 586 3240 constanter
602 3187 629 3240 in
646 3186 720 3240 libris
738 3205 800 3240 mss.
835 3187 985 3241 scribuntur
1003 3204 1074 3257 quos
1089 3190 1241 3250 Nearchus
1265 3198 1335 3268 apud
1351 3191 1422 3249 Aru'su

198 3263 226 3308 et
244 3262 310 3307 vett.
329 3255 389 3306 edd.
407 3254 583 3310 nominantur.
834 3254 862 3308 in
876 3254 972 3310 Indicis
988 3273 1009 3308 c.
1025 3263 1062 3311 29
1082 3258 1316 3336 Ichthyophagos
1332 3259 1423 3335 sppdlrt

233 3328 291 3387 §.a
327 3325 446 3376 Arabum
463 3325 563 3377 incolae
581 3326 685 3405 appello
755 3324 800 3377 ste
837 3326 883 3378 scd
910 3323 1049 3392 coniungit
1068 3325 1190 3385 Curtius
1219 3334 1304 3388 etiam
1327 3335 1423 3388 dmm

197 3391 282 3444 Aldus
299 3393 497 3456 emendaverat,
516 3392 544 3445 in
561 3392 635 3447 libris
652 3409 695 3445 em
767 3411 800 3446 ss.
839 3392 982 3447 Cedrosiae
998 3402 1124 3462 partem.

199 3459 340 3511 barborum
357 3459 463 3529 legitur,
487 3460 533 3512 sed
551 3460 720 3515 consentiunt
738 3462 801 3514 scri-
871 3467 896 3527 §-
907 3467 946 3515 10.
980 3477 1048 3529 quos
1059 3465 1178 3531 fluctus
1198 3463 1425 3540 assimularet·

198 3535 286 3597 ptores
308 3526 335 3579 in
357 3529 406 3581 hoc
426 3528 469 3580 vel
491 3528 569 3581 simili
593 3537 664 3583 certe
686 3529 801 3596 nomine,
837 3533 885 3597 cit,
910 3547 958 3583 nos
975 3528 1108 3586 codicum
1129 3544 1293 3594 nostrorum
1310 3546 1425 3595 murem

199 3594 272 3649 cuius
294 3594 402 3665 stirpem
425 3595 503 3649 hodie
526 3615 630 3669 quoque
652 3597 680 3650 in
697 3597 802 3652 nomine
835 3606 941 3670 praeter
957 3596 1068 3650 Flor.D
1091 3604 1249 3674 sequimur,

192 3664 374 3734 promontorii
405 3665 514 3717 Arabalr
547 3675 677 3720 servatam
708 3667 802 3719 volunt
871 3672 941 3734 §.ln
974 3667 1085 3718 radices
1099 3675 1282 3747 palmarum]
1311 3672 1426 3742 Intellissffi

199 3749 249 3804 geo
282 3731 351 3813 aphi.
836 3734 914 3789 video
936 3734 1101 3802 interpretes
1133 3741 1172 3794 de
1202 3745 1300 3816 palmis
1375 3742 1380 3754 '
1408 3736 1413 3748 '

263 3811 346 3854 oratos
363 3799 518 3854 Flosnssc
535 3802 671 3882 exhibent,
689 3802 802 3856 Neritos
836 3809 898 3860 ταῖς
915 3800 1154 3885 βαλανηφόρριει
1201 3814 1251 3867 uin
1269 3815 1346 3869 etiam
1377 3805 1427 3864 ssa

127 3936 130 3941 >
198 3867 803 4016 sarcinantes.estlear
836 3872 1200 4004 llsttttttl‘tas
1224 3884 1429 4006 ...amitti

201 4004 304 4059 Graeco
328 4022 435 4058 nomine
454 4005 486 4056 Ὠ
504 4012 575 4058 ιτῶν
600 4007 642 4060 vel
659 4006 802 4075 Ὠρειτῶν.
837 4008 914 4061 aliter
936 4015 963 4060 et
983 4007 1056 4060 haud
1081 4011 1175 4068 dubie
1204 4021 1308 4075 rectius
1333 4007 1429 4074 intelltll

200 4073 269 4126 Vide
286 4073 444 4143 Wesseling.
467 4027 502 4127 ad
527 4073 606 4128 Diod.
622 4074 639 4128 l.
657 4075 675 4127 l.
706 4075 803 4129 Cedro·
839 4078 872 4129 de
889 4075 982 4129 frutice
996 4077 1109 4146 agresti,
1133 4082 1250 4157 humili,
1271 4089 1318 4161 qui
1412 4083 1429 4129 a

201 4143 268 4194 sium
291 4141 404 4210 denique
426 4142 517 4213 scripsi
536 4143 597 4213 quia
619 4142 657 4196 sic
681 4150 803 4196 constan·
837 4145 895 4215 ipse
907 4151 1024 4210 vocatur,
1044 4147 1094 4198 sed
1108 4149 1242 4211 fluctum
1256 4177 1313 4214 „011
1335 4163 1378 4222 ert,
1390 4148 1429 4205 stis

201 4217 242 4261 ter
258 4208 318 4262 libri
337 4208 471 4276 cumiani,
499 4210 579 4263 etiam
595 4211 732 4266 Diodorus
747 4217 802 4263 Κε-
837 4232 899 4284 pem
920 4220 1021 4266 tantum
1046 4213 1138 4271 habet
1165 4231 1199 4278 et
1223 4227 1343 4283 mdioem
1360 4219 1429 4277 stus

203 4272 335 4348 δρωσίαν,
353 4276 483 4331 Arrianus
501 4277 678 4352 Γαδρωσίαν.
838 4282 933 4352 quibus
950 4281 977 4334 in
994 4280 1064 4334 fame
1083 4285 1179 4343 etiam
1199 4292 1292 4350 Siculi
1308 4300 1391 4348 nautae
1402 4299 1430 4339 w·

236 4348 261 4422 §3
277 4352 300 4396 7.
335 4347 364 4398 in
388 4362 444 4398 eom
462 4349 613 4416 Arachosia]
650 4347 804 4402 Coniunctis
838 4352 977 4404 scebantur
998 4350 1071 4418 apud
1094 4351 1275 4418 Ciceronem
1298 4364 1327 4418 in
1341 4365 1430 4415 Vara.

202 4412 308 4464 vocibus
326 4421 475 4467 monstrum
491 4416 566 4470 verbi
584 4416 676 4471 extitit
693 4415 720 4468 in
737 4416 804 4470 mul·
839 4426 885 4486 33,
908 4424 939 4472 87
958 4424 985 4471 et
1002 4422 1051 4484 88,
1077 4425 1127 4475 992
1161 4425 1313 4488 invenitur
1334 4420 1430 4487 minist
