2926 5174
115 284 186 355 142
586 301 619 362 o.
648 260 771 351 curru
796 300 881 350 nurr

62 489 108 560 tt
147 464 158 485 ⁰
217 483 385 558 Ceterum
421 482 627 555 hortantem
664 483 842 556 exercitus
881 480 1052 555 exaudire
1085 506 1160 554 non
1200 493 1371 580 poterata

111 620 218 669 usum
249 595 388 665 aurium
421 594 666 690 intercipiente
697 594 841 665 fremitu
873 593 1024 665 duorum
1056 593 1256 690 agminum,
1288 594 1339 666 sed

112 707 151 779 in
178 715 372 801 conspectu
398 705 557 776 omnium
584 705 691 778 duces
718 715 755 776 et
780 705 983 802 proximum
1015 729 1193 800 quemque
1228 704 1339 776 intere·

113 817 255 913 quitans
282 815 544 911 alloquebatur:
570 815 733 888 Emensis
759 826 816 888 tot
841 826 955 888 terras
980 815 1017 886 in
1044 840 1146 911 spem
1171 815 1376 904 victoriatum

114 928 160 1001 de
187 953 258 1023 qua
284 925 524 997 dimicandmn
550 929 659 1016 soret,
691 929 760 999 hoc
792 953 903 999 unum
936 949 1122 1022 superesse
1154 922 1340 997 discrimen.

115 1036 308 1113 Granicum
342 1038 399 1109 hic
426 1063 585 1126 amnem,
623 1035 833 1133 Ciliciaeque
859 1047 1017 1126 montes3
1054 1046 1091 1108 et
1118 1033 1264 1134 Syriam
1288 1035 1341 1108 Ae·

114 1159 337 1248 gyptumque
371 1149 626 1245 praeeuntibus
661 1159 800 1244 raptaS,
839 1148 997 1245 ingentia
1037 1147 1115 1244 spei
1151 1146 1343 1243 gloriaeque

113 1260 352 1347 incitamenta,
379 1259 565 1332 referebat.
605 1259 855 1356 Reprehensos
882 1284 929 1331 ex
954 1258 1040 1354 fuga
1065 1255 1198 1328 Persas
1225 1275 1362 1354 pugna-t

114 1381 233 1458 turea,
271 1368 353 1464 quia
384 1370 508 1465 fugere
538 1395 612 1440 non
643 1379 800 1465 possent.
854 1369 1014 1441 Tertium
1038 1369 1112 1440 iam
1138 1367 1237 1439 diem
1262 1380 1343 1441 metu

116 1498 316 1576 exangues,
344 1480 450 1551 armis
478 1480 551 1552 suis
579 1488 763 1568 oneratos,
795 1479 832 1549 in
865 1477 992 1551 eodem
1017 1478 1172 1574 vestigio
1200 1480 1342 1552 haerere.

116 1590 264 1664 Nullum
303 1587 559 1686 desperationis
591 1590 733 1661 illorum
763 1590 878 1661 maius
910 1587 1077 1660 indicium
1110 1614 1209 1680 esse,
1255 1616 1342 1686 quan

118 1699 216 1798 quod
240 1699 358 1789 urbeS,
386 1699 482 1795 quod
509 1725 614 1796 agros
643 1725 726 1772 suos
753 1709 915 1789 urerent,
948 1699 1115 1794 quicquid
1139 1727 1217 1772 non
1245 1727 1342 1774 eorru-

116 1813 264 1910 pissent,
278 1810 435 1881 hostium
461 1836 546 1884 esse·
567 1810 727 1883 confessi.
768 1809 922 1881 Nomina
947 1808 1054 1881 modo
1080 1835 1179 1882 vana
1197 1814 1360 1907 gentiunt

116 1924 327 2019 ignotarum.
352 1945 397 1992 ne
434 1922 718 1993 extimescerent.
772 1919 896 2017 Neque
929 1919 1023 1991 enim
1055 1918 1102 1992 ad
1129 1921 1217 1993 belli
1244 1923 1341 1995 discri-

116 2057 200 2105 men
225 2031 422 2127 pertinere,
450 2032 510 2126 qui
537 2032 581 2103 ab
609 2031 664 2102 his
692 2029 865 2129 Scythae,
902 2030 1006 2126 quive
1034 2028 1181 2104 Cadusii
1209 2035 1342 2131 appella-

117 2273 180 2327 libri
206 2271 287 2325 Snak.
309 2278 381 2323 stant
423 2290 453 2325 ro
474 2273 546 2342 vulg.
564 2276 602 2326 ud
618 2277 663 2326 teli
680 2269 725 2328 ἰαὶ
757 2273 779 2325 si
795 2271 995 2342 praepositionis
1010 2271 1079 2324 illius
1096 2272 1125 2325 in
1142 2275 1193 2327 tali
1211 2293 1241 2329 re
1255 2276 1342 2329 omisa

119 2353 195 2395 ctum.
231 2340 284 2393 Sed
301 2339 381 2391 Bern.
399 2290 423 2392 S
442 2344 480 2393 ad
496 2344 573 2394 irtam
591 2344 642 2394 teti.
756 2341 905 2410 exemplum
922 2340 986 2392 mihi
1003 2341 1191 2410 suppeditaret.

154 2408 219 2488 Cap.
238 2414 285 2472 52,
308 2410 330 2474 ξ.
353 2414 396 2461 38.
434 2409 551 2461 Ceteram
577 2412 721 2464 hortantem
792 2412 815 2476 ξ.
834 2417 857 2460 1.
871 2411 1058 2477 praedantibus
1076 2421 1171 2477 raptas
1191 2412 1208 2464 i.
1228 2427 1342 2492 eapite

118 2478 259 2543 eaercuus]
308 2475 405 2528 Editur
434 2478 515 2546 vulgo
551 2481 597 2530 hoc
632 2489 721 2533 temtus
757 2477 904 2530 cursoribus
921 2476 1036 2546 ipsorum
1053 2487 1154 2546 captas,
1175 2488 1208 2532 ut
1225 2499 1297 2550 grau
1311 2497 1342 2548 ag·

119 2562 212 2611 exerc,
230 2544 299 2614 quod
317 2545 470 2597 mendosum
487 2562 542 2598 esse
556 2545 721 2600 facileintel-
756 2551 826 2597 mine
849 2563 914 2614 opus
936 2563 989 2597 non
1012 2545 1099 2597 fuerit.
1142 2547 1228 2602 Nulla
1250 2549 1342 2602 sarteas

119 2614 136 2666 li
158 2613 223 2679 'tur;
251 2611 315 2681 quid
337 2612 406 2664 eninr
424 2630 489 2683 opus
507 2615 558 2666 fuit
575 2615 720 2668 exercitum
758 2614 833 2666 codd.
851 2631 911 2665 mss.
930 2624 978 2666 est.
1014 2613 1067 2665 Sed
1085 2614 1195 2668 Medius
1220 2619 1253 2670 de
1275 2615 1342 2671 conie-

117 2633 184 2735 iliid
210 2679 348 2747 exaudire,
381 2699 440 2734 cum
471 2699 529 2735 eam
555 2684 589 2736 ob
617 2701 722 2737 causam
758 2689 847 2760 ctura,
877 2681 932 2734 noli
966 2681 1099 2746 dubitare,
1130 2687 1342 2752 praetereuntibus

118 2752 199 2803 duces
217 2756 383 2803 convocasset
400 2759 431 2802 ut
449 2769 508 2804 suos
525 2752 636 2822 quisquc
653 2753 722 2805 mili·
757 2750 847 2813 edidit,
865 2768 913 2819 pro
930 2767 1002 2802 more
1020 2769 1066 2803 suo
1080 2754 1153 2820 quod
1167 2772 1222 2806 non
1231 2751 1343 2807 intellexit

116 2827 159 2872 tes
178 2817 241 2888 quid
258 2820 402 2871 cavendum
415 2827 483 2872 esset
492 2821 647 2873 monerent?
666 2821 721 2874 Sed
756 2818 897 2887 pessimum
915 2836 1017 2872 vocans.
1034 2819 1092 2872 Nec
1110 2839 1183 2873 nune
1200 2823 1296 2876 Persae
1309 2837 1344 2891 pu-

116 2888 163 2940 illa
180 2904 214 2939 ne
231 2887 357 2940 librorum
375 2887 480 2957 quidem
496 2897 624 2943 mstoruur
641 2888 721 2943 lectio
756 2904 838 2956 gnare
856 2887 988 2952 dicuntur,
1006 2887 1056 2939 nisi
1073 2887 1135 2957 quia
1153 2892 1240 2944 coacti
1258 2891 1307 2944 sint
1316 2896 1345 2941 st

117 2964 177 3022 est,
205 2956 250 3025 qui
276 2956 310 3008 ad
335 2974 416 3008 unum
442 2975 549 3024 omnes,
576 2957 625 3010 nisi
651 2958 721 3011 forte
756 2972 808 3024 que
825 2972 859 3007 ex
875 2955 939 3024 fuga
955 2955 1121 3024 reprehensi,
1149 2956 1168 3009 i.
1198 2976 1221 3011 e.
1246 2956 1345 3012 retracti

116 3025 240 3093 Bong.et
255 3024 346 3092 Pata,
366 3026 666 3096 quorummentionulla
679 3027 720 3093 fit,
794 3028 818 3087 ὅ.
839 3031 863 3076 2.
899 3025 1071 3093 tertiumjatu
1089 3027 1171 3096 etiem]
1191 3027 1253 3081 Hoc
1269 3028 1344 3081 verbo·

117 3092 264 3162 exceperis,
291 3095 337 3146 izoc
370 3098 472 3147 tundent
500 3095 634 3147 exhibent.
676 3094 722 3148 Sic
757 3108 816 3142 runt
834 3091 924 3144 ordine
941 3092 1021 3144 Bern.
1039 3102 1067 3144 et
1083 3092 1155 3146 Flor.
1181 3113 1272 3149 onmes
1288 3092 1346 3148 erhi-

117 3161 198 3214 etiam
223 3162 282 3212 edd.
305 3162 442 3231 antiquae,
470 3163 519 3215 nisi
541 3164 611 3232 quod
634 3161 721 3215 Aldus
757 3160 831 3223 bont,
848 3178 907 3212 cum
923 3160 1003 3229 vulgo
1020 3160 1104 3213 minus
1118 3162 1258 3232 eleganter
1269 3166 1346 3217 edatur

118 3229 146 3282 in
155 3228 368 3281 annotationibus
381 3231 506 3299 pauculis,
524 3248 590 3300 quae
599 3238 720 3284 extremo
758 3229 860 3287 tertium
878 3230 945 3280 diem
962 3231 1023 3281 iota.
1047 3229 1159 3299 Aliquot
1178 3239 1270 3286 tamen
1286 3230 1345 3285 oodd

118 3297 187 3349 libro
205 3296 321 3348 adiectae
339 3306 409 3363 suut,
428 3300 474 3350 hoc
484 3308 570 3350 tantus
580 3298 721 3350 lectionem
756 3293 827 3347 Flor.
845 3295 947 3348 DEFG
964 3299 1038 3349 tertio
1056 3300 1109 3350 iata
1128 3301 1179 3351 die.
1217 3303 1345 3370 Eratyra

118 3380 175 3417 esse
192 3371 309 3415 veterem
330 3363 347 3415 i.
370 3381 392 3416 e.
415 3365 511 3417 veteris
534 3365 641 3418 alicuius
659 3366 720 3419 libri
755 3363 783 3414 in
810 3364 883 3417 nullo
904 3383 956 3417 non
984 3366 1040 3418 cod.
1067 3384 1114 3418 ms.
1142 3368 1282 3436 scribitur,
1309 3381 1345 3420 nae

118 3431 263 3485 contendit.
298 3430 378 3497 Inde,
397 3432 503 3500 opinor,
523 3432 550 3484 in
567 3434 720 3486 Modianam
756 3432 897 3501 quicquam
919 3433 1081 3486 constantius
1104 3452 1185 3504 quarn
1213 3438 1345 3490 litterams

117 3497 254 3577 migravit,
276 3515 329 3550 non
346 3501 417 3568 quod
433 3499 461 3551 in
477 3499 557 3569 ipsius
574 3502 658 3555 Medii
676 3520 719 3556 eo·
753 3509 815 3569 post
833 3518 864 3552 ea
882 3500 950 3553 elidi.
979 3501 1061 3554 Ridet
1079 3501 1276 3565 Quinctilianus
1292 3504 1344 3557 Inst-

117 3567 218 3619 dicibus
235 3565 343 3618 inventa
360 3575 436 3619 esset.
472 3568 525 3620 Sed
545 3568 602 3623 loco
620 3571 719 3639 optime
754 3577 820 3621 orat.
834 3584 854 3634 1,
870 3577 883 3620 7
902 3569 994 3623 anxios
1012 3571 1045 3622 de
1062 3570 1256 3638 significatione
1272 3588 1343 3643 grant·

117 3633 251 3688 consuluit
277 3634 390 3688 Walchii
421 3636 543 3689 facillima
569 3640 717 3692 emendatio
752 3637 869 3689 matieos.
913 3637 967 3690 Sed
993 3655 1051 3690 eam
1076 3639 1161 3708 ipsam
1190 3642 1225 3694 ob
1256 3654 1343 3694 causam

115 3706 268 3768 hortantem,
288 3720 340 3771 qua
356 3712 462 3774 recepta
480 3706 544 3757 nihil
562 3709 595 3759 ad
608 3707 718 3775 integri·
752 3706 824 3774 quod
841 3704 906 3758 alibi
923 3724 936 3758 s
955 3706 1070 3772 eliditur,
1090 3710 1138 3774 §.6
1153 3720 1280 3762 exsortem
1296 3703 1342 3759 dedi

114 3779 200 3826 tatem
217 3771 267 3824 loci
286 3773 375 3824 deesse
392 3789 543 3842 persuasum
551 3776 615 3827 mihi
624 3776 716 3828 habeo.
751 3791 806 3826 non
823 3784 944 3837 exortem,
972 3774 1035 3843 quia
1056 3793 1069 3827 s
1087 3784 1216 3830 exaratur
1233 3777 1260 3829 in
1276 3777 1341 3829 Beni.

115 3840 225 3894 Transit
243 3840 312 3893 enim
329 3848 421 3894 auctor
438 3841 490 3894 iam
503 3844 535 3895 ad
551 3844 640 3896 solitas
654 3851 716 3896 aute
750 3842 777 3893 A
794 3842 865 3897 Flor.
885 3840 973 3894 ADG.

113 3927 232 3981 pugnam
249 3912 346 3962 ducum
363 3911 574 3978 cohortationes,
592 3912 619 3964 in
637 3929 720 3982 eaque
789 3912 811 3977 ξ.
830 3917 854 3963 3.
890 3912 935 3978 qui
952 3911 985 3962 ab
1003 3912 1043 3963 liis
1062 3911 1187 3978 Scythae,
1213 3912 1285 3979 quiue
1302 3907 1341 3960 Cr·

114 3995 144 4031 re
162 3977 341 4047 eloquentiam
359 3996 462 4031 omnem
478 3980 517 4032 ita
530 3980 668 4045 consumit,
687 3988 718 4033 ut
754 3980 835 4044 clasii]
866 3977 950 4030 Recte
967 3977 1085 4031 Freinsh.
1103 3979 1154 4032 hoe
1172 3995 1205 4032 eo
1221 3977 1339 4048 pertinere

114 4047 183 4099 hane
200 4047 286 4115 operis
300 4054 403 4115 partem
416 4047 487 4100 inter
495 4048 718 4118 praestantissima
752 4045 824 4111 dicit,
862 4047 914 4098 uod
931 4046 990 4098 illae
1008 4054 1100 4116 gentes
1119 4055 1177 4099 tum
1194 4046 1265 4099 inter
1276 4043 1338 4097 Asit-

113 4115 198 4166 totius
215 4115 379 4186 antiquitatis
396 4124 566 4170 monumenta
580 4134 717 4169 numerare
751 4132 799 4166 nos
821 4065 915 4166 bdllica
939 4113 1016 4167 laude
1041 4113 1154 4167 maxime
1172 4112 1337 4167 excelluerint.

113 4200 168 4235 non
186 4182 343 4236 dubitemus.
752 4181 794 4235 Cf.
812 4184 955 4235 Arrianum
972 4199 1019 4250 111,
1030 4190 1070 4250 19,
1091 4190 1104 4236 6
1123 4182 1169 4235 ubi
1188 4183 1257 4235 fama
1273 4180 1337 4233 fuiss

148 4252 178 4302 iii
205 4263 339 4319 conspeetu
365 4254 490 4323 eteniam]
528 4253 665 4306 Omittunt
689 4255 716 4305 iu
749 4249 873 4317 traditur,
891 4251 1008 4304 Dareum
1026 4251 1078 4303 iam
1094 4251 1206 4303 fractum
1223 4248 1336 4320 apudrlr·

113 4319 190 4372 codd.
208 4317 279 4371 Flor.
296 4320 389 4371 ABDI
407 4321 486 4373 Bern.
504 4322 529 4374 A
546 4321 619 4373 Leid.
639 4321 715 4373 Voss.
750 4319 809 4372 bela
827 4320 912 4372 denuo
930 4321 1064 4373 fortunam
1080 4319 1335 4398 proeliiexpertuuug

114 4395 146 4453 1,
165 4402 277 4455 quorum
302 4388 485 4442 auctoritatem
507 4397 611 4443 secutus
633 4405 716 4441 essem
750 4404 806 4440 esse
824 4389 895 4458 quod
913 4389 1030 4457 Scythae
1048 4396 1076 4441 et
1098 4387 1206 4441 Cadusii
1222 4386 1270 4457 ipsi
1285 4397 1334 4436 sorr

16 4782 159 4884 ἢ
