2926 5174
107 321 155 392 22
578 332 611 394 0.
640 331 763 382 socru
788 331 873 381 000

105 529 370 620 peragrassent,
396 515 626 615 repetendas:
654 515 773 586 omnia
798 522 861 584 aut
885 512 982 608 ipsos
1008 521 1070 584 aut
1096 513 1220 586 hostes
1234 539 1334 611 popu·

106 634 216 705 latos:
253 654 318 726 per
349 637 471 700 vastas
503 624 729 714 solitudines,
768 623 906 696 etiamsi
937 647 1043 695 nemo
1074 624 1216 718 insequi
1247 625 1334 712 velit,

108 750 252 830 euntes,
286 742 379 811 fame
411 748 519 832 atque
553 734 673 832 inopia
705 732 875 807 debellari
900 758 1016 829 posse.
1062 731 1178 821 Quem
1205 736 1358 832 signumr

108 850 281 922 daturum
303 845 542 945 fugientibus?
569 869 676 939 quem
701 868 872 916 ausurum
896 842 1106 917 Alexandro
1133 844 1336 918 succedere?

107 959 186 1032 Iam
216 968 259 1032 ut
291 957 339 1031 ad
364 956 640 1054 Hellespontum
672 955 758 1051 fuga
789 962 1037 1050 penetrarent,
1073 956 1240 1045 classem,
1275 979 1337 1052 qua

107 1079 309 1158 transeant,
343 1091 449 1164 quem
479 1063 797 1165 praeparaturum?
837 1062 974 1136 Rursus
1008 1065 1046 1136 in
1079 1066 1198 1162 ipsum
1225 1089 1359 1164 regemn

106 1163 348 1252 misericordia
373 1202 494 1268 versa,
520 1177 621 1249 illum
645 1175 772 1247 florem
796 1175 980 1263 iuventae,
1006 1175 1103 1247 illam
1128 1177 1203 1247 vim
1230 1177 1337 1267 animi,

108 1289 261 1363 eundem
294 1314 417 1387 regem
451 1298 489 1361 et
522 1285 814 1375 commilitonem,
848 1282 969 1356 divelli
1000 1311 1022 1356 a
1054 1310 1093 1358 se
1120 1295 1157 1359 et
1183 1287 1339 1384 abrumpi

105 1399 331 1473 immemores
358 1400 414 1472 sui
439 1398 689 1494 querebantur.
803 1472 812 1488 .

59 1544 105 1613 13
209 1508 309 1581 Inter
334 1510 423 1581 haec
447 1507 592 1581 liberius
618 1530 739 1578 meare
765 1506 908 1603 spiritus
936 1515 1119 1603 coeperat,
1156 1507 1360 1582 allevabata

108 1644 177 1715 que
203 1644 271 1692 rex
296 1619 438 1708 oculos,
473 1627 511 1691 00
534 1617 707 1714 paulatim
732 1614 906 1688 redeunte
932 1616 1050 1690 animo
1076 1617 1338 1691 circumstantes

107 1729 240 1802 amicos
267 1738 474 1826 agnoverat,
500 1729 691 1823 laxataque
717 1727 773 1800 vis
798 1727 915 1800 morbi
941 1728 988 1800 ob
1014 1728 1083 1800 hoc
1108 1730 1228 1801 solum
1253 1727 1337 1802 vide·

107 1839 230 1929 baum,
266 1839 348 1935 quia
381 1837 663 1936 magnitudinem
704 1839 788 1909 mali
822 1837 1009 1910 sentiebat.
1070 1838 1192 1911 Animi
1229 1849 1336 1914 autem
1350 1865 1371 1913 0

81 1947 302 2046 'aegritudo
332 1973 463 2047 corpus
496 1949 665 2046 urgebat,
707 1948 838 2045 quippe
870 1946 1028 2020 Dareum
1064 1949 1188 2044 quinto
1224 1948 1338 2023 diein

109 2057 229 2132 Cilicia
253 2061 330 2133 fore
356 2061 597 2133 nuntiabatm·.
638 2057 810 2132 Vinctum
837 2082 922 2154 ergo
950 2083 988 2131 se
1013 2058 1117 2150 tradi,
1145 2069 1183 2132 et
1208 2070 1338 2153 tantam

106 2170 294 2241 victoriam
337 2171 426 2267 eripi
468 2172 535 2245 sibi
575 2196 622 2242 ex
656 2168 837 2258 manibus,
879 2168 1099 2266 obscuraque
1131 2179 1170 2242 et
1201 2170 1338 2268 ignobili

127 2353 275 2419 epulatione
284 2355 428 2430 peraqrati
435 2355 508 2419 fines
519 2363 612 2417 essent,
631 2369 710 2423 quem
745 2352 833 2421 aptius
850 2368 881 2404 00
898 2351 1073 2417 verisimilium
1100 2371 1162 2406 nam
1180 2357 1219 2407 ad
1235 2357 1281 2409 tac
1296 2355 1338 2408 hoc

83 2369 195 2472 ’100000
212 2419 291 2472 attuli
308 2419 336 2472 in
352 2438 461 2490 gramm.
474 2422 629 2489 Lattara,
648 2421 711 2472 dum
745 2420 851 2490 quidem
875 2418 933 2473 loco
958 2419 1024 2472 nihil
1049 2420 1121 2474 aliud
1146 2423 1197 2475 nisi
1224 2423 1300 2476 finem
1314 2429 1338 2474 et

109 2486 217 2540 ablativi
240 2505 316 2540 usum
338 2505 398 2541 cum
419 2488 544 2542 eiusmodi
563 2488 710 2560 expeditio·
745 2487 957 2558 consequentiam
974 2488 1143 2557 significaret,
1162 2508 1193 2544 ac
1211 2491 1285 2562 sequi
1300 2492 1338 2543 de·

109 2572 173 2607 num
190 2553 343 2608 bellicarum
367 2557 454 2611 verbis
483 2575 596 2628 expono.
649 2556 709 2610 Nec
744 2557 825 2609 bebat
855 2565 883 2609 ut
908 2559 1114 2625 magnitudinem
1140 2561 1207 2612 mati
1233 2562 1337 2613 sentiret.

109 2621 232 2675 dissimile
254 2625 325 2693 quod
347 2624 465 2695 sequitur
482 2626 573 2680 statim
582 2628 653 2696 sapa
672 2629 709 2678 ad
745 2623 853 2678 Curtius
876 2632 969 2677 contra
990 2624 1029 2676 sui
1049 2626 1237 2681 conscientiam
1259 2644 1337 2682 rever-

108 2691 305 2760 Hellespontum
318 2702 467 2761 penetrare.
742 2710 798 2744 sam
815 2710 863 2762 pro
880 2691 976 2745 indicio
999 2694 1164 2748 adstantibus
1187 2695 1266 2749 fuisse
1283 2695 1337 2748 dicit

144 2761 166 2826 ξ.
187 2767 210 2812 7.
245 2769 274 2812 ut
295 2763 332 2813 ad
348 2761 418 2815 Heli.
433 2765 507 2832 sapa
525 2763 707 2832 penetrarent]
742 2762 798 2814 fore
816 2769 847 2813 ut
864 2778 926 2813 mox
943 2760 1024 2812 etiam
1042 2780 1072 2815 οο
1105 2763 1158 2816 oris
1176 2764 1246 2818 vires
1259 2781 1336 2818 rever-

108 2825 212 2880 Flor.B
232 2829 278 2880 sed
294 2827 365 2881 solus
377 2840 569 2898 penetrassent.
595 2829 708 2883 Bothius
743 2837 871 2881 terantur.
889 2828 977 2881 Affert
993 2829 1086 2883 Freins
1106 2870 1112 2882 .
1131 2841 1280 2902 opportune
1296 2832 1337 2885 Se-

108 2896 179 2964 quod
197 2904 322 2966 sequatur
330 2906 467 2952 transeunt
475 2898 640 2952 scribendum
649 2915 709 2952 cen·
744 2915 823 2951 necae
840 2897 928 2950 locum
953 2905 1028 2967 006
1067 2900 1233 2960 Quibusdam
1256 2902 1336 2970 aeuus

108 2970 149 3014 set
162 2965 336 3032 penetrarint.
372 2965 435 3018 Non
452 2984 517 3037 opus
535 2974 584 3020 est.
741 2967 887 3035 gratulatio
903 2966 941 3032 fit
967 2983 1024 3018 000
1050 2984 1078 3019 00
1102 2970 1155 3036 ipsi
1180 2987 1269 3039 000000
1285 2983 1334 3020 esse

143 3033 166 3098 ξ.
185 3037 208 3084 8.
236 3042 259 3084 et
277 3032 367 3086 abram
388 3036 409 3114 t]
434 3033 479 3089 Sic
495 3054 556 3089 mss.
574 3052 664 3089 omnes
681 3042 710 3088 et
743 3043 887 3086 senserunt.
923 3033 1057 3104 Frequens
1079 3054 1158 3104 porro
1178 3036 1271 3090 Curtio
1287 3051 1336 3089 esse

107 3099 170 3152 edit.
189 3099 317 3170 princeps.
376 3108 452 3156 dinus
469 3105 556 3158 editor
573 3103 647 3156 dedit
664 3122 709 3156 ar·
743 3101 842 3155 indicat
859 3101 993 3155 Acidalius
1017 3104 1047 3155 ob
1065 3105 1107 3170 id,
1134 3105 1166 3157 cf.
1186 3120 1227 3172 1v,
1245 3112 1286 3159 41.
1302 3111 1337 3157 52.

107 3169 178 3237 ripi,
206 3168 290 3222 voluit
316 3177 405 3224 autem
426 3174 497 3241 quod
513 3171 605 3224 Iunius
623 3171 709 3224 eflecit
745 3177 785 3224 63.
803 3185 857 3236 vn,
877 3177 901 3223 6.
944 3169 1050 3224 Modius
1072 3173 1105 3223 de
1128 3173 1279 3228 coniectura
1298 3175 1338 3226 loe

106 3236 203 3304 abripi,
222 3253 304 3307 eaque
321 3256 370 3308 pro
387 3239 488 3309 vulgari
497 3238 610 3293 lectione
619 3238 710 3292 habita
743 3240 826 3291 solum
844 3237 941 3304 edidit,
959 3240 1029 3320 quod
1047 3257 1100 3292 non
1117 3249 1159 3294 est
1177 3241 1254 3296 huius
1271 3241 1324 3294 loci.

108 3303 371 3372 estaFreinshemio,
390 3307 436 3377 qui
452 3324 480 3360 se
497 3325 552 3361 non
560 3316 709 3376 spreturum
779 3309 800 3373 ξ.
821 3313 861 3359 10.
893 3309 975 3360 anian
993 3317 1077 3359 autem
1095 3311 1235 3378 aegritudo
1253 3326 1337 3379 corpus

106 3370 145 3423 ait
159 3372 289 3442 abrumpi,
309 3373 331 3426 si
348 3374 455 3428 alicuius
473 3375 534 3429 libri
551 3375 709 3428 auctoritate
743 3376 863 3445 arcebat]
902 3375 936 3427 In
961 3375 1135 3429 deterioribus
1162 3379 1239 3431 codd.
1266 3386 1337 3500 qtqqq

106 3438 245 3493 niteretur.
263 3440 370 3496 Scilicet
382 3443 410 3495 id
427 3460 534 3514 operam
551 3444 661 3496 dederat
677 3452 709 3496 ut
742 3431 804 3495 inde
826 3443 911 3496 ductis
932 3443 1089 3497 editionibus
1112 3453 1219 3514 praeter
1242 3446 1274 3499 M

107 3516 252 3578 quaereret.
742 3528 804 3563 nam
826 3512 960 3578 omuibus,
988 3511 1120 3565 sententia
1141 3514 1276 3567 contraria
1296 3529 1338 3566 nec

125 3574 708 3649 Cap.l3,§.9.allevabatquerenoculos]Snak.
743 3587 833 3632 tamen
849 3580 1005 3647 damnanda,
1025 3579 1150 3650 scriptum
1169 3590 1211 3635 est
1228 3585 1336 3636 animuin

107 3642 226 3696 Freinsh.
244 3652 272 3698 et
290 3652 362 3698 retro
380 3663 462 3717 usque
479 3647 646 3716 adAldinam
660 3651 708 3701 ad·
743 3658 827 3701 autern
846 3649 982 3717 aegritudo
1000 3651 1115 3716 corporis
1133 3652 1251 3718 urgebat.
1291 3649 1336 3704 Sed

107 3712 208 3764 leuabat
225 3712 280 3766 sive
297 3715 427 3768 allevabat
444 3715 500 3770 sine
518 3715 708 3770 coniunctione.
761 3723 927 3786 raeterquam
937 3717 1006 3786 quod
1015 3715 1174 3786 optimorum
1184 3719 1260 3772 codd.
1270 3718 1335 3771 Leid.

106 3778 198 3831 Editio
214 3799 254 3849 pr.
273 3786 301 3832 et
310 3780 435 3835 Modiana
452 3793 480 3836 et
497 3785 572 3838 codd.
590 3783 708 3864 plerique
741 3735 822 3836 bern.
839 3785 866 3836 A
882 3785 953 3837 Flor.
971 3785 994 3837 B
1018 3784 1134 3854 itemque
1152 3784 1178 3838 G
1200 3788 1335 3840 auctoritas

107 3849 296 3917 allevabatqae,
315 3849 406 3918 optimi
424 3851 574 3906 discordant
592 3860 662 3905 mter
671 3869 706 3919 se,
742 3851 802 3905 huic
819 3851 964 3922 scripturae
982 3854 1144 3920 adversatur,
1163 3871 1198 3906 ne
1215 3853 1335 3925 ususqui·

108 3931 156 3982 que
173 3915 254 3969 habet
271 3916 342 3969 Flor.
357 3917 393 3984 B,
412 3919 511 3973 omittit
528 3920 609 3973 Bern.
627 3922 652 3972 A
670 3922 712 3986 et,
742 3921 802 3972 dem
819 3920 944 3974 sermonis
962 3921 1051 3975 Latini
1072 3921 1129 3990 0001
1152 3939 1211 3975 eam
1228 3923 1334 3987 videtur,

107 3988 139 4033 00
156 4001 204 4052 000
220 3991 261 4037 000
278 3984 429 4039 existimare
450 3995 558 4058 propter
575 3987 708 4041 silentium
742 3988 952 4058 quandoquidem
991 3991 1181 4059 aegritudinem
1225 3991 1334 4061 carpens

107 4047 311 4121 snakenburgii,
329 4052 404 4105 Leid.
422 4055 498 4109 Voss.
519 4063 542 4108 1.
742 4056 825 4110 omnis
842 4056 935 4110 melior
952 4065 1024 4110 aetas
1041 4056 1216 4126 improbavit,
1234 4062 1270 4113 ad
1286 4057 1333 4113 ani·

116 4177 120 4184 ,
143 4118 337 4194 0010000100
362 4121 445 4175 edidit
462 4122 656 4176 Freinshemius
674 4124 707 4176 dc
741 4143 813 4177 mum
829 4125 916 4196 potius
938 4126 1052 4178 referens
1075 4143 1106 4178 ae
1139 4126 1280 4195 itudinem,
1306 4129 1333 4179 ad

108 4193 257 4304 0000000000
273 4187 360 4269 nescio
377 4190 449 4243 cuius
462 4192 705 4274 ‘sedldudumnota
740 4211 836 4263 corpus
846 4193 1069 4274 summationem.
1125 4197 1189 4248 erba
1207 4197 1271 4252 haec
1287 4197 1333 4249 fere

107 4267 343 4375 ttttna‘tt
351 4275 405 4379 111
420 4258 706 4393 ttttttttttt:
741 4270 803 4382 wli
821 4262 1189 4410 (11110111111οΤ1110110
1207 4272 1332 4388 tn..

110 4385 132 4438 O
150 4390 188 4440 ad
203 4391 278 4456 itaer)
297 4393 387 4448 solum.
404 4393 479 4448 Nihil
496 4395 542 4448 illa
559 4393 709 4448 coniectura
742 4399 813 4468 quod
830 4397 960 4469 alioquin,
987 4416 1008 4452 sr
1030 4400 1105 4453 codd.
1122 4398 1262 4470 iuberent,
1286 4415 1331 4454 non
