2926 5174
444 325 493 376 nu
519 322 645 376 ensms
671 324 779 375 max.
805 328 841 393 x,
865 321 907 370 ar.
1210 301 1282 373 527

21 527 44 574 u
59 503 205 606 Stygem
230 510 412 607 appellant
436 509 581 599 sontem,
608 535 656 586 ex
682 531 753 602 quo
779 506 985 603 pestiferum
1008 508 1105 580 virus
1132 518 1282 581 emanat.

56 616 135 690 Hoc
161 644 223 716 per
249 618 490 693 Cassandrum
517 620 678 706 allatum,
706 617 947 713 traditumque
972 618 1073 690 fratri
1099 616 1223 708 lollae,
1250 627 1286 690 et

20 745 44 794 1⁸
57 728 102 801 ab
139 754 181 803 eo
215 755 402 828 supremae
436 729 529 826 regis
564 727 700 827 potioni
735 726 895 800 inditum.
953 726 1069 818 Haec,
1108 739 1286 824 utcunque

57 850 142 912 sunt
167 839 315 931 credita,
342 865 481 930 eorum,
513 864 602 935 quos
627 863 750 911 rumor
775 849 991 936 asperserat,
1016 864 1103 912 mox
1129 838 1289 937 potentia

57 950 221 1024 extinxit.
272 950 437 1049 Regnum
463 949 557 1022 enim
582 946 811 1021 Macedoniae
829 949 1020 1046 Antipater
1047 960 1083 1022 et
1103 947 1287 1024 Graeciam

20 1078 43 1126 19
57 1085 198 1158 quoque
222 1062 370 1134 invasit:
397 1060 540 1134 'soboles
566 1057 695 1132 deinde
721 1060 872 1157 excepit,
897 1059 1090 1132 interfectis
1113 1060 1287 1148 omnibus,

58 1170 255 1268 quicunque
273 1170 523 1246 Alexandrum
549 1169 655 1242 etiam
681 1169 874 1266 longinqua
899 1171 1109 1268 cognatione
1134 1171 1287 1267 eontige-

18 1297 44 1348 ro
58 1291 149 1354 rant.
202 1280 368 1356 Ceterum
407 1305 537 1379 corpus
576 1281 651 1353 eius
690 1304 712 1351 a
749 1278 971 1371 Ptolemaeo,
1011 1281 1067 1353 cui
1099 1280 1287 1378 Aegyptus

59 1403 225 1483 cesserat,
251 1391 455 1491 Memphim,
482 1400 519 1464 et
549 1388 633 1462 inde
658 1391 780 1488 paucis
805 1402 888 1488 post
912 1393 1013 1465 annis
1034 1389 1289 1465 Alexandriam

56 1504 269 1576 translatum
291 1514 355 1594 est,
382 1501 567 1597 omnisque
581 1500 771 1575 memoriae
789 1528 830 1575 ac
847 1503 982 1577 nomini
997 1504 1112 1576 honos
1127 1501 1287 1574 habetur.

56 1701 123 1756 adeo
139 1704 168 1755 in
183 1704 283 1782 gloria)
305 1701 463 1822 additurcgre
480 1709 580 1754 coastat
597 1706 657 1770 post
690 1702 854 1770 referantur,
885 1704 936 1756 hoc
961 1710 1050 1756 tamen
1073 1701 1131 1757 laoo
1153 1700 1288 1772 scriptoris

58 1787 114 1824 eme
130 1769 158 1823 in
174 1769 266 1824 iisdem
284 1778 313 1823 et
328 1775 407 1823 Rern.
442 1785 534 1839 ,quae
552 1767 657 1821 videtur
691 1770 866 1839 elegantiam
879 1771 988 1824 aliorum
1003 1771 1120 1825 codicum
1136 1769 1289 1824 auctoritati

57 1855 136 1892 eausa
151 1838 231 1892 fuisse
248 1846 278 1892 ut
295 1840 323 1891 in
341 1838 412 1892 Flor.
422 1837 473 1890 DE
491 1838 571 1890 verba
588 1836 658 1889 inter
691 1839 830 1892 obediatur
846 1840 1023 1894 emittentium
1041 1839 1164 1910 postulat
1192 1837 1290 1892 Cetera

58 1909 134 1960 talem
153 1924 208 1961 esse
226 1917 326 1961 canstat
339 1914 367 1959 et
378 1907 657 1976 patientemeseecon-
691 1905 792 1960 intacta
802 1906 974 1977 relinquenda
982 1908 1096 1974 firerant,
1114 1907 1162 1961 sed.
1169 1905 1289 1960 Acidalio

57 1984 111 2030 stat
128 1975 268 2029 interiecta
290 1975 383 2029 omissa
405 1973 465 2026 sint.
501 1973 599 2026 Omnes
616 1979 657 2025 ta·
691 1973 799 2044 ignosco
815 1975 977 2030 variantibus
995 1975 1115 2029 codicum
1128 1973 1287 2029 lectionibus

57 2059 118 2096 men
135 2051 281 2096 extremam
301 2042 376 2095 huius
399 2041 535 2095 commatis
557 2057 657 2106 vocem,
690 2042 829 2097 destituto.

58 2126 127 2191 quae
143 2119 187 2164 est
203 2113 270 2176 saei,
287 2128 346 2164 cum
362 2109 526 2180 insequentis
544 2125 657 2162 comma-
727 2114 750 2178 §-
770 2117 810 2165 17.
849 2114 973 2167 traditam
992 2114 1032 2180 ae]
1079 2110 1112 2164 ln
1134 2111 1187 2165 hoc
1207 2111 1288 2164 verbo

57 2187 91 2232 trs
108 2179 196 2249 prima
209 2179 381 2249 coniungunt,
400 2186 446 2232 aut
454 2177 604 2247 mpliciter
612 2184 659 2229 aut
693 2179 790 2233 desinit
814 2179 885 2234 Flor.
911 2181 937 2234 A
963 2130 997 2234 air
1023 2179 1158 2233 discissum
1186 2179 1288 2246 folium,

57 2246 96 2300 ita
122 2256 154 2300 ut
180 2255 324 2301 monstrum
349 2246 424 2300 verbi
450 2263 479 2298 re
498 2252 658 2299 raesentent.
692 2246 766 2300 Leid.
783 2256 814 2301 ut
830 2248 936 2302 videtur
952 2249 979 2301 in
996 2265 1060 2311 uoce
1072 2249 1215 2317 patientem
1228 2263 1290 2300 ean-

57 2315 166 2368 Frons
185 2317 347 2385 Satistiqum,
364 2314 436 2368 Flor.
450 2264 527 2367 BAH
544 2313 657 2366 Bemss
694 2317 753 2368 dem
771 2317 805 2370 ob
822 2334 937 2383 oausam,
959 2325 1022 2387 post
1034 2333 1195 2386 purgavere,
1217 2315 1290 2385 quod

57 2385 218 2453 satistiyem,
241 2384 312 2438 Flor.
325 2384 352 2437 D
370 2384 528 2452 sapistitem,
549 2380 660 2435 noar
692 2384 771 2455 paulo
798 2393 861 2438 ante
886 2386 1037 2455 legebatur,
1064 2385 1173 2438 Voss.l
1200 2383 1290 2438 avulsa

58 2453 225 2522 maistiyea,
249 2450 446 2516 Geaziaticea,
469 2450 483 2503 Ι
504 2452 658 2520 sagisticem.
693 2461 812 2506 extrema
832 2454 943 2525 pagella
982 2454 1103 2523 Uterque
1124 2452 1204 2506 Bern.
1230 2468 1290 2523 per·

59 2519 113 2575 sed
129 2537 191 2573 oum
200 2519 275 2590 origo
291 2520 383 2572 harum
397 2519 604 2589 corruptelarum
613 2535 661 2588 pa·
694 2528 747 2575 stat
763 2539 846 2592 usque
862 2523 896 2575 ad
913 2523 1000 2575 finem.

57 2595 125 2655 teat,
143 2605 199 2641 non
213 2606 303 2642 moror
316 2586 542 2709 amplius.'Princi
563 2587 660 2639 asedd.
728 2593 752 2655 s.
772 2597 812 2644 18.
850 2601 977 2661 atcunque
1003 2600 1064 2644 sam
1090 2590 1201 2660 credita]
1246 2587 1291 2642 Sic

59 2655 153 2725 (Vind.
175 2656 257 2723 Mer.)
284 2674 383 2726 unqua
405 2657 510 2708 iumenti
551 2663 660 2707 anemae
693 2656 814 2727 plerique
831 2676 892 2712 mss.
910 2667 938 2712 et
955 2660 1014 2711 edd.
1031 2657 1171 2728 principes.
1206 2654 1291 2708 Aldus

95 2727 163 2778 tiens
181 2741 236 2778 ease
254 2735 360 2779 coastat.
396 2724 554 2845 Sactstgpem
571 2725 660 2794 appel-
694 2727 793 2778 tradita
811 2727 889 2779 edere
906 2727 1008 2796 coepit,
1037 2726 1107 2795 quod
1126 2740 1189 2777 sane
1205 2724 1292 2777 estin

85 2802 126 2856 nt,
154 2808 189 2845 ex
208 2810 261 2863 quo
283 2792 368 2845 Aldus
390 2792 453 2846 fecit
502 2793 609 2861 apulam
626 2821 661 2832 -
693 2793 764 2846 Flor.
774 2791 808 2858 G,
827 2794 873 2846 sed
889 2794 972 2847 nihilo
981 2793 1075 2846 melius
1084 2810 1162 2863 quam
1171 2791 1291 2844 alterum.

54 2862 198 2931 patientem
225 2877 280 2915 esse
305 2869 413 2914 coastat.
453 2860 547 2928 Stygos
578 2861 661 2927 hydor
694 2860 795 2913 Verum
803 2860 940 2915 Flumen
948 2859 1292 2927 Bem.BVoss.2(omisso

59 2931 207 2999 appellant,
232 2928 324 2982 lunius
350 2927 461 2999 denique
487 2943 547 2980 cum
568 2925 660 2980 Modio
694 2934 764 2993 sant)
780 2938 907 2999 atcunque
924 2931 1031 2982 eredita.

58 2999 174 3067 aepulae
190 3028 226 3037 -
238 2999 344 3066 patiens
358 3006 530 3050 meemmmt.
549 2996 660 3064 styqem.
729 3001 801 3063 §.aa
825 2997 978 3067 Memphim]
999 2994 1292 3065 ManptiaunusFlor.

58 3065 102 3118 Ita
119 3083 181 3119 cum
199 3064 343 3135 accepisset
360 3063 508 3129 Acidaliae,
531 3080 578 3118 suo
596 3080 661 3132 quo·
695 3063 728 3127 G,
750 3071 807 3117 tum
826 3066 1019 3119 Alexandream
1037 3064 1157 3117 BernA
1174 3063 1244 3116 Flor.
1257 3063 1291 3129 E,

59 3134 121 3186 dam
134 3133 193 3186 iure
202 3150 259 3187 ease
272 3142 376 3212 coastat·
383 3131 539 3187 eliciendum
550 3129 660 3211 censuit,
694 3135 774 3186 tonos
792 3134 898 3214 habitas
914 3140 975 3214 (pro
987 3134 1107 3213 habetur)
1117 3132 1188 3186 Flor.
1198 3131 1234 3198 D,
1243 3131 1293 3184 hoc

58 3201 192 3322 PM?
199 3217 271 3322 tl?
279 3199 453 3322 tltfflstl
454 3205 661 3321 {32⁰1}th
695 3199 1294 3325 tmttltrtttlttttlttlts?

58 3287 205 3409 reffitum
232 3345 288 3404 est,
323 3354 384 3390 nam
410 3286 528 3407 quiimvis
555 3336 662 3388 eaodem
695 3287 870 3391 noidcultum
880 3348 930 3407 est,
947 3337 1294 3408 videsueton.inAugmto

58 3422 137 3461 voces
155 3403 291 3460 interdum
307 3405 403 3476 exiguo
418 3404 505 3475 spatio
523 3402 662 3458 interiecto
696 3423 718 3459 c.
730 3412 770 3460 18.
788 3407 930 3462 Herodian.
947 3407 1096 3474 hist.1v,8.
