2926 5174
94 283 176 368 ’216
579 313 614 377 o.
641 312 765 365 cusrn
789 312 875 364 surr

97 496 203 570 tueri·
219 495 426 594 oportebat,
453 494 581 594 dilapsi
607 507 707 586 sunt,
734 493 896 586 armatis,
931 519 1022 592 quos
1047 495 1121 567 iam
1146 492 1331 567 adventare

98 607 305 698 credebant,
330 605 429 679 haud
454 608 524 680 rati
550 634 590 681 se
615 609 755 681 futuros
779 630 897 705 pares.
949 604 1081 704 Ingens
1115 629 1203 702 ergo
1228 605 1265 677 in
1288 614 1330 677 ta·

96 718 290 793 bernaculo
317 717 474 792 solitudo
500 728 588 809 erat,
614 718 737 815 paucis
764 717 994 817 spadonibus,
1020 716 1105 814 quia
1132 741 1204 813 quo
1232 717 1330 791 disee-

87 827 228 905 derent
251 855 326 902 non
351 830 549 919 habebant,
584 828 896 902 circumstantibus
930 853 1062 926 regem.
1115 827 1171 901 At
1194 827 1263 919 ille,
1288 853 1331 902 re
1346 848 1368 895 ιι

96 941 206 1014 motis
232 940 386 1031 arbitris,
413 939 475 1012 diu
502 938 599 1012 aliud
625 949 733 1035 atque
759 937 856 1011 ahud
883 938 1069 1011 consilium
1095 939 1217 1011 animo
1243 941 1331 1013 volu·

92 1053 210 1127 tabat.
262 1050 408 1149 lamque
444 1050 687 1140 solitudinem,
723 1075 832 1147 quarn
862 1050 970 1147 paulo
1002 1058 1088 1122 ante
1117 1074 1187 1147 pro
1214 1052 1331 1123 solatio

97 1162 294 1262 petiverat,
330 1187 495 1261 perosus,
530 1160 700 1234 Bubacen
734 1161 856 1235 vocari
881 1161 991 1235 iubet.
1044 1158 1163 1250 Quem
1188 1162 1331 1250 intuens,
1345 1180 1364 1226 ιι

96 1274 156 1365 Ite,
182 1274 307 1370 inquit,
334 1274 490 1348 cataclita
515 1272 620 1364 vobis,
646 1272 696 1345 od
718 1273 872 1346 altimum
896 1274 970 1372 rapi
992 1286 1115 1364 nasac,
1142 1286 1180 1346 at
1205 1273 1296 1347 doceb
1323 1329 1330 1362 ,

85 1386 165 1485 fide
189 1385 341 1458 eatam.
394 1384 470 1484 Epo
494 1384 547 1457 bic
573 1385 676 1483 apem
691 1385 766 1485 fati
788 1385 856 1458 mei
879 1398 1019 1484 expecto.
1059 1384 1222 1458 Forsitan
1246 1383 1330 1456 mire·

96 1498 164 1589 ris,
191 1496 281 1596 qaod
303 1495 407 1568 atam
432 1518 500 1567 noa
512 1494 659 1592 finiam.-
693 1495 800 1569 albae
824 1497 960 1586 scelere,
995 1522 1098 1596 qaam
1130 1521 1221 1587 meo,
1256 1496 1330 1569 inuri

95 1607 194 1681 maio.
246 1604 336 1678 Post
367 1605 460 1678 hanc
491 1631 619 1679 vocem
650 1604 764 1702 spado
795 1606 931 1704 gemitu
961 1632 1035 1679 non
1067 1607 1327 1679 tabernaculun
1340 1622 1360 1670 n

95 1716 221 1808 modo,
255 1716 320 1790 sed
355 1717 463 1790 etiam
496 1726 616 1790 castra
650 1717 852 1813 complevit.
913 1716 1080 1814 Irrupere
1113 1715 1245 1790 deinde
1270 1717 1325 1803 alii,

94 1827 330 1924 laceratisque
356 1828 519 1901 vestibus
546 1826 689 1924 lugubri
715 1837 753 1900 et
778 1829 932 1901 barbaro
964 1828 1105 1901 ululatu
1132 1853 1255 1926 regem
1279 1827 1324 1898 de·

93 1939 237 2036 plorare
263 1949 470 2037 coeperunt.
523 1938 674 2028 Persae,
702 1937 749 2009 ad
774 1938 854 2010 illos
882 1939 1037 2012 clamore
1060 1940 1222 2038 perlate,
1249 1947 1323 2011 atto
1335 1951 1355 2000 1³

94 2049 160 2121 niti
192 2059 306 2142 metu,
345 2076 412 2123 nec
444 2076 545 2124 arma
576 2073 719 2147 capere,
751 2075 797 2122 ne
823 2050 861 2121 in
886 2048 1095 2124 Bactrianos
1131 2050 1322 2138 inciderent,

93 2182 161 2231 nec
186 2161 368 2255 quiescere
400 2160 597 2253 audebant,
633 2186 679 2233 ne
705 2161 813 2259 impie
839 2160 1003 2235 deserere
1028 2186 1154 2260 regem
1179 2163 1322 2235 videren-

94 2278 165 2342 tur.
218 2270 350 2344 Varius
377 2296 419 2344 ac
445 2270 611 2346 dissonus
638 2272 772 2345 clamor
798 2272 875 2346 sine
902 2273 993 2346 duce
1018 2298 1060 2346 ac
1087 2273 1167 2347 sine
1192 2271 1352 2371 imperita

95 2379 181 2452 totis
208 2381 334 2454 castris
360 2384 592 2456 referebatur.

43 2489 95 2561 34
197 2489 312 2565 Besso
346 2503 384 2566 et
407 2493 609 2568 Nabarzani
635 2494 890 2567 nuntiaverant
915 2494 988 2586 sui,
1014 2519 1139 2593 regem
1166 2520 1190 2569 a
1215 2494 1321 2568 semet·

94 2599 174 2697 ipso
214 2603 471 2704 interemptum
510 2631 599 2680 esse.
652 2604 824 2678 Planctus
859 2630 920 2679 eos
955 2604 1160 2704 deceperat.
1212 2604 1319 2700 Itaque
1331 2612 1350 2662 1⁵

95 2710 212 2786 citatis
240 2715 340 2812 equis
368 2715 550 2808 advolant,
579 2718 811 2814 sequentibus
839 2742 928 2815 quos
942 2716 989 2789 ad
1002 2717 1242 2791 ministerium
1266 2737 1321 2788 sce-

92 2823 176 2897 leris
208 2825 432 2924 delegerant3
469 2841 506 2902 et
532 2855 613 2903 cum
639 2829 910 2902 tabernaculum
935 2828 1151 2920 intrassent,
1180 2829 1261 2926 quia
1280 2849 1321 2897 re

92 2959 177 3032 gem
210 2936 345 3010 vivere.
375 2939 554 3039 spadones
593 2939 815 3029 indicabant,
855 2939 1109 3039 comprehendi
1144 2939 1321 3034 vincirique

92 3045 285 3120 iusserunt.
337 3047 418 3122 Rex
443 3074 552 3122 curru
577 3051 686 3148 paulo
717 3060 801 3122 ante
828 3059 953 3122 vectus
981 3062 1018 3124 et
1043 3049 1199 3124 deorum
1226 3046 1352 3146 auspi-1⁶

91 3157 157 3228 ciis
191 3182 232 3229 ac
264 3159 339 3230 suis
371 3160 568 3234 honoribus
604 3161 737 3252 cultus,
776 3161 875 3233 nulla
901 3171 1052 3236 externa
1084 3186 1156 3260 ope
1184 3162 1322 3245 admota

129 3324 231 3392 dilapsi
247 3332 309 3377 aunt
325 3327 462 3446 armatis]e
483 3327 600 3380 Additur
621 3326 700 3394 vulgo
735 3315 791 3379 ciis⁸
801 3327 968 3381 deleverunt:
985 3328 1118 3382 debebant
1129 3329 1221 3400 potius
1238 3324 1324 3383 bonori-

98 3397 154 3442 tam
182 3394 293 3444 armatis
357 3394 411 3447 uod

95 3411 469 3539 oodddeterior’islbrdinis(
493 3463 541 3517 lor.
552 3463 625 3530 OG),
641 3481 701 3517 cum
734 3464 836 3517 Verum
856 3464 1016 3518 tutissimum
1041 3473 1082 3518 est
1110 3482 1188 3538 sequi
1216 3466 1325 3520 librorum

90 3542 125 3579 sn
141 3525 189 3578 reh
208 3545 248 3581 urs
271 3529 428 3584 exhibeatur
445 3541 511 3598 tam,
534 3533 581 3584 sed
599 3539 700 3586 utrum·
734 3531 821 3586 fidem.
856 3534 972 3587 Deorum
989 3535 1112 3603 auspiciis
1136 3535 1325 3590 colebatnrrex

96 3608 150 3664 qne
167 3544 262 3674 laisum
279 3605 320 3650 est
337 3615 386 3653 nec
402 3608 493 3654 ortum
508 3600 606 3653 nisiex
618 3602 700 3654 verbo
734 3601 883 3669 Persarum,
902 3602 1001 3674 quippe
1017 3601 1088 3656 cuius
1104 3619 1218 3657 cunum
1234 3604 1325 3657 dacum

91 3678 218 3784 promme
242 3668 425 3736 praecedente.
464 3668 627 3723 Deleverant
648 3669 701 3722 iarn
734 3670 872 3723 simulacra
892 3679 1018 3724 ornarent
1042 3678 1070 3723 et
1097 3671 1143 3724 cui
1179 3688 1254 3727 sacer
1271 3665 1326 3740 ignia

108 3749 185 3786 unius
202 3741 231 3787 et
247 3734 362 3789 Modius.
734 3739 924 3808 praeferratum
941 3743 997 3794 cais
1014 3740 1157 3794 tamtus
1176 3741 1224 3812 qui
1241 3739 1277 3793 illi
1290 3733 1325 3789 nni

483 3395 536 3448 'tur
562 3395 590 3448 in
611 3395 700 3466 paucis
735 3397 796 3462 bos,
818 3396 840 3449 si
857 3397 891 3449 de
907 3396 1111 3467 interpolatione
1130 3399 1248 3479 suspicio
1263 3399 1324 3449 esset

129 3803 151 3869 5.
171 3808 211 3858 12.
246 3821 299 3857 aon
317 3806 512 3858 tabernaculum
529 3808 615 3873 modo]
651 3805 697 3859 sic
731 3814 868 3878 tamquam
889 3807 948 3877 regi
975 3825 1006 3862 ac
1030 3805 1139 3861 domino
1167 3809 1324 3876 haberentur,
1358 3860 1364 3869 .

93 3886 182 3924 omnes
209 3873 286 3926 codd.
312 3872 397 3926 nostri
427 3881 457 3926 et
484 3873 566 3927 Snak.
591 3882 698 3945 praeter
731 3873 802 3929 inter
823 3893 890 3947 quos
912 3875 1037 3948 imprimis
1063 3875 1184 3933 adulatio
1210 3871 1325 3951 (apacati

92 3936 171 3992 Voss.
196 3947 209 3993 1
232 3941 280 4012 qui
303 3959 355 3995 noa
379 3945 455 3995 modo
482 3944 582 3996 tubera.
608 3945 697 4009 modo,·
732 3945 822 4013 νησις)
842 3952 907 3997 erat.

93 4006 159 4058 editi
176 4026 228 4061 aon
245 4012 321 4063 modo
338 4012 390 4063 tab.
765 4015 840 4066 acilo
876 4021 982 4067 estana
1013 4030 1060 4082 ope
1086 4015 1208 4083 admota]
1260 4012 1322 4082 ΟΜ

129 4074 193 4145 Gap.
212 4084 259 4144 34,
278 4082 302 4145 s.
322 4085 362 4132 16.
397 4087 422 4131 et
444 4080 550 4132 deorum
571 4081 699 4149 auspiciis
733 4080 760 4133 h.
786 4081 804 4134 l.
830 4080 949 4152 intellige
976 4099 1029 4135 non
1055 4080 1184 4136 auxilium
1208 4083 1254 4137 sed
1272 4078 1322 4139 rimi

93 4157 128 4194 ac
154 4146 211 4197 setis
236 4148 377 4199 bonoribus
404 4149 500 4214 cultas]
543 4146 588 4201 Sic
613 4149 698 4216 codd,
734 4165 841 4218 operam
859 4189 867 4216 ,
885 4148 913 4202 in
929 4149 1024 4203 malam
1059 4157 1157 4219 artem,
1175 4151 1216 4213 uti
1228 4142 1321 4204 Porcel-

92 4215 200 4290 tantum
245 4215 298 4268 uod
319 4213 347 4266 in
368 4214 543 4268 deterioribus
566 4222 647 4287 atque
665 4233 699 4269 ex
733 4217 801 4271 linus
823 4217 850 4270 in
872 4218 924 4272 lex.
946 4218 1007 4272 loco
1030 4167 1144 4272 linono
1165 4233 1250 4286 xm,
1269 4215 1319 4270 cl

94 4294 125 4330 ns
142 4296 170 4331 m
186 4230 248 4334 edd.
272 4282 388 4353 antiquis
415 4301 468 4337 non
486 4301 518 4337 ac
536 4285 582 4336 sed
599 4305 617 4337 a
633 4285 658 4337 le
679 4285 699 4328 '·
733 4286 767 4338 ad
792 4285 837 4338 fin.
865 4286 945 4340 allato
969 4287 1078 4357 probat:
1111 4291 1181 4342 adeo
1202 4289 1257 4341 sine
1273 4281 1317 4336 nlla

95 4351 149 4399 tur.
172 4347 232 4402 Hoc
248 4366 309 4402 cum
326 4367 431 4404 sensum
448 4370 501 4406 non
518 4352 636 4418 haberet,
667 4372 699 4406 u·
733 4371 781 4422 ope
798 4357 896 4422 hostis,
915 4372 982 4425 quoe
998 4365 1171 4424 apyroaaret,
1197 4370 1252 4409 eam
1268 4352 1317 4419 tim

94 4413 154 4466 nius
177 4416 312 4488 ceterique
338 4427 401 4488 post
421 4436 482 4473 eum
499 4437 589 4475 omnes
606 4424 698 4492 auspi·
733 4423 889 4492 difficultate
912 4426 1084 4494 manandum
1111 4434 1178 4478 erat.
1214 4410 1315 4476 Flost
