2926 5174
410 319 459 370 nn
486 319 614 372 ousrrs
640 320 749 372 Anax.
774 300 825 391 ru,
851 320 894 367 44.
1203 304 1275 375 127

13 495 199 572 ammam
253 519 339 594 erpa
382 496 472 584 datie,
498 521 600 594 quam
628 499 806 594 pemmo,
844 501 1020 573 terminum
1054 512 1164 574 matra
1198 524 1273 574 mea

15 616 196 679 remeunt.
261 605 362 681 Horu
386 631 435 679 me
461 607 627 704 depellite,
653 609 691 680 ut
713 607 819 682 sciam
843 621 989 683 aestum
1013 635 1100 705 erae,
1135 635 1200 710 quo
1225 634 1273 682 ee·

19 717 90 789 ditis.
151 713 309 790 Eadem
337 717 523 790 liberalitate
549 717 609 790 <lat
633 717 716 790 milei
729 719 846 816 filiam
876 744 995 794 attam·
1028 745 1145 820 nempe
1171 745 1273 821 quam

20 828 70 900 ario
93 825 216 899 alicui
243 850 423 900 seruorum
448 826 521 901 eiua
551 839 743 925 nupturam.
795 829 942 931 Multum
967 854 1045 904 aera
1069 832 1153 906 milti
1170 855 1272 930 prae·

10 951 79 1028 aut,
101 937 144 1010 ai
165 958 229 1030 me
257 935 408 1009 Mazaeo
428 960 589 1034 penarum
611 939 812 1035 praeponit!
851 938 919 1031 Ite,
952 941 1098 1015 narnate
1124 942 1198 1042 reqi
1221 966 1272 1015 oe-

24 1061 90 1138 rtro,
117 1059 152 1120 et
180 1071 280 1146 quae
309 1045 439 1138 amisit,
465 1060 496 1120 et
520 1071 606 1146 quae
632 1047 741 1123 aeliae
766 1048 875 1140 labet,
901 1053 1061 1148 praemia
1087 1078 1155 1126 eoae
1175 1052 1273 1126 tuat:

26 1158 68 1230 loc
89 1169 233 1256 repente
263 1155 439 1256 utriusque
471 1158 628 1232 terminos
659 1159 771 1258 requi,
809 1158 849 1232 iel
882 1185 1041 1259 quemque
1074 1163 1272 1255 habiturum,
1360 1219 1363 1224 -

10 1269 99 1366 ipat
115 1266 321 1366 proximae
350 1265 443 1359 lucie
462 1267 677 1368 aasiqnatura
697 1273 841 1372 fortuna
866 1282 922 1343 eet.
975 1268 1100 1370 Legati
1126 1298 1272 1371 respon·

18 1376 106 1468 dent,
118 1403 212 1451 curn
243 1377 387 1449 bellum
410 1377 447 1449 in
473 1379 593 1453 animo
618 1379 676 1470 sit,
689 1381 807 1454 facere
834 1405 917 1453 eum
943 1379 1156 1478 simpliciter,
1177 1381 1273 1478 quod

34 1511 82 1585 spe
101 1489 204 1586 pacis
238 1513 321 1559 non
349 1488 589 1563 frustraretur.
639 1488 741 1588 Ipsos
767 1501 910 1588 petere,
937 1503 978 1564 ut
1012 1495 1273 1592 quamprimum

33 1596 252 1672 dimittantur
289 1597 342 1670 ad
356 1618 504 1697 regem:
537 1626 621 1675 eum
651 1625 791 1699 quoque
818 1602 952 1676 bellum
978 1628 1104 1701 parare
1131 1604 1271 1678 debere.

28 1703 151 1785 Dimissi
180 1710 381 1798 nuntiant,
406 1711 532 1785 adesse
562 1722 752 1787 certamen.

10 1831 32 1880 11·
104 1816 177 1893 Ille
216 1819 377 1918 quidem
410 1823 597 1895 confestim
630 1822 819 1899 Mazaeum
853 1850 934 1904 oum
970 1828 1085 1900 tribus
1113 1828 1321 1923 equitumdb

12 1928 144 2015 „mitibus
176 1929 233 2003 ad
262 1931 415 2020 itinera,
450 1958 542 2029 quae
574 1934 689 2007 hostis
722 1935 900 2032 petiturus
934 1948 1028 2027 erat,
1064 1937 1272 2034 occupanda

10 2041 201 2132 'praemisit
266 2041 490 2133 Alexander,
518 2045 660 2142 corpori
686 2045 810 2119 uxoris
839 2046 914 2119 eius
940 2048 1043 2121 iustis
1071 2047 1271 2143 persolutis

24 2151 170 2248 omnique
211 2151 395 2250 graviore
429 2155 601 2228 comitatu
640 2155 738 2229 intra
779 2155 905 2245 eadem
936 2160 1158 2233 munimenta
1192 2182 1273 2230 cum

20 2260 135 2335 modico
163 2260 370 2360 praesidio
395 2265 529 2355 relicto,
548 2264 596 2338 ad
622 2266 768 2343 hostem
794 2267 987 2342 contendit.
1027 2267 1109 2342 Duo
1136 2294 1272 2342 cornua

20 2362 168 2446 driserat
198 2372 392 2470 peditum,
417 2360 558 2470 utrique
583 2377 690 2452 lateri
718 2377 837 2473 equite
864 2379 1100 2453 circumdato:
1126 2378 1272 2475 impedi·

23 2559 60 2625 ut]
92 2557 138 2612 Sic
162 2558 226 2611 iam
246 2554 340 2623 vulgo
358 2553 454 2624 legitur
470 2562 532 2625 post
547 2554 634 2609 Medii
670 2566 763 2613 contra
809 2574 870 2609 uam
895 2555 957 2609 tecit
983 2555 1128 2610 editionum
1155 2564 1276 2609 veterum

23 2627 240 2692 mendationem3
263 2622 336 2678 olim
354 2631 441 2676 eutem
457 2623 634 2693 vulgabatur:
668 2626 767 2680 Merul.
829 2625 919 2691 (linae,
951 2624 979 2676 in
1006 2624 1100 2694 quibus
1127 2623 1191 2678 dicit
1219 2640 1275 2676 esse
1367 2640 1374 2653 ·

23 2693 52 2746 att
59 2714 112 2748 —a
136 2697 260 2749 amini?
282 2709 344 2744 nem
365 2694 463 2752 eobliti
476 2692 554 2745 esne:
571 2709 634 2746 nam
669 2713 778 2749 auarum
796 2710 928 2747 seruorum
939 2692 1049 2747 inverso
1067 2692 1172 2759 ordine,
1199 2691 1227 2744 in
1244 2708 1276 2744 ea

23 2764 81 2817 ura.
104 2699 159 2819 §e
189 2766 254 2818 hoc
287 2759 336 2840 qui
356 2776 396 2811 em
418 2759 517 2830 legitur
532 2759 560 2813 in
577 2759 634 2831 ple·
669 2781 700 2817 re
718 2762 825 2816 erravit.
1047 2799 1052 2812 .

23 2829 91 2902 lisque
106 2835 189 2888 codd.
208 2831 267 2885 sed
284 2846 326 2882 sic
339 2829 406 2881 fere:
424 2830 530 2898 affatio:
544 2847 634 2898 nempe
706 2836 729 2900 ξ.
748 2839 791 2884 21.
816 2832 932 2899 fortuna
951 2831 998 2897 est]
1030 2829 1096 2883 Post
1113 2829 1179 2882 haec
1195 2829 1277 2881 verba

26 2901 78 2954 olliti
90 2907 165 2957 estis:
182 2916 294 2969 nempe
310 2899 381 2949 ultra
395 2899 551 2966 Euphraten
569 2915 634 2951 sum.
670 2901 759 2953 denuo
778 2899 906 2968 quaedum
924 2898 957 2949 ab
975 2897 1077 2950 Iustino
1099 2896 1203 2966 petita,
1231 2896 1277 2948 sed

26 2965 111 3023 Medius
124 2972 217 3042 igitur
236 2965 339 3021 media
354 2966 434 3018 verba
453 2983 543 3034 nempe
562 2967 636 3019 obliti
670 2986 741 3022 noro
759 2965 868 3019 exordio
885 2973 1028 3034 praetexta
1044 2965 1208 3017 inseruntur:
1238 2965 1276 3016 Et

29 3032 424 3106 atugloseaenominesibisus
458 3033 637 3100 etaeiecit,et
671 3054 711 3089 rne
737 3037 766 3088 in
784 3035 879 3087 Asiam
905 3051 957 3085 non
974 3035 1090 3098 uenisse,
1114 3043 1143 3085 ut
1161 3033 1194 3084 ab
1212 3033 1276 3084 aliia

33 3051 637 3165 amaremurnostxtFlor.deBetLeid.‚ita
671 3106 830 3172 acciperem,
855 3104 903 3154 aed
924 3111 953 3153 ut
970 3102 1033 3153 aliis
1052 3104 1151 3154 dorem.
1188 3101 1219 3151 St
1237 3117 1277 3151 ae-

32 3178 106 3224 temen
129 3183 160 3227 ut
179 3175 208 3228 in
233 3173 323 3227 Flor.
347 3170 373 3221 A
398 3179 425 3223 et
442 3170 517 3223 Leid.
535 3172 636 3241 alisatio
672 3176 773 3226 eundae
801 3181 886 3223 tomen
911 3179 936 3222 et
958 3187 1010 3221 non
1034 3187 1088 3238 por
1114 3169 1178 3221 mili
1204 3169 1277 3221 vellet

32 3238 66 3292 sit.
94 3243 118 3294 A
140 3243 226 3296 Bern.
256 3243 288 3292 A
318 3238 395 3308 plura
426 3240 537 3305 absunt,
569 3256 637 3308 quae
671 3242 771 3306 haberi,
780 3241 902 3309 facerem
910 3239 1033 3308 forsitan
1052 3255 1118 3306 quoe
1130 3238 1206 3306 petit.
1228 3234 1276 3288 Ce·

30 3305 346 3365 murenntetsummum
355 3305 522 3373 interiacent3
542 3307 637 3361 omissa
672 3320 754 3362 terum
775 3327 822 3361 neo
840 3310 966 3373 mundus,
993 3314 1021 3359 et
1044 3323 1112 3376 quae
1129 3311 1277 3375 sequuntur

27 3379 91 3432 rerba
104 3379 132 3433 in
149 3378 291 3449 margine
314 3375 637 3428 adscribunturitemcum
671 3379 742 3448 apud
765 3375 859 3430 lustin.
880 3389 937 3442 xn,
968 3382 997 3428 12
1024 3392 1109 3444 usque
1137 3376 1171 3427 ad
1197 3373 1277 3425 finem

25 3445 111 3502 eoloees
127 3450 225 3503 forma
245 3445 367 3514 anatis.
401 3448 506 3497 Vosnl
535 3443 636 3497 siletur.
671 3445 774 3516 capitis.
815 3444 927 3511 Legitur
950 3444 1000 3497 iste
1021 3462 1125 3514 pannus
1147 3443 1174 3496 in
1201 3443 1276 3496 codd

49 3527 154 3570 oestrum
173 3532 242 3570 ease
265 3529 322 3590 quq
337 3513 441 3632 peditiql]
460 3512 549 3582 Vulgo
568 3515 638 3632 quael
670 3515 742 3569 Flor.
766 3512 906 3568 CEFGHI
928 3521 957 3566 et
979 3512 1060 3565 Bern.
1084 3512 1127 3580 B,
1160 3513 1235 3565 abest
1261 3528 1278 3564 a

22 3586 108 3652 emate,
127 3586 178 3639 sed
199 3580 374 3651 exquisitior
390 3580 417 3632 vi
435 3589 495 3634 etur
507 3598 564 3635 esse
591 3597 638 3634 aec
670 3583 743 3637 Flor.
761 3582 839 3634 ABD
858 3589 886 3634 et
903 3581 983 3634 Bern.
1001 3583 1035 3634 A.

22 3653 85 3706 codd.
105 3653 266 3708 meliorum
289 3647 368 3700 Leid.
396 3648 475 3702 Bern.
505 3652 531 3702 A
565 3649 636 3702 Flor.
707 3655 731 3720 ξ.
749 3657 791 3703 22.
821 3660 961 3719 peterent
984 3653 1202 3719 quamprimum]
1244 3648 1279 3702 Ut

20 3720 62 3773 AB
85 3721 175 3776 lectio.
201 3734 261 3786 Vl,
283 3722 321 3770 24
347 3727 436 3785 captae
462 3719 536 3773 urbis
564 3719 637 3771 titula
672 3718 755 3772 adieci
772 3736 806 3771 ex
824 3718 943 3772 omnibus
963 3720 1038 3772 codd.
1056 3719 1128 3772 meis.

20 3792 107 3845 cedema.
710 3788 827 3858 Capro,
846 3791 869 3855 ξ.
886 3796 907 3839 l.
926 3806 981 3840 eum
1001 3789 1084 3840 tribus
1103 3806 1141 3856 eq.
1160 3787 1277 3855 milibus]

50 3863 71 3925 S.
88 3867 128 3914 20.
149 3877 244 3930 quam
265 3856 326 3908 acia
343 3856 423 3909 alicui
440 3858 637 3909 remorumeiue
672 3857 717 3912 Sic
730 3865 758 3909 et
775 3857 851 3909 codd.
861 3855 944 3909 nostri
979 3864 1066 3908 meter
1074 3855 1145 3909 Flor.
1157 3854 1178 3908 C
1189 3869 1278 3906 omnes

20 3931 165 4000 nupturam]
194 3928 279 3980 Eius
299 3922 451 3978 restituerat
469 3924 521 3977 iam
530 3924 638 3978 Medius
671 3935 700 3980 et
718 3924 781 3978 edit.
800 3925 875 3978 Mod.
910 3924 937 3978 V
965 3941 1000 3993 go
1023 3941 1080 3976 cum
1098 3925 1181 3975 tribus
1200 3922 1280 3972 milli·

21 3998 138 4068 provulg.
146 3993 379 4051 suorumecodd.
389 3993 449 4060 suis,
457 3994 491 4045 ad
500 4010 567 4062 quos
576 4009 637 4045 cum
673 3997 720 4048 bus
738 3995 860 4062 equitum.

23 4067 137 4120 taedent
161 4065 248 4117 Flor.
269 4058 391 4114 ABDGI
411 4062 491 4115 Bern.
510 4063 544 4128 A,
560 4061 636 4114 nulla
706 4067 728 4131 §.
748 4070 772 4116 3.
809 4065 859 4116 duo
884 4078 982 4115 cornua
1010 4060 1136 4113 diuiserat
1148 4057 1279 4135 peditum]

23 4149 85 4187 mora
105 4136 195 4188 debet
223 4145 290 4183 esee
332 4127 376 4180 uin
392 4130 520 4183 soloecam
537 4129 636 4183 oratio·
671 4131 716 4186 Sic
734 4139 762 4183 et
780 4129 887 4196 Medius
910 4129 1029 4182 ediderat
1053 4134 1080 4178 et
1098 4145 1145 4179 nos
1164 4125 1280 4178 scriben-

23 4219 74 4256 nem
90 4202 288 4258 emendemus.
352 4195 426 4250 itium
448 4198 636 4252 intellexerant
671 4202 734 4253 dum
751 4198 901 4269 putavimus
924 4215 958 4250 ex
980 4197 1050 4249 Flor.
1068 4193 1142 4248 libris
1160 4192 1280 4247 omnibus

24 4269 57 4323 illi
71 4273 113 4352 qui
136 4265 274 4343 proximi
298 4272 361 4316 ante
376 4266 495 4319 Medium
516 4286 564 4337 pro
582 4269 636 4320 seia
671 4278 700 4323 et
723 4276 838 4337 utroque
860 4264 1004 4329 Bemensi,
1037 4271 1117 4331 atque
1144 4262 1181 4316 sic
1213 4261 1279 4341 adeo

26 4348 182 4412 corrigerent
203 4337 272 4392 seit.
308 4332 391 4387 Miror
408 4335 637 4404 snakenburgium
672 4337 801 4391 editiones
819 4334 958 4404 antiquae,
983 4331 1031 4385 nisi
1055 4332 1127 4400 quod
1144 4327 1281 4384 Vindehm

27 4423 120 4463 suorum
135 4407 224 4464 codd.
236 4400 345 4456 nullam
358 4403 446 4458 seciam
462 4404 637 4473 mentionem3
673 4409 826 4472 dimiserat,
853 4402 975 4456 Merulae
998 4403 1167 4467 dinreraerot,
1195 4395 1281 4451 Aldus
