<?xml version="1.0" encoding="UTF-8"?>
<!DOCTYPE html PUBLIC "-//W3C//DTD XHTML 1.0 Transitional//EN"
    "http://www.w3.org/TR/xhtml1/DTD/xhtml1-transitional.dtd">
<html xmlns="http://www.w3.org/1999/xhtml" xml:lang="en" lang="en">
 <head>
  <title>
</title>
<meta http-equiv="Content-Type" content="text/html;charset=utf-8" />
  <meta name='ocr-system' content='tesseract 3.04.00' />
  <meta name='ocr-capabilities' content='ocr_page ocr_carea ocr_par ocr_line ocrx_word'/>
</head>
<body>
  <div class='ocr_page' id='page_1' title='image "./qcurtiirufidege01rufugoog_0446.png"; bbox 0 0 2926 5174; ppageno 0'>
   <div class='ocr_carea' id='block_1_1' title="bbox 504 300 1375 389">
    <p class='ocr_par' dir='ltr' id='par_1_1' title="bbox 504 300 1375 389">
     <span class='ocr_line' id='line_1_1' title="bbox 504 300 1375 389; baseline -0.002 -18"><span class='ocrx_word' id='word_1_1' title='bbox 504 321 552 371; x_wconf 82' lang='lat' dir='ltr'>nn</span> <span class='ocrx_word' id='word_1_2' title='bbox 580 319 706 372; x_wconf 75' lang='lat' dir='ltr'>ossus</span> <span class='ocrx_word' id='word_1_3' title='bbox 731 319 840 371; x_wconf 76' lang='lat' dir='ltr'>Anax.</span> <span class='ocrx_word' id='word_1_4' title='bbox 871 320 949 389; x_wconf 88' lang='lat' dir='ltr'>vm,</span> <span class='ocrx_word' id='word_1_5' title='bbox 975 317 1017 367; x_wconf 79' lang='lat'>44.</span> <span class='ocrx_word' id='word_1_6' title='bbox 1066 326 1070 336; x_wconf 58' lang='lat'><strong><em>¹</em></strong></span> <span class='ocrx_word' id='word_1_7' title='bbox 1303 300 1375 370; x_wconf 82' lang='lat'>415</span> 
     </span>
    </p>
   </div>
   <div class='ocr_carea' id='block_1_2' title="bbox 109 500 1380 2608">
    <p class='ocr_par' dir='ltr' id='par_1_2' title="bbox 109 500 1380 2608">
     <span class='ocr_line' id='line_1_2' title="bbox 112 500 1378 601; baseline 0.005 -31"><span class='ocrx_word' id='word_1_8' title='bbox 112 503 295 576; x_wconf 79' lang='lat' dir='ltr'>ainvioem</span> <span class='ocrx_word' id='word_1_9' title='bbox 320 500 401 591; x_wconf 86' lang='lat' dir='ltr'>fide,</span> <span class='ocrx_word' id='word_1_10' title='bbox 428 503 658 576; x_wconf 89' lang='lat' dir='ltr'>remittuntur</span> <span class='ocrx_word' id='word_1_11' title='bbox 684 501 730 575; x_wconf 90' lang='lat' dir='ltr'>ad</span> <span class='ocrx_word' id='word_1_12' title='bbox 756 529 886 601; x_wconf 89' lang='lat' dir='ltr'>regern.</span> <span class='ocrx_word' id='word_1_13' title='bbox 940 502 1075 575; x_wconf 88' lang='lat' dir='ltr'>Porum</span> <span class='ocrx_word' id='word_1_14' title='bbox 1101 528 1242 600; x_wconf 91' lang='lat' dir='ltr'>quoque</span> <span class='ocrx_word' id='word_1_15' title='bbox 1267 504 1378 576; x_wconf 88' lang='lat' dir='ltr'>nomi·</span> 
     </span>
     <span class='ocr_line' id='line_1_3' title="bbox 140 604 1379 712; baseline 0 -26"><span class='ocrx_word' id='word_1_16' title='bbox 140 616 196 687; x_wconf 93' lang='lat' dir='ltr'>nis</span> <span class='ocrx_word' id='word_1_17' title='bbox 223 615 278 685; x_wconf 93' lang='lat' dir='ltr'>sui</span> <span class='ocrx_word' id='word_1_18' title='bbox 305 615 401 686; x_wconf 83' lang='lat' dir='ltr'>ferna</span> <span class='ocrx_word' id='word_1_19' title='bbox 426 624 525 687; x_wconf 89' lang='lat' dir='ltr'>ratus</span> <span class='ocrx_word' id='word_1_20' title='bbox 553 614 599 686; x_wconf 91' lang='lat' dir='ltr'>ad</span> <span class='ocrx_word' id='word_1_21' title='bbox 626 614 844 689; x_wconf 90' lang='lat' dir='ltr'>deditionem</span> <span class='ocrx_word' id='word_1_22' title='bbox 870 639 976 712; x_wconf 91' lang='lat' dir='ltr'>posse</span> <span class='ocrx_word' id='word_1_23' title='bbox 1003 604 1182 711; x_wconf 87' lang='lat' dir='ltr'>compelli,</span> <span class='ocrx_word' id='word_1_24' title='bbox 1208 614 1305 686; x_wconf 90' lang='lat' dir='ltr'>misit</span> <span class='ocrx_word' id='word_1_25' title='bbox 1331 613 1379 686; x_wconf 91' lang='lat' dir='ltr'>ad</span> 
     </span>
     <span class='ocr_line' id='line_1_4' title="bbox 140 723 1376 822; baseline -0.001 -24"><span class='ocrx_word' id='word_1_26' title='bbox 140 751 222 798; x_wconf 89' lang='lat' dir='ltr'>eum</span> <span class='ocrx_word' id='word_1_27' title='bbox 250 723 488 816; x_wconf 80' lang='lat' dir='ltr'>Cleocharen,</span> <span class='ocrx_word' id='word_1_28' title='bbox 522 727 581 822; x_wconf 92' lang='lat' dir='ltr'>qui</span> <span class='ocrx_word' id='word_1_29' title='bbox 608 726 834 798; x_wconf 80' lang='lat' dir='ltr'>denuntiaret</span> <span class='ocrx_word' id='word_1_30' title='bbox 861 727 908 815; x_wconf 92' lang='lat' dir='ltr'>ei,</span> <span class='ocrx_word' id='word_1_31' title='bbox 935 735 977 796; x_wconf 92' lang='lat' dir='ltr'>ut</span> <span class='ocrx_word' id='word_1_32' title='bbox 1002 723 1218 822; x_wconf 74' lang='lat' dir='ltr'>stipendium</span> <span class='ocrx_word' id='word_1_33' title='bbox 1245 725 1376 822; x_wconf 90' lang='lat' dir='ltr'>pende·</span> 
     </span>
     <span class='ocr_line' id='line_1_5' title="bbox 137 835 1379 936; baseline 0.001 -28"><span class='ocrx_word' id='word_1_34' title='bbox 137 848 213 928; x_wconf 91' lang='lat' dir='ltr'>ret,</span> <span class='ocrx_word' id='word_1_35' title='bbox 240 847 277 910; x_wconf 91' lang='lat' dir='ltr'>et</span> <span class='ocrx_word' id='word_1_36' title='bbox 303 838 341 911; x_wconf 94' lang='lat' dir='ltr'>in</span> <span class='ocrx_word' id='word_1_37' title='bbox 367 839 482 936; x_wconf 87' lang='lat' dir='ltr'>primo</span> <span class='ocrx_word' id='word_1_38' title='bbox 509 862 656 936; x_wconf 85' lang='lat' dir='ltr'>suorum</span> <span class='ocrx_word' id='word_1_39' title='bbox 682 837 806 909; x_wconf 90' lang='lat' dir='ltr'>finium</span> <span class='ocrx_word' id='word_1_40' title='bbox 832 836 933 909; x_wconf 88' lang='lat' dir='ltr'>aditu</span> <span class='ocrx_word' id='word_1_41' title='bbox 959 845 1161 908; x_wconf 90' lang='lat' dir='ltr'>occurreret</span> <span class='ocrx_word' id='word_1_42' title='bbox 1186 837 1272 933; x_wconf 83' lang='lat' dir='ltr'>regi.</span> <span class='ocrx_word' id='word_1_43' title='bbox 1312 835 1379 909; x_wconf 92' lang='lat' dir='ltr'>Po-</span> 
     </span>
     <span class='ocr_line' id='line_1_6' title="bbox 137 947 1380 1045; baseline -0.001 -24"><span class='ocrx_word' id='word_1_44' title='bbox 137 973 200 1022; x_wconf 91' lang='lat' dir='ltr'>rus</span> <span class='ocrx_word' id='word_1_45' title='bbox 226 951 381 1023; x_wconf 90' lang='lat' dir='ltr'>alterum</span> <span class='ocrx_word' id='word_1_46' title='bbox 413 975 460 1022; x_wconf 88' lang='lat' dir='ltr'>ex</span> <span class='ocrx_word' id='word_1_47' title='bbox 498 950 553 1022; x_wconf 89' lang='lat' dir='ltr'>his</span> <span class='ocrx_word' id='word_1_48' title='bbox 590 950 768 1022; x_wconf 87' lang='lat' dir='ltr'>facturum</span> <span class='ocrx_word' id='word_1_49' title='bbox 800 972 878 1020; x_wconf 89' lang='lat' dir='ltr'>sese</span> <span class='ocrx_word' id='word_1_50' title='bbox 912 947 1113 1045; x_wconf 85' lang='lat' dir='ltr'>respondit,</span> <span class='ocrx_word' id='word_1_51' title='bbox 1153 956 1194 1018; x_wconf 89' lang='lat' dir='ltr'>ut</span> <span class='ocrx_word' id='word_1_52' title='bbox 1232 947 1380 1020; x_wconf 83' lang='lat' dir='ltr'>intranti</span> 
     </span>
     <span class='ocr_line' id='line_1_7' title="bbox 109 1056 1378 1159; baseline 0.004 -32"><span class='ocrx_word' id='word_1_53' title='bbox 109 1078 289 1158; x_wconf 84' lang='lat' dir='ltr'>sregnum</span> <span class='ocrx_word' id='word_1_54' title='bbox 317 1086 422 1134; x_wconf 90' lang='lat' dir='ltr'>suum</span> <span class='ocrx_word' id='word_1_55' title='bbox 448 1071 592 1159; x_wconf 83' lang='lat' dir='ltr'>praesto</span> <span class='ocrx_word' id='word_1_56' title='bbox 620 1071 733 1150; x_wconf 91' lang='lat' dir='ltr'>esset,</span> <span class='ocrx_word' id='word_1_57' title='bbox 765 1057 830 1131; x_wconf 91' lang='lat' dir='ltr'>sed</span> <span class='ocrx_word' id='word_1_58' title='bbox 856 1068 1024 1130; x_wconf 88' lang='lat' dir='ltr'>armatus.</span> <span class='ocrx_word' id='word_1_59' title='bbox 1076 1057 1153 1130; x_wconf 88' lang='lat' dir='ltr'>lam</span> <span class='ocrx_word' id='word_1_60' title='bbox 1178 1056 1378 1156; x_wconf 85' lang='lat' dir='ltr'>Hydaspen</span> 
     </span>
     <span class='ocr_line' id='line_1_8' title="bbox 138 1168 1378 1270; baseline -0.003 -24"><span class='ocrx_word' id='word_1_61' title='bbox 138 1172 347 1246; x_wconf 85' lang='lat' dir='ltr'>Alexander</span> <span class='ocrx_word' id='word_1_62' title='bbox 379 1198 549 1270; x_wconf 90' lang='lat' dir='ltr'>superare</span> <span class='ocrx_word' id='word_1_63' title='bbox 582 1171 806 1260; x_wconf 88' lang='lat' dir='ltr'>decreverat,</span> <span class='ocrx_word' id='word_1_64' title='bbox 839 1195 920 1242; x_wconf 89' lang='lat' dir='ltr'>curn</span> <span class='ocrx_word' id='word_1_65' title='bbox 953 1169 1187 1259; x_wconf 86' lang='lat' dir='ltr'>Barzaentes,</span> <span class='ocrx_word' id='word_1_66' title='bbox 1213 1168 1378 1243; x_wconf 89' lang='lat' dir='ltr'>defectio-</span> 
     </span>
     <span class='ocr_line' id='line_1_9' title="bbox 137 1279 1380 1378; baseline -0.001 -22"><span class='ocrx_word' id='word_1_67' title='bbox 137 1284 192 1358; x_wconf 89' lang='lat' dir='ltr'>nis</span> <span class='ocrx_word' id='word_1_68' title='bbox 217 1283 427 1356; x_wconf 83' lang='lat' dir='ltr'>Arachosiis</span> <span class='ocrx_word' id='word_1_69' title='bbox 459 1295 599 1374; x_wconf 83' lang='lat' dir='ltr'>auctor,</span> <span class='ocrx_word' id='word_1_70' title='bbox 631 1283 773 1356; x_wconf 90' lang='lat' dir='ltr'>vinctus</span> <span class='ocrx_word' id='word_1_71' title='bbox 807 1281 1023 1378; x_wconf 75' lang='lat' dir='ltr'>trigintaque</span> <span class='ocrx_word' id='word_1_72' title='bbox 1064 1279 1242 1377; x_wconf 87' lang='lat' dir='ltr'>elephanti</span> <span class='ocrx_word' id='word_1_73' title='bbox 1275 1283 1380 1355; x_wconf 92' lang='lat' dir='ltr'>simul</span> 
     </span>
     <span class='ocr_line' id='line_1_10' title="bbox 139 1391 1379 1494; baseline -0.003 -25"><span class='ocrx_word' id='word_1_74' title='bbox 139 1397 231 1494; x_wconf 87' lang='lat' dir='ltr'>capti</span> <span class='ocrx_word' id='word_1_75' title='bbox 263 1394 527 1494; x_wconf 88' lang='lat' dir='ltr'>perducuntur,</span> <span class='ocrx_word' id='word_1_76' title='bbox 567 1405 810 1493; x_wconf 89' lang='lat' dir='ltr'>opportunum</span> <span class='ocrx_word' id='word_1_77' title='bbox 849 1393 1022 1467; x_wconf 86' lang='lat' dir='ltr'>adversus</span> <span class='ocrx_word' id='word_1_78' title='bbox 1048 1391 1158 1465; x_wconf 90' lang='lat' dir='ltr'>ludos</span> <span class='ocrx_word' id='word_1_79' title='bbox 1198 1394 1379 1484; x_wconf 89' lang='lat' dir='ltr'>auxilium,</span> 
     </span>
     <span class='ocr_line' id='line_1_11' title="bbox 140 1503 1379 1605; baseline -0.002 -24"><span class='ocrx_word' id='word_1_80' title='bbox 140 1509 268 1605; x_wconf 89' lang='lat' dir='ltr'>quippe</span> <span class='ocrx_word' id='word_1_81' title='bbox 302 1508 382 1605; x_wconf 93' lang='lat' dir='ltr'>plus</span> <span class='ocrx_word' id='word_1_82' title='bbox 419 1507 456 1579; x_wconf 91' lang='lat' dir='ltr'>in</span> <span class='ocrx_word' id='word_1_83' title='bbox 481 1506 613 1596; x_wconf 91' lang='lat' dir='ltr'>beluis,</span> <span class='ocrx_word' id='word_1_84' title='bbox 654 1532 761 1603; x_wconf 86' lang='lat' dir='ltr'>quarn</span> <span class='ocrx_word' id='word_1_85' title='bbox 800 1508 837 1579; x_wconf 93' lang='lat' dir='ltr'>in</span> <span class='ocrx_word' id='word_1_86' title='bbox 870 1505 1030 1578; x_wconf 90' lang='lat' dir='ltr'>exercitu</span> <span class='ocrx_word' id='word_1_87' title='bbox 1068 1503 1143 1600; x_wconf 91' lang='lat' dir='ltr'>spei</span> <span class='ocrx_word' id='word_1_88' title='bbox 1183 1529 1224 1576; x_wconf 89' lang='lat' dir='ltr'>ac</span> <span class='ocrx_word' id='word_1_89' title='bbox 1250 1504 1379 1578; x_wconf 89' lang='lat' dir='ltr'>virium</span> 
     </span>
     <span class='ocr_line' id='line_1_12' title="bbox 110 1613 1378 1715; baseline 0.003 -29"><span class='ocrx_word' id='word_1_90' title='bbox 110 1619 202 1691; x_wconf 67' lang='lat' dir='ltr'>lillis</span> <span class='ocrx_word' id='word_1_91' title='bbox 228 1629 321 1692; x_wconf 86' lang='lat' dir='ltr'>erat.</span> <span class='ocrx_word' id='word_1_92' title='bbox 375 1614 642 1715; x_wconf 85' lang='lat' dir='ltr'>Samaxusque,</span> <span class='ocrx_word' id='word_1_93' title='bbox 675 1643 742 1690; x_wconf 88' lang='lat' dir='ltr'>rex</span> <span class='ocrx_word' id='word_1_94' title='bbox 773 1618 924 1715; x_wconf 82' lang='lat' dir='ltr'>exiguae</span> <span class='ocrx_word' id='word_1_95' title='bbox 955 1615 1066 1712; x_wconf 87' lang='lat' dir='ltr'>partis</span> <span class='ocrx_word' id='word_1_96' title='bbox 1092 1613 1284 1707; x_wconf 89' lang='lat' dir='ltr'>Indorum,</span> <span class='ocrx_word' id='word_1_97' title='bbox 1318 1619 1378 1715; x_wconf 92' lang='lat' dir='ltr'>qui</span> 
     </span>
     <span class='ocr_line' id='line_1_13' title="bbox 112 1726 1378 1825; baseline -0.002 -21"><span class='ocrx_word' id='word_1_98' title='bbox 112 1729 329 1804; x_wconf 78' lang='lat' dir='ltr'>⁵Barzaenti</span> <span class='ocrx_word' id='word_1_99' title='bbox 369 1754 408 1802; x_wconf 92' lang='lat' dir='ltr'>se</span> <span class='ocrx_word' id='word_1_100' title='bbox 447 1729 700 1820; x_wconf 88' lang='lat' dir='ltr'>coniunxerat,</span> <span class='ocrx_word' id='word_1_101' title='bbox 740 1729 882 1802; x_wconf 89' lang='lat' dir='ltr'>vinctus</span> <span class='ocrx_word' id='word_1_102' title='bbox 922 1726 1099 1800; x_wconf 88' lang='lat' dir='ltr'>adductus</span> <span class='ocrx_word' id='word_1_103' title='bbox 1139 1738 1203 1800; x_wconf 91' lang='lat' dir='ltr'>est.</span> <span class='ocrx_word' id='word_1_104' title='bbox 1265 1726 1378 1825; x_wconf 81' lang='lat' dir='ltr'>Igitur</span> 
     </span>
     <span class='ocr_line' id='line_1_14' title="bbox 139 1837 1380 1939; baseline -0.004 -23"><span class='ocrx_word' id='word_1_105' title='bbox 139 1843 327 1939; x_wconf 85' lang='lat' dir='ltr'>transfuga</span> <span class='ocrx_word' id='word_1_106' title='bbox 353 1850 390 1914; x_wconf 91' lang='lat' dir='ltr'>et</span> <span class='ocrx_word' id='word_1_107' title='bbox 416 1841 537 1938; x_wconf 90' lang='lat' dir='ltr'>regulo</span> <span class='ocrx_word' id='word_1_108' title='bbox 563 1841 601 1912; x_wconf 90' lang='lat' dir='ltr'>in</span> <span class='ocrx_word' id='word_1_109' title='bbox 632 1840 850 1930; x_wconf 87' lang='lat' dir='ltr'>custodiam,</span> <span class='ocrx_word' id='word_1_110' title='bbox 886 1838 1083 1935; x_wconf 87' lang='lat' dir='ltr'>elephantis</span> <span class='ocrx_word' id='word_1_111' title='bbox 1118 1849 1238 1912; x_wconf 86' lang='lat' dir='ltr'>autern</span> <span class='ocrx_word' id='word_1_112' title='bbox 1264 1837 1380 1911; x_wconf 88' lang='lat' dir='ltr'>Taxili</span> 
     </span>
     <span class='ocr_line' id='line_1_15' title="bbox 139 1949 1377 2051; baseline -0.002 -24"><span class='ocrx_word' id='word_1_113' title='bbox 139 1955 295 2044; x_wconf 87' lang='lat' dir='ltr'>traditis,</span> <span class='ocrx_word' id='word_1_114' title='bbox 329 1951 377 2024; x_wconf 88' lang='lat' dir='ltr'>ad</span> <span class='ocrx_word' id='word_1_115' title='bbox 402 1976 544 2024; x_wconf 86' lang='lat' dir='ltr'>amnem</span> <span class='ocrx_word' id='word_1_116' title='bbox 569 1949 769 2051; x_wconf 86' lang='lat' dir='ltr'>Hydaspen</span> <span class='ocrx_word' id='word_1_117' title='bbox 795 1951 977 2050; x_wconf 83' lang='lat' dir='ltr'>pervenit,</span> <span class='ocrx_word' id='word_1_118' title='bbox 1012 1950 1048 2021; x_wconf 90' lang='lat' dir='ltr'>in</span> <span class='ocrx_word' id='word_1_119' title='bbox 1084 1951 1183 2021; x_wconf 90' lang='lat' dir='ltr'>cuius</span> <span class='ocrx_word' id='word_1_120' title='bbox 1210 1950 1377 2026; x_wconf 86' lang='lat' dir='ltr'>ulteriore</span> 
     </span>
     <span class='ocr_line' id='line_1_16' title="bbox 112 2062 1380 2164; baseline -0.002 -26"><span class='ocrx_word' id='word_1_121' title='bbox 112 2065 215 2164; x_wconf 75' lang='lat' dir='ltr'>tripa</span> <span class='ocrx_word' id='word_1_122' title='bbox 240 2064 361 2137; x_wconf 91' lang='lat' dir='ltr'>Porus</span> <span class='ocrx_word' id='word_1_123' title='bbox 387 2062 607 2152; x_wconf 88' lang='lat' dir='ltr'>consederat,</span> <span class='ocrx_word' id='word_1_124' title='bbox 634 2063 789 2136; x_wconf 89' lang='lat' dir='ltr'>transitu</span> <span class='ocrx_word' id='word_1_125' title='bbox 815 2062 1059 2160; x_wconf 91' lang='lat' dir='ltr'>prohibiturus</span> <span class='ocrx_word' id='word_1_126' title='bbox 1085 2063 1235 2135; x_wconf 89' lang='lat' dir='ltr'>hostem.</span> <span class='ocrx_word' id='word_1_127' title='bbox 1276 2086 1380 2136; x_wconf 77' lang='lat' dir='ltr'>nxxx</span> 
     </span>
     <span class='ocr_line' id='line_1_17' title="bbox 140 2173 1378 2274; baseline 0 -26"><span class='ocrx_word' id='word_1_128' title='bbox 140 2187 226 2248; x_wconf 84' lang='lat' dir='ltr'>etv</span> <span class='ocrx_word' id='word_1_129' title='bbox 253 2175 468 2274; x_wconf 83' lang='lat' dir='ltr'>elephantos</span> <span class='ocrx_word' id='word_1_130' title='bbox 500 2174 681 2246; x_wconf 88' lang='lat' dir='ltr'>obiecerat</span> <span class='ocrx_word' id='word_1_131' title='bbox 706 2173 836 2246; x_wconf 89' lang='lat' dir='ltr'>eximio</span> <span class='ocrx_word' id='word_1_132' title='bbox 869 2197 1060 2270; x_wconf 90' lang='lat' dir='ltr'>corporum</span> <span class='ocrx_word' id='word_1_133' title='bbox 1090 2174 1237 2264; x_wconf 90' lang='lat' dir='ltr'>robore,</span> <span class='ocrx_word' id='word_1_134' title='bbox 1270 2176 1378 2248; x_wconf 89' lang='lat' dir='ltr'>ultra·</span> 
     </span>
     <span class='ocr_line' id='line_1_18' title="bbox 141 2284 1379 2384; baseline -0.002 -24"><span class='ocrx_word' id='word_1_135' title='bbox 141 2313 206 2384; x_wconf 90' lang='lat' dir='ltr'>que</span> <span class='ocrx_word' id='word_1_136' title='bbox 245 2311 311 2359; x_wconf 89' lang='lat' dir='ltr'>eos</span> <span class='ocrx_word' id='word_1_137' title='bbox 343 2310 469 2359; x_wconf 87' lang='lat' dir='ltr'>currus</span> <span class='ocrx_word' id='word_1_138' title='bbox 497 2306 584 2375; x_wconf 79' lang='lat' dir='ltr'>oce,</span> <span class='ocrx_word' id='word_1_139' title='bbox 620 2295 658 2357; x_wconf 92' lang='lat' dir='ltr'>et</span> <span class='ocrx_word' id='word_1_140' title='bbox 689 2284 850 2382; x_wconf 89' lang='lat' dir='ltr'>peditum</span> <span class='ocrx_word' id='word_1_141' title='bbox 875 2307 956 2356; x_wconf 86' lang='lat' dir='ltr'>xxx</span> <span class='ocrx_word' id='word_1_142' title='bbox 987 2285 1061 2356; x_wconf 89' lang='lat' dir='ltr'>fere</span> <span class='ocrx_word' id='word_1_143' title='bbox 1087 2285 1197 2377; x_wconf 90' lang='lat' dir='ltr'>milia,</span> <span class='ocrx_word' id='word_1_144' title='bbox 1237 2287 1379 2384; x_wconf 90' lang='lat' dir='ltr'>inquis</span> 
     </span>
     <span class='ocr_line' id='line_1_19' title="bbox 139 2396 1378 2494; baseline 0 -22"><span class='ocrx_word' id='word_1_145' title='bbox 139 2409 239 2472; x_wconf 89' lang='lat' dir='ltr'>erant</span> <span class='ocrx_word' id='word_1_146' title='bbox 266 2396 462 2494; x_wconf 85' lang='lat' dir='ltr'>sagittarii,</span> <span class='ocrx_word' id='word_1_147' title='bbox 502 2396 605 2469; x_wconf 89' lang='lat' dir='ltr'>sicuti</span> <span class='ocrx_word' id='word_1_148' title='bbox 639 2407 723 2469; x_wconf 88' lang='lat' dir='ltr'>ante</span> <span class='ocrx_word' id='word_1_149' title='bbox 750 2396 885 2469; x_wconf 88' lang='lat' dir='ltr'>dictum</span> <span class='ocrx_word' id='word_1_150' title='bbox 919 2405 993 2485; x_wconf 91' lang='lat' dir='ltr'>est,</span> <span class='ocrx_word' id='word_1_151' title='bbox 1032 2397 1256 2492; x_wconf 87' lang='lat' dir='ltr'>gravioribus</span> <span class='ocrx_word' id='word_1_152' title='bbox 1287 2400 1378 2491; x_wconf 87' lang='lat' dir='ltr'>telis,</span> 
     </span>
     <span class='ocr_line' id='line_1_20' title="bbox 113 2506 1377 2608; baseline 0.007 -33"><span class='ocrx_word' id='word_1_153' title='bbox 113 2528 244 2607; x_wconf 69' lang='lat' dir='ltr'>squam</span> <span class='ocrx_word' id='word_1_154' title='bbox 277 2523 321 2581; x_wconf 90' lang='lat' dir='ltr'>ut</span> <span class='ocrx_word' id='word_1_155' title='bbox 347 2519 431 2606; x_wconf 89' lang='lat' dir='ltr'>apte</span> <span class='ocrx_word' id='word_1_156' title='bbox 463 2507 584 2580; x_wconf 87' lang='lat' dir='ltr'>excuti</span> <span class='ocrx_word' id='word_1_157' title='bbox 618 2516 775 2605; x_wconf 88' lang='lat' dir='ltr'>possent.</span> <span class='ocrx_word' id='word_1_158' title='bbox 828 2506 950 2605; x_wconf 91' lang='lat' dir='ltr'>Ipsum</span> <span class='ocrx_word' id='word_1_159' title='bbox 984 2508 1142 2580; x_wconf 88' lang='lat' dir='ltr'>vehebat</span> <span class='ocrx_word' id='word_1_160' title='bbox 1167 2510 1377 2608; x_wconf 87' lang='lat' dir='ltr'>elephantus</span> 
     </span>
    </p>
   </div>
   <div class='ocr_carea' id='block_1_3' title="bbox 106 2618 1426 3387">
    <p class='ocr_par' dir='ltr' id='par_1_3' title="bbox 138 2618 1378 3054">
     <span class='ocr_line' id='line_1_21' title="bbox 140 2618 1378 2720; baseline 0.001 -26"><span class='ocrx_word' id='word_1_161' title='bbox 140 2646 243 2720; x_wconf 92' lang='lat' dir='ltr'>super</span> <span class='ocrx_word' id='word_1_162' title='bbox 276 2631 417 2693; x_wconf 88' lang='lat' dir='ltr'>ceteras</span> <span class='ocrx_word' id='word_1_163' title='bbox 448 2620 572 2692; x_wconf 89' lang='lat' dir='ltr'>beluas</span> <span class='ocrx_word' id='word_1_164' title='bbox 604 2618 777 2708; x_wconf 90' lang='lat' dir='ltr'>eminens,</span> <span class='ocrx_word' id='word_1_165' title='bbox 817 2643 985 2715; x_wconf 89' lang='lat' dir='ltr'>armaque</span> <span class='ocrx_word' id='word_1_166' title='bbox 1025 2643 1113 2690; x_wconf 91' lang='lat' dir='ltr'>auro</span> <span class='ocrx_word' id='word_1_167' title='bbox 1152 2631 1189 2692; x_wconf 95' lang='lat' dir='ltr'>et</span> <span class='ocrx_word' id='word_1_168' title='bbox 1228 2633 1378 2718; x_wconf 90' lang='lat' dir='ltr'>argento</span> 
     </span>
     <span class='ocr_line' id='line_1_22' title="bbox 139 2728 1377 2830; baseline -0.001 -26"><span class='ocrx_word' id='word_1_169' title='bbox 139 2729 307 2806; x_wconf 88' lang='lat' dir='ltr'>distincta</span> <span class='ocrx_word' id='word_1_170' title='bbox 334 2757 464 2830; x_wconf 88' lang='lat' dir='ltr'>corpus</span> <span class='ocrx_word' id='word_1_171' title='bbox 490 2755 592 2802; x_wconf 87' lang='lat' dir='ltr'>rarae</span> <span class='ocrx_word' id='word_1_172' title='bbox 618 2728 871 2825; x_wconf 83' lang='lat' dir='ltr'>magnitudinis</span> <span class='ocrx_word' id='word_1_173' title='bbox 903 2730 1153 2803; x_wconf 87' lang='lat' dir='ltr'>honestabant.</span> <span class='ocrx_word' id='word_1_174' title='bbox 1207 2729 1279 2802; x_wconf 90' lang='lat' dir='ltr'>Par</span> <span class='ocrx_word' id='word_1_175' title='bbox 1305 2733 1377 2804; x_wconf 86' lang='lat' dir='ltr'>ani·</span> 
     </span>
     <span class='ocr_line' id='line_1_23' title="bbox 138 2840 1377 2940; baseline 0.002 -24"><span class='ocrx_word' id='word_1_176' title='bbox 138 2868 214 2918; x_wconf 91' lang='lat' dir='ltr'>mus</span> <span class='ocrx_word' id='word_1_177' title='bbox 248 2843 376 2918; x_wconf 87' lang='lat' dir='ltr'>robori</span> <span class='ocrx_word' id='word_1_178' title='bbox 413 2841 592 2940; x_wconf 89' lang='lat' dir='ltr'>corporis,</span> <span class='ocrx_word' id='word_1_179' title='bbox 627 2850 664 2912; x_wconf 89' lang='lat' dir='ltr'>et</span> <span class='ocrx_word' id='word_1_180' title='bbox 696 2851 830 2936; x_wconf 89' lang='lat' dir='ltr'>quanta</span> <span class='ocrx_word' id='word_1_181' title='bbox 860 2840 952 2912; x_wconf 91' lang='lat' dir='ltr'>inter</span> <span class='ocrx_word' id='word_1_182' title='bbox 984 2840 1092 2914; x_wconf 90' lang='lat' dir='ltr'>rudes</span> <span class='ocrx_word' id='word_1_183' title='bbox 1124 2851 1268 2939; x_wconf 89' lang='lat' dir='ltr'>poterat</span> <span class='ocrx_word' id='word_1_184' title='bbox 1299 2868 1377 2918; x_wconf 90' lang='lat' dir='ltr'>esse</span> 
     </span>
     <span class='ocr_line' id='line_1_24' title="bbox 140 2955 322 3054; baseline -0.011 -27"><span class='ocrx_word' id='word_1_185' title='bbox 140 2955 322 3054; x_wconf 88' lang='lat' dir='ltr'>sapientia.</span> 
     </span>
    </p>

    <p class='ocr_par' dir='ltr' id='par_1_4' title="bbox 106 3062 1426 3387">
     <span class='ocr_line' id='line_1_25' title="bbox 106 3062 1426 3163; baseline -0.001 -23"><span class='ocrx_word' id='word_1_186' title='bbox 106 3081 124 3130; x_wconf 80' lang='lat'><strong>8</strong></span> <span class='ocrx_word' id='word_1_187' title='bbox 236 3065 458 3139; x_wconf 89' lang='lat' dir='ltr'>Macedonas</span> <span class='ocrx_word' id='word_1_188' title='bbox 484 3091 558 3137; x_wconf 92' lang='lat' dir='ltr'>non</span> <span class='ocrx_word' id='word_1_189' title='bbox 584 3075 794 3163; x_wconf 88' lang='lat' dir='ltr'>conspectus</span> <span class='ocrx_word' id='word_1_190' title='bbox 821 3067 978 3140; x_wconf 90' lang='lat' dir='ltr'>hostium</span> <span class='ocrx_word' id='word_1_191' title='bbox 1005 3066 1136 3155; x_wconf 89' lang='lat' dir='ltr'>solum,</span> <span class='ocrx_word' id='word_1_192' title='bbox 1172 3062 1236 3136; x_wconf 91' lang='lat' dir='ltr'>sed</span> <span class='ocrx_word' id='word_1_193' title='bbox 1270 3065 1426 3139; x_wconf 67' lang='lat' dir='ltr'>etiamid</span> 
     </span>
     <span class='ocr_line' id='line_1_26' title="bbox 137 3172 1376 3276; baseline 0.001 -27"><span class='ocrx_word' id='word_1_194' title='bbox 137 3177 301 3268; x_wconf 90' lang='lat' dir='ltr'>fluminis,</span> <span class='ocrx_word' id='word_1_195' title='bbox 330 3176 428 3275; x_wconf 91' lang='lat' dir='ltr'>quod</span> <span class='ocrx_word' id='word_1_196' title='bbox 443 3175 701 3250; x_wconf 87' lang='lat' dir='ltr'>transeundum</span> <span class='ocrx_word' id='word_1_197' title='bbox 719 3188 805 3267; x_wconf 89' lang='lat' dir='ltr'>erat,</span> <span class='ocrx_word' id='word_1_198' title='bbox 831 3180 1041 3276; x_wconf 87' lang='lat' dir='ltr'>magnitudo</span> <span class='ocrx_word' id='word_1_199' title='bbox 1059 3175 1227 3252; x_wconf 87' lang='lat' dir='ltr'>terrebat.</span> <span class='ocrx_word' id='word_1_200' title='bbox 1268 3172 1376 3265; x_wconf 73' lang='lat' dir='ltr'>Quas</span> 
     </span>
     <span class='ocr_line' id='line_1_27' title="bbox 136 3287 1377 3387; baseline 0 -25"><span class='ocrx_word' id='word_1_201' title='bbox 136 3298 216 3364; x_wconf 90' lang='lat' dir='ltr'>tuor</span> <span class='ocrx_word' id='word_1_202' title='bbox 241 3290 280 3363; x_wconf 92' lang='lat' dir='ltr'>in</span> <span class='ocrx_word' id='word_1_203' title='bbox 307 3287 535 3362; x_wconf 88' lang='lat' dir='ltr'>latitudinem</span> <span class='ocrx_word' id='word_1_204' title='bbox 561 3287 677 3361; x_wconf 88' lang='lat' dir='ltr'>stadia</span> <span class='ocrx_word' id='word_1_205' title='bbox 704 3288 853 3362; x_wconf 86' lang='lat' dir='ltr'>diffusus</span> <span class='ocrx_word' id='word_1_206' title='bbox 880 3289 1058 3387; x_wconf 89' lang='lat' dir='ltr'>profundo</span> <span class='ocrx_word' id='word_1_207' title='bbox 1086 3290 1205 3376; x_wconf 84' lang='lat' dir='ltr'>alveo,</span> <span class='ocrx_word' id='word_1_208' title='bbox 1233 3297 1270 3360; x_wconf 93' lang='lat' dir='ltr'>et</span> <span class='ocrx_word' id='word_1_209' title='bbox 1295 3315 1377 3362; x_wconf 90' lang='lat' dir='ltr'>nus-</span> 
     </span>
    </p>
   </div>
   <div class='ocr_carea' id='block_1_4' title="bbox 130 3471 1379 4508">
    <p class='ocr_par' dir='ltr' id='par_1_5' title="bbox 132 3471 1379 3961">
     <span class='ocr_line' id='line_1_28' title="bbox 176 3471 1379 3545; baseline -0.001 -17"><span class='ocrx_word' id='word_1_210' title='bbox 176 3472 243 3545; x_wconf 84' lang='lat' dir='ltr'>Cap.</span> <span class='ocrx_word' id='word_1_211' title='bbox 270 3481 326 3540; x_wconf 85' lang='lat'>44,</span> <span class='ocrx_word' id='word_1_212' title='bbox 362 3475 386 3541; x_wconf 76' lang='lat'>§.</span> <span class='ocrx_word' id='word_1_213' title='bbox 413 3479 437 3526; x_wconf 81' lang='lat'>2.</span> <span class='ocrx_word' id='word_1_214' title='bbox 479 3472 648 3542; x_wconf 79' lang='lat' dir='ltr'>Cleocharen]</span> <span class='ocrx_word' id='word_1_215' title='bbox 694 3471 739 3525; x_wconf 91' lang='lat' dir='ltr'>Sic</span> <span class='ocrx_word' id='word_1_216' title='bbox 809 3477 833 3539; x_wconf 69' lang='lat' dir='ltr'>S.</span> <span class='ocrx_word' id='word_1_217' title='bbox 852 3479 876 3527; x_wconf 86' lang='grc'>6.</span> <span class='ocrx_word' id='word_1_218' title='bbox 894 3489 976 3527; x_wconf 77' lang='lat' dir='ltr'>Lxxx</span> <span class='ocrx_word' id='word_1_219' title='bbox 1002 3484 1064 3528; x_wconf 86' lang='lat' dir='ltr'>etv</span> <span class='ocrx_word' id='word_1_220' title='bbox 1087 3475 1246 3543; x_wconf 75' lang='lat' dir='ltr'>elephantos]</span> <span class='ocrx_word' id='word_1_221' title='bbox 1282 3472 1328 3527; x_wconf 89' lang='lat' dir='ltr'>Sic</span> <span class='ocrx_word' id='word_1_222' title='bbox 1350 3481 1379 3527; x_wconf 86' lang='lat' dir='ltr'>et</span> 
     </span>
     <span class='ocr_line' id='line_1_29' title="bbox 135 3540 1378 3614; baseline 0 -18"><span class='ocrx_word' id='word_1_223' title='bbox 135 3541 249 3609; x_wconf 81' lang='lat' dir='ltr'>(Graeca</span> <span class='ocrx_word' id='word_1_224' title='bbox 266 3541 468 3610; x_wconf 82' lang='lat' dir='ltr'>terminatione)</span> <span class='ocrx_word' id='word_1_225' title='bbox 490 3540 519 3593; x_wconf 88' lang='lat' dir='ltr'>iu</span> <span class='ocrx_word' id='word_1_226' title='bbox 536 3541 588 3594; x_wconf 92' lang='lat' dir='ltr'>suis</span> <span class='ocrx_word' id='word_1_227' title='bbox 606 3559 664 3594; x_wconf 89' lang='lat' dir='ltr'>mss.</span> <span class='ocrx_word' id='word_1_228' title='bbox 683 3557 740 3594; x_wconf 87' lang='lat' dir='ltr'>esse</span> <span class='ocrx_word' id='word_1_229' title='bbox 775 3541 867 3611; x_wconf 85' lang='lat' dir='ltr'>optimi</span> <span class='ocrx_word' id='word_1_230' title='bbox 885 3552 913 3596; x_wconf 90' lang='lat' dir='ltr'>et</span> <span class='ocrx_word' id='word_1_231' title='bbox 935 3543 1040 3614; x_wconf 88' lang='lat' dir='ltr'>plurimi</span> <span class='ocrx_word' id='word_1_232' title='bbox 1062 3562 1123 3596; x_wconf 86' lang='lat' dir='ltr'>mss.</span> <span class='ocrx_word' id='word_1_233' title='bbox 1160 3541 1251 3611; x_wconf 86' lang='lat' dir='ltr'>Vulgo</span> <span class='ocrx_word' id='word_1_234' title='bbox 1269 3557 1378 3596; x_wconf 72' lang='lat' dir='ltr'>xxxxv.</span> 
     </span>
     <span class='ocr_line' id='line_1_30' title="bbox 134 3609 1379 3681; baseline -0.002 -16"><span class='ocrx_word' id='word_1_235' title='bbox 134 3612 215 3665; x_wconf 64' lang='lat' dir='ltr'>sedit</span> <span class='ocrx_word' id='word_1_236' title='bbox 225 3612 363 3665; x_wconf 84' lang='lat' dir='ltr'>Snskenb.</span> <span class='ocrx_word' id='word_1_237' title='bbox 382 3618 410 3662; x_wconf 94' lang='lat' dir='ltr'>et</span> <span class='ocrx_word' id='word_1_238' title='bbox 428 3626 479 3680; x_wconf 91' lang='lat' dir='ltr'>ego</span> <span class='ocrx_word' id='word_1_239' title='bbox 497 3626 531 3663; x_wconf 87' lang='lat' dir='ltr'>ex</span> <span class='ocrx_word' id='word_1_240' title='bbox 540 3610 619 3662; x_wconf 86' lang='lat' dir='ltr'>Bern.</span> <span class='ocrx_word' id='word_1_241' title='bbox 629 3612 655 3663; x_wconf 88' lang='lat' dir='ltr'>A</span> <span class='ocrx_word' id='word_1_242' title='bbox 667 3610 740 3663; x_wconf 87' lang='lat' dir='ltr'>Flor.</span> <span class='ocrx_word' id='word_1_243' title='bbox 775 3609 829 3663; x_wconf 85' lang='lat' dir='ltr'>Sed</span> <span class='ocrx_word' id='word_1_244' title='bbox 848 3613 995 3681; x_wconf 78' lang='lat' dir='ltr'>elephantes</span> <span class='ocrx_word' id='word_1_245' title='bbox 1008 3613 1081 3665; x_wconf 90' lang='lat' dir='ltr'>Flor.</span> <span class='ocrx_word' id='word_1_246' title='bbox 1100 3611 1186 3677; x_wconf 84' lang='lat' dir='ltr'>FGH,</span> <span class='ocrx_word' id='word_1_247' title='bbox 1204 3611 1267 3663; x_wconf 88' lang='lat' dir='ltr'>item</span> <span class='ocrx_word' id='word_1_248' title='bbox 1284 3620 1379 3680; x_wconf 82' lang='lat' dir='ltr'>postes</span> 
     </span>
     <span class='ocr_line' id='line_1_31' title="bbox 133 3677 1377 3750; baseline -0.002 -18"><span class='ocrx_word' id='word_1_249' title='bbox 133 3678 181 3732; x_wconf 83' lang='lat' dir='ltr'>AF</span> <span class='ocrx_word' id='word_1_250' title='bbox 199 3689 325 3734; x_wconf 87' lang='lat' dir='ltr'>notatum</span> <span class='ocrx_word' id='word_1_251' title='bbox 340 3677 438 3745; x_wconf 88' lang='lat' dir='ltr'>inveni,</span> <span class='ocrx_word' id='word_1_252' title='bbox 456 3679 479 3731; x_wconf 87' lang='lat' dir='ltr'>F</span> <span class='ocrx_word' id='word_1_253' title='bbox 480 3678 563 3734; x_wconf 87' lang='lat' dir='ltr'>lor.B</span> <span class='ocrx_word' id='word_1_254' title='bbox 581 3687 741 3732; x_wconf 83' lang='lat' dir='ltr'>tamencum</span> <span class='ocrx_word' id='word_1_255' title='bbox 774 3679 820 3732; x_wconf 89' lang='lat' dir='ltr'>ubi</span> <span class='ocrx_word' id='word_1_256' title='bbox 838 3688 880 3732; x_wconf 85' lang='lat' dir='ltr'>est</span> <span class='ocrx_word' id='word_1_257' title='bbox 897 3683 1062 3750; x_wconf 79' lang='lat' dir='ltr'>elephantus,</span> <span class='ocrx_word' id='word_1_258' title='bbox 1081 3681 1153 3734; x_wconf 85' lang='lat' dir='ltr'>Flor.</span> <span class='ocrx_word' id='word_1_259' title='bbox 1171 3679 1238 3732; x_wconf 86' lang='lat' dir='ltr'>EHI</span> <span class='ocrx_word' id='word_1_260' title='bbox 1255 3679 1336 3731; x_wconf 88' lang='lat' dir='ltr'>Bern.</span> <span class='ocrx_word' id='word_1_261' title='bbox 1353 3679 1377 3731; x_wconf 95' lang='lat' dir='ltr'>B</span> 
     </span>
     <span class='ocr_line' id='line_1_32' title="bbox 133 3746 1352 3819; baseline -0.003 -17"><span class='ocrx_word' id='word_1_262' title='bbox 133 3749 415 3802; x_wconf 68' lang='lat' dir='ltr'>oeterisoeeoctarem.</span> <span class='ocrx_word' id='word_1_263' title='bbox 446 3746 513 3800; x_wconf 87' lang='lat' dir='ltr'>Post</span> <span class='ocrx_word' id='word_1_264' title='bbox 529 3765 633 3801; x_wconf 74' lang='lat' dir='ltr'>satorum</span> <span class='ocrx_word' id='word_1_265' title='bbox 641 3749 741 3815; x_wconf 77' lang='lat' dir='ltr'>finium</span> <span class='ocrx_word' id='word_1_266' title='bbox 774 3748 879 3802; x_wconf 81' lang='lat' dir='ltr'>Voss.2</span> <span class='ocrx_word' id='word_1_267' title='bbox 898 3752 1015 3819; x_wconf 78' lang='lat' dir='ltr'>elephas,</span> <span class='ocrx_word' id='word_1_268' title='bbox 1034 3749 1105 3802; x_wconf 84' lang='lat' dir='ltr'>Flor.</span> <span class='ocrx_word' id='word_1_269' title='bbox 1123 3749 1197 3801; x_wconf 83' lang='lat' dir='ltr'>DFG</span> <span class='ocrx_word' id='word_1_270' title='bbox 1214 3749 1352 3814; x_wconf 76' lang='lat' dir='ltr'>elephans.¹</span> 
     </span>
     <span class='ocr_line' id='line_1_33' title="bbox 132 3815 1378 3888; baseline -0.004 -17"><span class='ocrx_word' id='word_1_271' title='bbox 132 3816 224 3871; x_wconf 87' lang='lat' dir='ltr'>ordine</span> <span class='ocrx_word' id='word_1_272' title='bbox 240 3824 349 3871; x_wconf 84' lang='lat' dir='ltr'>mutato</span> <span class='ocrx_word' id='word_1_273' title='bbox 374 3833 434 3870; x_wconf 87' lang='lat' dir='ltr'>cum</span> <span class='ocrx_word' id='word_1_274' title='bbox 451 3815 532 3886; x_wconf 87' lang='lat' dir='ltr'>vulgo</span> <span class='ocrx_word' id='word_1_275' title='bbox 554 3816 589 3869; x_wconf 91' lang='lat' dir='ltr'>sit</span> <span class='ocrx_word' id='word_1_276' title='bbox 600 3818 653 3884; x_wconf 81' lang='lat' dir='ltr'>fin.</span> <span class='ocrx_word' id='word_1_277' title='bbox 671 3834 741 3870; x_wconf 79' lang='lat' dir='ltr'>soor.</span> <span class='ocrx_word' id='word_1_278' title='bbox 810 3816 875 3888; x_wconf 85' lang='lat' dir='ltr'>Cap.</span> <span class='ocrx_word' id='word_1_279' title='bbox 889 3824 932 3883; x_wconf 84' lang='grc'>45,</span> <span class='ocrx_word' id='word_1_280' title='bbox 951 3823 976 3884; x_wconf 63' lang='grc' dir='ltr'>δ.</span> <span class='ocrx_word' id='word_1_281' title='bbox 987 3824 1011 3871; x_wconf 85' lang='lat'>8.</span> <span class='ocrx_word' id='word_1_282' title='bbox 1038 3818 1163 3887; x_wconf 81' lang='lat' dir='ltr'>diffusus]</span> <span class='ocrx_word' id='word_1_283' title='bbox 1191 3815 1279 3883; x_wconf 86' lang='lat' dir='ltr'>Vulgo</span> <span class='ocrx_word' id='word_1_284' title='bbox 1298 3815 1378 3883; x_wconf 70' lang='lat' dir='ltr'>diffla-</span> 
     </span>
     <span class='ocr_line' id='line_1_34' title="bbox 132 3881 1378 3961; baseline -0.006 -21"><span class='ocrx_word' id='word_1_285' title='bbox 132 3903 221 3940; x_wconf 87' lang='lat' dir='ltr'>omnes</span> <span class='ocrx_word' id='word_1_286' title='bbox 238 3904 302 3940; x_wconf 89' lang='lat' dir='ltr'>mss.</span> <span class='ocrx_word' id='word_1_287' title='bbox 776 3903 833 3938; x_wconf 82' lang='lat' dir='ltr'>sum</span> <span class='ocrx_word' id='word_1_288' title='bbox 851 3903 882 3939; x_wconf 85' lang='lat' dir='ltr'>ac</span> <span class='ocrx_word' id='word_1_289' title='bbox 891 3903 1023 3939; x_wconf 87' lang='lat' dir='ltr'>servaram</span> <span class='ocrx_word' id='word_1_290' title='bbox 1040 3885 1068 3937; x_wconf 91' lang='lat' dir='ltr'>in</span> <span class='ocrx_word' id='word_1_291' title='bbox 1078 3884 1164 3956; x_wconf 84' lang='lat' dir='ltr'>priore</span> <span class='ocrx_word' id='word_1_292' title='bbox 1173 3882 1297 3949; x_wconf 89' lang='lat' dir='ltr'>editione,</span> <span class='ocrx_word' id='word_1_293' title='bbox 1316 3881 1378 3961; x_wconf 84' lang='lat' dir='ltr'>quia</span> 
     </span>
    </p>

    <p class='ocr_par' dir='ltr' id='par_1_6' title="bbox 130 3949 1379 4508">
     <span class='ocr_line' id='line_1_35' title="bbox 165 3949 1378 4025; baseline -0.005 -15"><span class='ocrx_word' id='word_1_294' title='bbox 165 3959 188 4025; x_wconf 67' lang='grc'>5.</span> <span class='ocrx_word' id='word_1_295' title='bbox 206 3963 232 4010; x_wconf 79' lang='grc'>3.</span> <span class='ocrx_word' id='word_1_296' title='bbox 259 3958 427 4009; x_wconf 81' lang='lat' dir='ltr'>Borzoeates</span> <span class='ocrx_word' id='word_1_297' title='bbox 471 3952 540 4007; x_wconf 89' lang='lat' dir='ltr'>Vide</span> <span class='ocrx_word' id='word_1_298' title='bbox 557 3968 602 4020; x_wconf 88' lang='lat' dir='ltr'>vr,</span> <span class='ocrx_word' id='word_1_299' title='bbox 626 3961 674 4020; x_wconf 77' lang='lat'>24,</span> <span class='ocrx_word' id='word_1_300' title='bbox 698 3961 739 4008; x_wconf 80' lang='grc'>36.</span> <span class='ocrx_word' id='word_1_301' title='bbox 775 3971 808 4006; x_wconf 84' lang='lat' dir='ltr'>ex</span> <span class='ocrx_word' id='word_1_302' title='bbox 825 3954 983 4008; x_wconf 86' lang='lat' dir='ltr'>Florentinis</span> <span class='ocrx_word' id='word_1_303' title='bbox 1006 3956 1034 4007; x_wconf 81' lang='lat' dir='ltr'>di</span> <span class='ocrx_word' id='word_1_304' title='bbox 1056 3971 1120 4006; x_wconf 74' lang='lat' dir='ltr'>rsus</span> <span class='ocrx_word' id='word_1_305' title='bbox 1147 3959 1258 4005; x_wconf 89' lang='lat' dir='ltr'>nonest</span> <span class='ocrx_word' id='word_1_306' title='bbox 1283 3949 1332 4003; x_wconf 87' lang='lat' dir='ltr'>nisr</span> <span class='ocrx_word' id='word_1_307' title='bbox 1349 3949 1378 4004; x_wconf 89' lang='lat' dir='ltr'>in</span> 
     </span>
     <span class='ocr_line' id='line_1_36' title="bbox 131 4021 1378 4078; baseline -0.005 -2"><span class='ocrx_word' id='word_1_308' title='bbox 131 4021 237 4078; x_wconf 78' lang='lat' dir='ltr'>Nomen</span> <span class='ocrx_word' id='word_1_309' title='bbox 258 4022 355 4078; x_wconf 84' lang='lat' dir='ltr'>addita</span> <span class='ocrx_word' id='word_1_310' title='bbox 372 4041 390 4075; x_wconf 85' lang='lat' dir='ltr'>v</span> <span class='ocrx_word' id='word_1_311' title='bbox 449 4021 455 4033; x_wconf 91' lang='grc'><strong>’</strong></span> <span class='ocrx_word' id='word_1_312' title='bbox 479 4041 496 4075; x_wconf 88' lang='grc' dir='ltr'><em>α</em></span> <span class='ocrx_word' id='word_1_313' title='bbox 519 4021 684 4076; x_wconf 84' lang='lat' dir='ltr'>scribendum</span> <span class='ocrx_word' id='word_1_314' title='bbox 706 4039 740 4076; x_wconf 85' lang='lat' dir='ltr'>ex</span> <span class='ocrx_word' id='word_1_315' title='bbox 776 4023 950 4077; x_wconf 88' lang='lat' dir='ltr'>deterioribus</span> <span class='ocrx_word' id='word_1_316' title='bbox 973 4022 1020 4076; x_wconf 84' lang='lat' dir='ltr'>OE</span> <span class='ocrx_word' id='word_1_317' title='bbox 1050 4061 1056 4073; x_wconf 92' lang='lat'><strong>.</strong></span> <span class='ocrx_word' id='word_1_318' title='bbox 1099 4021 1179 4073; x_wconf 91' lang='lat' dir='ltr'>Nunc</span> <span class='ocrx_word' id='word_1_319' title='bbox 1204 4026 1293 4071; x_wconf 87' lang='lat' dir='ltr'>autem</span> <span class='ocrx_word' id='word_1_320' title='bbox 1319 4035 1378 4071; x_wconf 84' lang='lat' dir='ltr'>oum</span> 
     </span>
     <span class='ocr_line' id='line_1_37' title="bbox 132 4087 1376 4161; baseline -0.006 -14"><span class='ocrx_word' id='word_1_321' title='bbox 132 4094 208 4148; x_wconf 82' lang='lat' dir='ltr'>codd.</span> <span class='ocrx_word' id='word_1_322' title='bbox 225 4093 370 4147; x_wconf 85' lang='lat' dir='ltr'>meliorum</span> <span class='ocrx_word' id='word_1_323' title='bbox 386 4090 560 4159; x_wconf 81' lang='lat' dir='ltr'>auctoritate,</span> <span class='ocrx_word' id='word_1_324' title='bbox 584 4094 630 4144; x_wconf 90' lang='lat' dir='ltr'>sed</span> <span class='ocrx_word' id='word_1_325' title='bbox 649 4108 740 4145; x_wconf 86' lang='lat' dir='ltr'>omnes</span> <span class='ocrx_word' id='word_1_326' title='bbox 774 4091 1012 4161; x_wconf 83' lang='lat' dir='ltr'>adSnalxenburgii</span> <span class='ocrx_word' id='word_1_327' title='bbox 1026 4100 1080 4144; x_wconf 86' lang='lat' dir='ltr'>tres</span> <span class='ocrx_word' id='word_1_328' title='bbox 1092 4089 1171 4142; x_wconf 86' lang='lat' dir='ltr'>etiam</span> <span class='ocrx_word' id='word_1_329' title='bbox 1182 4088 1289 4141; x_wconf 85' lang='lat' dir='ltr'>accedat</span> <span class='ocrx_word' id='word_1_330' title='bbox 1296 4087 1376 4140; x_wconf 87' lang='lat' dir='ltr'>Bern.</span> 
     </span>
     <span class='ocr_line' id='line_1_38' title="bbox 130 4154 1378 4229; baseline -0.006 -13"><span class='ocrx_word' id='word_1_331' title='bbox 130 4169 220 4216; x_wconf 65' lang='lat' dir='ltr'>umen</span> <span class='ocrx_word' id='word_1_332' title='bbox 237 4179 303 4215; x_wconf 87' lang='lat' dir='ltr'>cum</span> <span class='ocrx_word' id='word_1_333' title='bbox 320 4159 581 4213; x_wconf 83' lang='lat' dir='ltr'>editisantelunium</span> <span class='ocrx_word' id='word_1_334' title='bbox 597 4159 741 4214; x_wconf 86' lang='lat' dir='ltr'>terminant</span> <span class='ocrx_word' id='word_1_335' title='bbox 773 4161 814 4227; x_wconf 89' lang='lat' dir='ltr'>A,</span> <span class='ocrx_word' id='word_1_336' title='bbox 836 4178 889 4214; x_wconf 92' lang='lat' dir='ltr'>non</span> <span class='ocrx_word' id='word_1_337' title='bbox 908 4159 1001 4213; x_wconf 88' lang='lat' dir='ltr'>dubito</span> <span class='ocrx_word' id='word_1_338' title='bbox 1029 4159 1093 4229; x_wconf 91' lang='lat' dir='ltr'>quin</span> <span class='ocrx_word' id='word_1_339' title='bbox 1110 4157 1162 4209; x_wconf 87' lang='lat' dir='ltr'>iam</span> <span class='ocrx_word' id='word_1_340' title='bbox 1180 4157 1242 4209; x_wconf 88' lang='lat' dir='ltr'>hinc</span> <span class='ocrx_word' id='word_1_341' title='bbox 1264 4154 1378 4226; x_wconf 85' lang='lat' dir='ltr'>scriptor</span> 
     </span>
     <span class='ocr_line' id='line_1_39' title="bbox 131 4223 1378 4302; baseline -0.008 -16"><span class='ocrx_word' id='word_1_342' title='bbox 131 4231 231 4302; x_wconf 73' lang='lat' dir='ltr'>syllaba</span> <span class='ocrx_word' id='word_1_343' title='bbox 258 4233 303 4285; x_wconf 79' lang='lat' dir='ltr'>tis.</span> <span class='ocrx_word' id='word_1_344' title='bbox 351 4228 422 4282; x_wconf 89' lang='lat' dir='ltr'>Tum</span> <span class='ocrx_word' id='word_1_345' title='bbox 447 4228 529 4299; x_wconf 81' lang='lat' dir='ltr'>inseq.</span> <span class='ocrx_word' id='word_1_346' title='bbox 557 4231 579 4297; x_wconf 83' lang='lat'>§.</span> <span class='ocrx_word' id='word_1_347' title='bbox 607 4231 740 4283; x_wconf 77' lang='lat' dir='ltr'>Samaeos</span> <span class='ocrx_word' id='word_1_348' title='bbox 774 4247 790 4281; x_wconf 84' lang='lat' dir='ltr'>a</span> <span class='ocrx_word' id='word_1_349' title='bbox 816 4245 913 4300; x_wconf 85' lang='lat' dir='ltr'>genere</span> <span class='ocrx_word' id='word_1_350' title='bbox 938 4227 1051 4281; x_wconf 86' lang='lat' dir='ltr'>fluminis</span> <span class='ocrx_word' id='word_1_351' title='bbox 1078 4227 1112 4279; x_wconf 88' lang='lat' dir='ltr'>ad</span> <span class='ocrx_word' id='word_1_352' title='bbox 1138 4243 1221 4296; x_wconf 88' lang='lat' dir='ltr'>genus</span> <span class='ocrx_word' id='word_1_353' title='bbox 1241 4223 1378 4294; x_wconf 87' lang='lat' dir='ltr'>proprium</span> 
     </span>
     <span class='ocr_line' id='line_1_40' title="bbox 131 4294 1379 4368; baseline -0.009 -13"><span class='ocrx_word' id='word_1_354' title='bbox 131 4300 312 4367; x_wconf 64' lang='lat' dir='ltr'>affluendum,</span> <span class='ocrx_word' id='word_1_355' title='bbox 325 4297 347 4352; x_wconf 90' lang='lat' dir='ltr'>si</span> <span class='ocrx_word' id='word_1_356' title='bbox 361 4296 505 4352; x_wconf 85' lang='lat' dir='ltr'>innomine</span> <span class='ocrx_word' id='word_1_357' title='bbox 518 4307 635 4352; x_wconf 87' lang='lat' dir='ltr'>ceterum</span> <span class='ocrx_word' id='word_1_358' title='bbox 647 4297 740 4368; x_wconf 82' lang='lat' dir='ltr'>ignoto</span> <span class='ocrx_word' id='word_1_359' title='bbox 773 4297 908 4368; x_wconf 85' lang='lat' dir='ltr'>Hydaspis</span> <span class='ocrx_word' id='word_1_360' title='bbox 942 4295 1089 4362; x_wconf 82' lang='lat' dir='ltr'>transierit,</span> <span class='ocrx_word' id='word_1_361' title='bbox 1131 4295 1203 4364; x_wconf 90' lang='lat' dir='ltr'>quod</span> <span class='ocrx_word' id='word_1_362' title='bbox 1236 4294 1379 4346; x_wconf 88' lang='lat' dir='ltr'>secundum</span> 
     </span>
     <span class='ocr_line' id='line_1_41' title="bbox 131 4361 1379 4445; baseline -0.012 -17"><span class='ocrx_word' id='word_1_363' title='bbox 131 4370 249 4428; x_wconf 72' lang='lat' dir='ltr'>odiam</span> <span class='ocrx_word' id='word_1_364' title='bbox 279 4384 437 4423; x_wconf 89' lang='lat' dir='ltr'>consensum</span> <span class='ocrx_word' id='word_1_365' title='bbox 463 4367 537 4438; x_wconf 83' lang='lat' dir='ltr'>sequi</span> <span class='ocrx_word' id='word_1_366' title='bbox 566 4367 644 4420; x_wconf 83' lang='lat' dir='ltr'>velis:</span> <span class='ocrx_word' id='word_1_367' title='bbox 675 4365 740 4420; x_wconf 87' lang='lat' dir='ltr'>editi</span> <span class='ocrx_word' id='word_1_368' title='bbox 774 4367 909 4438; x_wconf 82' lang='lat' dir='ltr'>vulgatam</span> <span class='ocrx_word' id='word_1_369' title='bbox 927 4365 1076 4445; x_wconf 86' lang='lat' dir='ltr'>insequenti</span> <span class='ocrx_word' id='word_1_370' title='bbox 1093 4365 1198 4417; x_wconf 90' lang='lat' dir='ltr'>demum</span> <span class='ocrx_word' id='word_1_371' title='bbox 1214 4361 1323 4433; x_wconf 90' lang='lat' dir='ltr'>periodo</span> <span class='ocrx_word' id='word_1_372' title='bbox 1340 4362 1379 4414; x_wconf 86' lang='lat' dir='ltr'>fit.</span> 
     </span>
     <span class='ocr_line' id='line_1_42' title="bbox 133 4429 1379 4508; baseline -0.007 -16"><span class='ocrx_word' id='word_1_373' title='bbox 133 4439 284 4494; x_wconf 72' lang='lat' dir='ltr'>Gomoaus.</span> <span class='ocrx_word' id='word_1_374' title='bbox 309 4435 384 4498; x_wconf 79' lang='lat' dir='ltr'>Flor.</span> <span class='ocrx_word' id='word_1_375' title='bbox 405 4433 457 4489; x_wconf 86' lang='lat' dir='ltr'>FG</span> <span class='ocrx_word' id='word_1_376' title='bbox 479 4436 610 4490; x_wconf 76' lang='lat' dir='ltr'>Seruaeus</span> <span class='ocrx_word' id='word_1_377' title='bbox 631 4454 739 4507; x_wconf 80' lang='lat' dir='ltr'>quoque.</span> <span class='ocrx_word' id='word_1_378' title='bbox 773 4434 818 4489; x_wconf 81' lang='lat' dir='ltr'>sie</span> <span class='ocrx_word' id='word_1_379' title='bbox 835 4453 893 4504; x_wconf 84' lang='lat' dir='ltr'>cap.</span> <span class='ocrx_word' id='word_1_380' title='bbox 912 4442 944 4489; x_wconf 81' lang='lat'>51</span> <span class='ocrx_word' id='word_1_381' title='bbox 964 4451 1048 4508; x_wconf 79' lang='lat' dir='ltr'>prmo</span> <span class='ocrx_word' id='word_1_382' title='bbox 1066 4451 1126 4488; x_wconf 89' lang='lat' dir='ltr'>cnm</span> <span class='ocrx_word' id='word_1_383' title='bbox 1144 4429 1379 4503; x_wconf 81' lang='lat' dir='ltr'>belaapraecessis·</span> 
     </span>
    </p>
   </div>
   <div class='ocr_carea' id='block_1_5' title="bbox 0 0 1468 5174">
    <p class='ocr_par' dir='ltr' id='par_1_7' title="bbox 0 0 1468 5174">
     <span class='ocr_line' id='line_1_43' title="bbox 0 0 1468 5174; baseline 0 0"><span class='ocrx_word' id='word_1_384' title='bbox 0 0 1468 5174; x_wconf 95' lang='lat' dir='ltr'> </span> 
     </span>
    </p>
   </div>
  </div>
 </body>
</html>
