2926 5174
494 302 545 355 nn
572 300 699 354 onsms
726 300 834 354 anax.
848 306 897 372 .x,
925 302 949 353 1.
1276 285 1349 357 485

101 486 328 577 aocciderant,
355 487 513 586 quinque
529 486 626 559 milia
651 485 812 584 peditum
839 513 921 561 cum
946 488 1123 584 equitibus
1141 489 1245 560 mille.
1281 483 1353 561 Sed

123 611 154 674 et
177 609 404 672 accusatores
432 622 494 672 eos
521 623 541 670 e
567 598 766 695 provincia,
799 598 856 670 cui
881 600 1124 696 praefuerant,
1160 598 1353 695 sequeban-

120 722 186 802 tur3
221 719 370 783 nectet
396 710 571 798 facinora,
607 719 694 804 quot
729 708 963 801 admiserant,
999 735 1228 808 compensare
1254 721 1353 808 pote·

91 834 194 897 crant
228 821 347 895 caedis
374 846 549 920 perquam
582 830 706 916 gratae
738 822 813 919 regi
848 822 1053 895 ministerio.
1107 819 1246 920 Quippe
1272 846 1353 894 cum

117 935 232 1010 omnia
265 933 417 1031 profana
453 931 683 1029 spoliassent,
718 956 763 1004 ne
790 932 900 1005 sacris
927 931 1070 1028 quidem
1096 932 1352 1022 abstinuerant,

115 1047 337 1145 virginesque
364 1053 402 1115 et
427 1043 605 1140 principes
633 1043 860 1133 feminarum,
889 1055 1014 1141 stupra
1038 1068 1245 1141 perpessae,
1278 1069 1352 1117 cor·

91 1177 240 1256 tporum
265 1154 421 1228 ludibria
448 1152 639 1226 deflebant.
678 1152 838 1227 Invisum
851 1153 1088 1229 Macedonum
1113 1179 1243 1227 nomen
1271 1180 1352 1228 ava·

91 1269 191 1341 tritia
218 1292 343 1341 eorum
369 1290 412 1337 ac
437 1262 548 1337 libido
575 1263 736 1338 barbaris
762 1267 905 1340 fecerat.
956 1264 1056 1338 lnter
1082 1290 1205 1338 omnes
1231 1275 1352 1339 tamen

113 1379 290 1451 eminebat
317 1373 484 1451 Cleandri
519 1376 636 1465 furor,
672 1377 732 1473 qui
756 1376 913 1450 nobilem
946 1377 1121 1473 virginem
1146 1386 1351 1474 constupra-

91 1509 97 1556 t
112 1507 184 1563 tam
210 1514 317 1562 servo
345 1514 410 1561 suo
428 1487 591 1585 pellicem
609 1484 767 1561 dederat.
808 1487 972 1585 Plerique
990 1488 1184 1560 amicorum
1195 1487 1351 1561 Alexan·

112 1600 164 1673 dri
180 1626 256 1674 non
274 1610 350 1673 tam
364 1599 562 1687 criminum,
589 1622 680 1693 quae
698 1600 817 1696 palam
831 1599 1098 1689 obiiciebantur,
1116 1599 1350 1690 atrocitatem,

111 1737 215 1809 quam
241 1710 453 1784 memoriam
480 1709 587 1782 occisi
612 1734 677 1808 per
702 1710 781 1783 illos
800 1710 1054 1799 Parmenionis,
1081 1709 1177 1806 quod
1202 1711 1350 1785 tacitum

111 1823 281 1922 prodesse
308 1822 378 1895 reis
406 1820 504 1919 apud
529 1844 651 1917 regem
676 1830 834 1918 poterat,
859 1821 1109 1911 intuebantur,
1135 1822 1219 1895 laeti
1244 1823 1349 1896 recci-

112 1932 203 2006 disse
229 1934 322 2006 iram
346 1932 385 2005 in
420 1932 495 2004 irae
521 1930 721 2021 ministros,
755 1958 822 2005 nec
847 1933 956 2004 ullam
989 1933 1187 2029 potentiam
1218 1934 1350 2006 scelere

91 2046 308 2143 'quaesitam
335 2045 500 2140 cuiquam
526 2067 604 2116 esse
622 2032 836 2116 diuturnam.
875 2043 955 2117 Rex
974 2044 1116 2140 cognita
1138 2069 1245 2118 causa
1269 2069 1349 2142 pro·

108 2157 304 2247 nuntiavit,
339 2155 385 2228 ab
422 2154 692 2229 accusutoribus
720 2180 831 2227 unum
857 2165 893 2228 et
926 2156 964 2229 id
990 2157 1186 2229 maximum
1217 2156 1349 2229 crimen
1433 2216 1438 2223 .

109 2293 184 2342 esse
202 2267 449 2367 praeteritum
477 2265 763 2364 desperationem
779 2267 903 2339 salutis
922 2292 1026 2342 suae:
1054 2292 1236 2365 nunquam
1255 2267 1349 2339 enim

108 2380 192 2453 talia
217 2403 387 2468 ausuros,
423 2377 483 2473 qui
517 2378 635 2474 ipsum
662 2403 709 2450 ex
733 2375 835 2450 India
869 2380 1040 2478 sospitem
1075 2389 1137 2451 aut
1164 2389 1351 2478 optassent

108 2491 255 2581 reverti,
293 2498 357 2562 aut
392 2487 627 2561 credidissent
658 2513 895 2563 reversurum.
957 2491 1069 2589 Igitur
1102 2491 1169 2564 hos
1205 2490 1350 2587 quidem

106 2603 234 2693 vinxit,
261 2622 312 2673 nc
340 2609 461 2671 autem
486 2599 648 2689 militum,
675 2600 736 2695 qui
762 2602 932 2675 saevitiae
958 2627 1081 2675 eorum
1099 2603 1251 2675 ministri
1276 2603 1348 2675 fue·

104 2723 205 2804 rant,
240 2710 394 2786 interfici
418 2711 531 2783 iussit.
583 2709 720 2784 Eodem
756 2710 813 2783 die
839 2723 1021 2810 sumptum
1056 2721 1112 2784 est
1138 2713 1349 2810 supplicium

104 2823 150 2898 de
176 2825 220 2897 iis
247 2846 401 2919 quoque,
429 2847 518 2918 quos
545 2831 710 2895 auctores
737 2820 943 2895 defectionis
959 2822 1152 2896 Persarum
1179 2820 1348 2896 Craterus

103 2934 178 3009 add
231 2945 320 3008 erat.

178 2962 321 3119 luPlaud
347 3045 461 3118 multo
496 3055 581 3143 post
606 3040 789 3116 Nearchus
817 3052 854 3114 et
881 3039 1118 3133 Onesicritus,
1155 3069 1245 3141 quos
1272 3045 1346 3117 lon·
1376 3048 1396 3118 2

136 3315 195 3370 Lib.
205 3331 236 3369 x.
250 3321 345 3385 cap.1,
362 3318 420 3380 §:1.
455 3316 549 3384 uiaque
557 3315 629 3365 milia
636 3316 708 3382 pert]
743 3310 871 3364 Meritum
888 3312 957 3366 enim
974 3311 1048 3382 illud,
1068 3313 1186 3384 quamvis
1202 3313 1257 3367 eius
1275 3331 1347 3368 men·

99 3385 206 3438 Ducum
233 3382 386 3437 nominibus
416 3333 537 3452 adiungit
563 3380 637 3452 quasi
662 3398 710 3452 per
744 3379 783 3432 tio
800 3380 874 3433 nulla
890 3381 975 3448 fieret,
993 3390 1083 3435 tamen
1100 3399 1129 3436 re
1146 3381 1204 3453 ipsa
1221 3382 1347 3454 loqueba-

100 3452 298 3524 appositionem
316 3451 419 3522 copias,
446 3467 510 3521 quas
528 3450 567 3502 illi
592 3451 709 3503 adduxe·
744 3455 796 3501 tur.
826 3449 876 3502 Est
893 3449 962 3504 enim
980 3467 1064 3521 aeque
1083 3453 1187 3504 tacitum
1205 3453 1278 3522 quod
1292 3471 1348 3506 non

99 3530 171 3575 rant.
206 3522 248 3574 Ea
267 3537 328 3590 pars
351 3518 487 3599 copiarum
499 3518 600 3640 lpartim
617 3519 710 3572 relicta
743 3516 870 3597 loquitur,
897 3527 976 3590 atque
1002 3520 1035 3572 de
1052 3537 1105 3590 quo
1130 3537 1185 3573 non
1203 3520 1349 3601 loquuntur

99 3591 201 3655 fircrat,
272 3588 321 3641 tim
339 3589 449 3640 subinde
466 3605 498 3641 co
520 3595 577 3641 ecta
594 3587 710 3641 Ecbata·
744 3586 870 3639 hommes.
908 3589 1020 3642 Tantum
1048 3588 1120 3659 quod
1139 3588 1278 3642 Tellierms
1301 3607 1347 3644 vo·

99 3657 148 3712 nis.
186 3658 227 3713 O.
248 3673 329 3727 supra
345 3671 396 3723 vn,
416 3662 431 3710 8
449 3674 486 3727 sq.
744 3653 792 3710 luit
817 3662 845 3708 et
875 3672 924 3726 ego
950 3656 978 3709 in
1004 3657 1076 3711 Flor.
1104 3656 1130 3710 G
1154 3657 1256 3724 inveni,
1283 3656 1348 3710 ieiu-

135 3731 159 3793 §-
178 3733 204 3780 3.
240 3741 274 3777 ne
292 3725 379 3777 sacras
397 3727 508 3796 quidem]
545 3723 631 3778 Codd.
648 3722 708 3776 viti·
742 3740 806 3775 num
822 3730 870 3776 est.

101 3812 147 3849 ose
180 3811 229 3847 aec
255 3799 364 3864 praeter
392 3811 505 3864 paucos,
540 3800 571 3846 ut
597 3793 706 3846 Voss.1
777 3795 800 3912 ῗ.
824 3801 847 3846 t.
882 3809 1013 3863 nunquam
1039 3793 1107 3846 enim
1132 3793 1198 3847 talia
1223 3795 1347 3872 ausuros]

101 3862 171 3917 Flor.
189 3863 223 3917 Ε.
743 3859 796 3913 sci.
816 3862 919 3931 fuisse,
956 3878 1034 3931 quam
1051 3860 1096 3914 elli
1115 3860 1155 3914 sin
1180 3877 1233 3914 non
1258 3858 1349 3913 invem

135 3935 159 3997 §-
188 3938 212 3985 ὓ.
250 3928 330 3982 occisi
354 3945 402 3996 per
427 3932 487 3983 illos
512 3928 707 3995 Parmenionis]
742 3927 792 3981 nisi
809 3930 880 3998 apud
898 3929 1034 3997 Tacitum,
1059 3944 1086 3982 se
1122 3928 1194 3998 apud
1212 3943 1271 3980 eum
1289 3927 1347 3998 qui-

102 3997 145 4052 Sic
162 3998 225 4053 libri
243 3995 328 4050 nostri
346 4013 434 4050 omnes
451 4005 478 4051 et
496 3996 577 4049 Snak.
597 3996 673 4050 Voss.
693 4004 704 4048 1
743 3997 804 4049 dem
820 3997 879 4068 plus
902 3998 981 4051 semel
998 3996 1094 4050 Annel.
1112 4011 1149 4063 11,
1172 4002 1204 4048 31
1223 4003 1291 4049 extr.
1312 4010 1346 4064 11,

102 4074 129 4119 et
146 4074 161 4121 2
181 4065 278 4135 (Leid.
305 4081 360 4116 uon
385 4070 601 4127 commemoratl:
628 4063 708 4133 vulgo
745 4071 786 4119 13.
811 4081 856 4133 w,
885 4073 925 4121 18.
951 4080 997 4132 xr,
1024 4073 1049 4119 3.
1066 4078 1117 4132 XV,
1146 4071 1187 4117 16.
1214 4063 1346 4133 Eiet-11,

100 4152 148 4204 per
165 4154 217 4190 eos.
237 4133 314 4186 'Mox
328 4136 463 4188 reccidisse
476 4135 591 4188 Bern.A
603 4133 708 4186 eodem·
743 4139 776 4187 st
795 4142 862 4188 extr.

105 4220 152 4324 que
177 4201 317 4275 pertinens
342 4199 416 4254 Leid.
450 4205 590 4256 rectidisse.
639 4199 709 4254 Vide
779 4207 802 4269 s.
821 4208 845 4256 8.
880 4218 920 4257 oc
938 4213 1022 4256 autem
1032 4202 1157 4321 miltumq
1170 4199 1248 4254 Unus
1261 4202 1347 4255 codex

124 4269 257 4326 chneideri
276 4267 361 4321 Elem.
378 4269 409 4323 L.
426 4271 457 4324 L.
475 4291 501 4343 p.
520 4277 578 4325 586.
742 4270 819 4326 Voss.
835 4280 850 4322 2
868 4274 969 4326 milites.
1010 4270 1053 4322 Tu
1070 4269 1138 4322 cta
1173 4277 1345 4335 ν1,19,26.

136 4343 206 4409 quod
224 4338 345 4403 tacitum]
369 4336 486 4393 Fuerunt
496 4340 541 4410 qui
555 4340 630 4393 tacite
643 4337 708 4391 mal·
778 4340 843 4411 Cap.
859 4346 888 4406 θ,
907 4346 929 4408 §.
944 4345 983 4393 10.
1018 4338 1158 4391 Nearchus
1176 4349 1200 4393 et
1215 4339 1346 4392 Onesicra-

107 4405 171 4477 leut,
207 4406 257 4461 sed
285 4406 391 4458 tacitum
420 4408 565 4479 elegantius
594 4407 707 4460 videtur.
743 4411 796 4480 tus]
832 4407 902 4462 Vide
919 4406 1060 4463 Arrianum
1077 4420 1124 4472 v1,
1151 4412 1183 4460 28
1203 4406 1345 4477 quiNear-
