2926 5174
116 308 188 383 136
582 330 617 394 Q.
653 328 777 381 ouarn
810 331 897 383 aum

109 515 189 587 ficio
216 516 283 587 rite
308 523 531 611 perpetrato,
565 514 742 610 reliquum
773 515 887 588 noctis
914 517 1141 611 acquieturus
1168 518 1206 591 in
1230 521 1326 594 taber·

108 626 276 698 naculum
300 623 415 697 rediit.
454 621 528 697 Sed
552 649 619 699 nec
645 648 810 697 somnum
835 650 973 723 capere,
997 652 1065 701 neo
1090 630 1246 725 quietem
1268 634 1327 729 pati

108 745 260 832 poterat.
312 734 421 808 Modo
447 759 467 807 e
492 735 575 831 iugo
601 736 733 808 montis
759 736 872 809 aciem
896 737 933 809 in
960 736 1130 811 dextrum
1155 741 1328 815 Persarum

108 871 220 919 comu
246 845 434 917 demittere
460 845 631 941 agitabat,
644 843 753 918 modo
777 858 877 921 recta
902 850 1019 922 fronte
1046 874 1258 925 concurrere
1280 854 1328 926 ho

107 956 168 1047 sti,
199 954 380 1027 interdum
411 955 605 1045 haesitare,
640 980 687 1026 an
718 957 838 1052 potius
872 958 911 1030 in
945 960 1087 1038 laevum
1114 958 1328 1058 detorqueret

106 1090 243 1163 agmen.
298 1065 459 1138 Tandem
490 1077 681 1164 gravatum
716 1068 823 1139 animi
858 1069 1040 1143 anxietate
1074 1094 1208 1169 corpus
1240 1074 1361 1147 altiora

105 1202 251 1250 somnus
280 1177 467 1274 oppressit.
542 1190 559 1223 ⁹

53 1289 100 1360 49
205 1287 351 1384 Iamque
385 1287 465 1360 luce
491 1296 571 1360 orta
604 1288 712 1360 duces
738 1287 786 1359 ad
810 1286 1015 1386 accipienda
1039 1288 1191 1387 imperia
1217 1317 1326 1365 conve·

100 1409 244 1490 nerant,
279 1400 423 1472 insolito
455 1399 548 1471 eirea
579 1398 798 1494 praetorium
832 1400 972 1475 silentio
1006 1400 1170 1473 attoniti:
1213 1405 1325 1502 quippe
1337 1419 1363 1469 ts

100 1511 187 1582 alias
214 1534 395 1583 accersere
420 1511 528 1607 ipsos,
543 1519 580 1581 et
604 1508 785 1581 interdum
810 1519 992 1583 morantes
1018 1513 1197 1608 castigare
1223 1538 1324 1587 assue-

99 1632 217 1693 verat:
252 1632 339 1693 tunc
369 1645 416 1693 ne
434 1619 569 1691 >ultimo
602 1618 745 1715 quidem
770 1645 889 1692 rerum
915 1619 1116 1695 discrimine
1143 1625 1324 1696 excitatum

101 1754 179 1805 esse
205 1732 436 1821 mirabantur,
463 1739 500 1803 et
525 1756 598 1802 non
624 1755 750 1804 somno
777 1732 969 1827 quiescere,
994 1731 1058 1805 sed
1084 1759 1223 1830 pavore
1248 1759 1322 1806 mar·

99 1865 178 1914 cere
214 1841 417 1915 credebant.
469 1838 551 1913 Non
582 1852 703 1915 tamen
739 1842 926 1938 quisquam
952 1866 999 1915 ex
1024 1843 1237 1918 custodibus
1262 1863 1356 1919 cor-lt

97 1953 193 2049 poris
227 1953 361 2024 intrare
395 1952 667 2024 tabernaculum
694 1951 865 2025 audebat:
900 1961 937 2024 et
961 1952 1032 2023 iam
1059 1963 1205 2052 tempus
1230 1958 1319 2029 insta·

95 2064 174 2153 bat,
200 2090 267 2136 nee
298 2064 399 2136 miles
423 2063 561 2135 iniussu
588 2063 687 2135 ducis
714 2072 777 2134 aut
802 2087 902 2134 arma
928 2087 1053 2159 capere
1077 2077 1241 2162 poterat,
1271 2076 1319 2139 aut
1363 2136 1368 2143 .

93 2174 130 2245 in
158 2174 299 2246 ordines
325 2175 386 2245 ire.
425 2171 498 2244 Diu
510 2170 699 2244 Parmenio
727 2183 923 2262 cunctatus,
943 2174 1060 2246 cibum
1085 2185 1128 2247 ut
1155 2186 1351 2274 caperenttt

93 2285 169 2381 ipse
201 2283 419 2380 pronuntiat.
460 2280 625 2378 ‘lamque
652 2284 749 2357 exire
776 2308 920 2356 necesse
947 2295 1039 2356 erat:
1074 2294 1163 2358 tune
1191 2285 1316 2360 demun

91 2396 201 2466 intrat
228 2393 516 2481 tabernaculum,
543 2393 753 2489 saepiusque
779 2394 921 2467 nomine
948 2395 1218 2490 compellatum,
1250 2424 1315 2471 cun

91 2530 180 2579 voce
212 2530 286 2576 non
324 2511 461 2599 posset,
500 2513 601 2574 tactu
636 2505 815 2577 excitavit.
874 2504 1346 2604 lateatne,i11quit,eu:n

91 2616 285 2689 instructanr
319 2611 423 2685 nomn
461 2613 561 2687 bostis
594 2613 759 2687 delitiscit:
806 2628 882 2688 trites
916 2616 1009 2688 nriles
1043 2616 1155 2690 adnue
1195 2618 1315 2693 inermis

90 2739 236 2826 espectet
261 2725 448 2824 inquerinrn.
511 2723 579 2798 Ubi
602 2737 650 2797 est
674 2725 768 2823 viper
794 2725 846 2797 ille
872 2726 980 2798 aniani
1004 2727 1053 2798 tui
1059 2726 1077 2799 i
1102 2752 1223 2826 nempe
1248 2728 1315 2803 erri-

88 2851 158 2911 tare
183 2837 298 2936 vigiles
324 2836 416 2910 soles.
469 2833 530 2905 Ad
565 2836 654 2907 haec
679 2833 902 2907 Alexander:
940 2834 1115 2928 Credisne,
1149 2865 1204 2912 nte
1229 2840 1345 2939 prius²²

87 2975 240 3023 sontnunr
266 2970 384 3045 cepere
403 2946 562 3043 potuisse,
576 2972 678 3045 quana
703 2970 914 3019 eronernrern
939 2947 1312 3037 enirrrunrsollicitndinr,

88 3087 172 3160 quoe
199 3059 337 3159 quietern
362 3058 575 3131 narrabatur?
601 3057 811 3153 signumque
836 3081 978 3154 pugnae
996 3057 1085 3129 tuba
1112 3058 1193 3132 dari
1218 3061 1312 3134 iussit

86 3168 135 3242 Et
161 3196 242 3241 cum
268 3170 304 3240 in
331 3166 457 3241 eadem
483 3166 717 3240 admiratione
743 3166 932 3238 Parmenio
958 3181 1219 3265 perseveraret,
1233 3166 1345 3266 quodtl

87 3281 246 3352 solutum
279 3304 317 3351 se
352 3279 445 3350 curis
479 3301 644 3349 somnum
670 3277 805 3374 cepisse
832 3276 996 3367 dixisset,
1023 3278 1179 3370 Minime,
1204 3281 1314 3377 inquit,

121 3463 143 3528 ξ.
164 3466 204 3513 16.
229 3462 369 3528 demittere]
393 3458 479 3512 Codd.
498 3458 581 3512 nostri
599 3474 688 3511 omnes
722 3462 863 3527 accersire,
897 3460 941 3513 alii
1008 3460 1055 3514 lor.
1085 3461 1163 3515 cEH
1186 3464 1265 3517 Bern.
1283 3462 1313 3529 B]

85 3534 114 3582 et
133 3545 198 3598 quos
207 3527 289 3581 Snak.
304 3526 419 3581 eontulit
434 3529 573 3593 dimittere,·
590 3526 688 3596 primus
723 3545 855 3595 exercere,
874 3546 941 3581 unus
958 3529 1029 3582 For.
1047 3529 1074 3581 D
1092 3547 1153 3583 cum
1170 3531 1229 3585 Pal.
1248 3539 1260 3586 1
1278 3548 1312 3584 cr·

85 3599 217 3650 dentittere
235 3595 310 3648 dedit
327 3594 427 3648 Iunius.
723 3597 827 3662 cessire,
846 3597 934 3649 nullus
952 3615 1091 3650 creatore.

120 3681 274 3717 concurrere
292 3666 368 3732 trosti]
389 3663 488 3717 Idonea
501 3663 583 3731 igitur
597 3672 689 3717 aucto·
757 3669 782 3730 δ.
793 3671 834 3719 19.
852 3667 986 3734 qnisquam
1007 3683 1038 3719 ea·
1056 3669 1217 3736 custodibus]
1235 3667 1313 3737 vulgo

83 3733 165 3787 ritate
181 3732 225 3786 hie
238 3733 311 3785 locus
325 3733 462 3801 vulgatam
471 3733 608 3786 lectionem
617 3734 688 3803 apud
724 3749 737 3784 e
761 3742 836 3796 cust,
868 3751 917 3786 nos
945 3734 1018 3803 quod
1042 3733 1069 3786 in
1101 3734 1175 3788 libris
1204 3736 1312 3790 omnibns

82 3801 141 3855 Liv.
156 3817 239 3869 xxrv,
261 3807 293 3852 15
312 3801 438 3854 defendet
456 3803 547 3870 quibus
565 3821 622 3855 cnm
640 3804 687 3853 im-
721 3808 826 3871 praeter
839 3801 946 3855 FlonG
963 3809 1003 3854 est
1019 3801 1137 3856 dedimus
1153 3821 1214 3857 eum
1222 3803 1311 3858 Modio.

74 3874 155 3940 piore
163 3872 301 3925 Numidae
319 3871 519 3936 concurrissent,
537 3869 565 3922 in
579 3868 688 3923 dubium
756 3871 785 3921 in
802 3871 907 3922 ordines
924 3873 971 3923 ire.
1003 3869 1047 3924 Sic
1063 3885 1127 3938 vm,
1146 3878 1180 3925 46
1201 3886 1312 3941 nrmuqrt

81 3949 201 3993 vocatam
218 3957 234 3992 a
252 3937 390 3992 Douiatio.
722 3954 814 4005 cupere
831 3939 926 3990 milites
944 3948 968 3990 et
985 3941 1024 3991 ire
1042 3941 1071 3991 in
1088 3942 1196 3993 ordines
1215 3943 1294 3994 iussit.

115 4009 144 4059 in
174 4012 276 4061 luerunt
304 4011 464 4075 detorqueret
489 4024 583 4076 cymen
609 4008 687 4060 codd.
756 4010 780 4070 3.
805 4011 846 4057 21.
881 4008 995 4059 excitare
1021 4008 1122 4075 stipites]
1158 4009 1258 4062 Omnes
1282 4006 1311 4060 sic

80 4086 109 4126 et
130 4077 181 4128 mei
203 4084 230 4128 et
248 4074 333 4129 Snalr.
351 4092 443 4129 omnes
467 4094 527 4130 cum
544 4074 607 4128 edit.
626 4075 687 4128 Mo·
720 4071 790 4124 libri.
808 4073 950 4127 Modianos
967 4078 1107 4127 mendosos
1121 4075 1202 4129 fuisse
1216 4088 1311 4129 necesse

81 4141 175 4204 diana,
199 4143 274 4212 quod
300 4143 386 4197 libens
414 4145 514 4215 accipio
557 4162 588 4197 ro
615 4143 687 4212 vulg.
722 4150 771 4207 est,
790 4140 835 4210 qui
854 4144 996 4195 exercitare
1014 4142 1165 4197 exhibeant.

79 4219 213 4278 torqueret,
232 4227 321 4279 neque
336 4213 408 4266 enim
420 4221 535 4285 torqueu
555 4210 688 4266 'verbum
757 4212 780 4276 ἓ.
797 4216 838 4261 23.
870 4221 1049 4277 perseueraret
1070 4213 1139 4278 qnod
1158 4215 1311 4266 solutumst

79 4276 116 4330 sie
133 4277 235 4331 dicitur.
723 4279 793 4331 cteris
803 4295 919 4329 somnient
928 4280 1026 4346 cepisse
1035 4280 1155 4348 dixisset]
1173 4281 1243 4333 Edd.
1252 4284 1310 4332 vett

114 4345 179 4415 Cap.
198 4355 240 4412 49,
261 4350 287 4407 ἓ.
307 4356 347 4402 18.
371 4351 517 4414 accersere]
540 4350 594 4402 Alii
612 4348 688 4400 dcte·
723 4355 883 4398 osseuernret
905 4349 974 4413 qnod
1003 4364 1108 4400 secernis
1134 4364 1253 4400 somnam
1276 4362 1310 4398 ce·

75 4412 158 4467 riores
176 4416 254 4467 codd.
275 4415 358 4482 (Flor.
376 4415 454 4486 FGI)
480 4424 511 4469 et
537 4419 597 4471 edd.
622 4423 689 4470 vett.
718 4416 816 4484 pisset,
838 4414 928 4467 sedin
945 4414 1017 4467 nullo
1035 4414 1129 4481 codice,
1147 4432 1260 4484 quorum
1275 4429 1311 4466 se
