<?xml version="1.0" encoding="UTF-8"?>
<!DOCTYPE html PUBLIC "-//W3C//DTD XHTML 1.0 Transitional//EN"
    "http://www.w3.org/TR/xhtml1/DTD/xhtml1-transitional.dtd">
<html xmlns="http://www.w3.org/1999/xhtml" xml:lang="en" lang="en">
 <head>
  <title>
</title>
<meta http-equiv="Content-Type" content="text/html;charset=utf-8" />
  <meta name='ocr-system' content='tesseract 3.04.00' />
  <meta name='ocr-capabilities' content='ocr_page ocr_carea ocr_par ocr_line ocrx_word'/>
</head>
<body>
  <div class='ocr_page' id='page_1' title='image "./qcurtiirufidege01rufugoog_0102.png"; bbox 0 0 2926 5174; ppageno 0'>
   <div class='ocr_carea' id='block_1_1' title="bbox 419 282 1279 371">
    <p class='ocr_par' dir='ltr' id='par_1_1' title="bbox 419 282 1279 371">
     <span class='ocr_line' id='line_1_1' title="bbox 419 282 1279 371; baseline 0 -17"><span class='ocrx_word' id='word_1_1' title='bbox 419 305 466 354; x_wconf 83' lang='lat' dir='ltr'><strong>oa</strong></span> <span class='ocrx_word' id='word_1_2' title='bbox 492 301 619 354; x_wconf 78' lang='lat' dir='ltr'><strong>cussis</strong></span> <span class='ocrx_word' id='word_1_3' title='bbox 645 301 755 352; x_wconf 76' lang='lat' dir='ltr'><strong>Anax.</strong></span> <span class='ocrx_word' id='word_1_4' title='bbox 781 303 831 371; x_wconf 86' lang='lat' dir='ltr'><strong>rv,</strong></span> <span class='ocrx_word' id='word_1_5' title='bbox 860 299 884 346; x_wconf 80' lang='lat' dir='ltr'><strong>r.</strong></span> <span class='ocrx_word' id='word_1_6' title='bbox 1231 282 1279 354; x_wconf 80' lang='lat'><strong>71</strong></span> 
     </span>
    </p>
   </div>
   <div class='ocr_carea' id='block_1_2' title="bbox 10 483 1280 2352">
    <p class='ocr_par' dir='ltr' id='par_1_2' title="bbox 10 483 1280 2352">
     <span class='ocr_line' id='line_1_2' title="bbox 19 483 1280 589; baseline -0.004 -27"><span class='ocrx_word' id='word_1_7' title='bbox 19 516 72 589; x_wconf 92' lang='lat' dir='ltr'><strong>quo</strong></span> <span class='ocrx_word' id='word_1_8' title='bbox 110 487 269 560; x_wconf 87' lang='lat' dir='ltr'><strong>urbem</strong></span> <span class='ocrx_word' id='word_1_9' title='bbox 300 496 491 584; x_wconf 86' lang='lat' dir='ltr'><strong>angustum</strong></span> <span class='ocrx_word' id='word_1_10' title='bbox 515 485 649 558; x_wconf 88' lang='lat' dir='ltr'><strong>fretum</strong></span> <span class='ocrx_word' id='word_1_11' title='bbox 676 483 818 557; x_wconf 78' lang='lat' dir='ltr'><strong>dirimit.</strong></span> <span class='ocrx_word' id='word_1_12' title='bbox 871 483 1007 583; x_wconf 89' lang='lat' dir='ltr'><strong>Tyros,</strong></span> <span class='ocrx_word' id='word_1_13' title='bbox 1040 494 1077 557; x_wconf 92' lang='lat' dir='ltr'><strong>et</strong></span> <span class='ocrx_word' id='word_1_14' title='bbox 1103 485 1280 583; x_wconf 84' lang='lat' dir='ltr'><strong>magnitu-</strong></span> 
     </span>
     <span class='ocr_line' id='line_1_3' title="bbox 19 591 1280 693; baseline -0.004 -19"><span class='ocrx_word' id='word_1_15' title='bbox 19 602 85 675; x_wconf 88' lang='lat' dir='ltr'><strong>dine</strong></span> <span class='ocrx_word' id='word_1_16' title='bbox 120 610 165 672; x_wconf 89' lang='lat' dir='ltr'><strong>et</strong></span> <span class='ocrx_word' id='word_1_17' title='bbox 205 597 390 670; x_wconf 88' lang='lat' dir='ltr'><strong>claritate</strong></span> <span class='ocrx_word' id='word_1_18' title='bbox 424 606 505 669; x_wconf 89' lang='lat' dir='ltr'><strong>ante</strong></span> <span class='ocrx_word' id='word_1_19' title='bbox 542 619 669 668; x_wconf 90' lang='lat' dir='ltr'><strong>omnes</strong></span> <span class='ocrx_word' id='word_1_20' title='bbox 708 595 816 668; x_wconf 90' lang='lat' dir='ltr'><strong>urbes</strong></span> <span class='ocrx_word' id='word_1_21' title='bbox 852 591 977 693; x_wconf 83' lang='lat' dir='ltr'><strong>Syriae</strong></span> <span class='ocrx_word' id='word_1_22' title='bbox 1011 594 1280 692; x_wconf 81' lang='lat' dir='ltr'><strong>Phoenicesque</strong></span> 
     </span>
     <span class='ocr_line' id='line_1_4' title="bbox 18 704 1280 803; baseline -0.004 -19"><span class='ocrx_word' id='word_1_23' title='bbox 18 709 295 798; x_wconf 76' lang='lat' dir='ltr'><strong>memorabilia,</strong></span> <span class='ocrx_word' id='word_1_24' title='bbox 332 707 465 780; x_wconf 86' lang='lat' dir='ltr'><strong>facilius</strong></span> <span class='ocrx_word' id='word_1_25' title='bbox 499 707 708 780; x_wconf 90' lang='lat' dir='ltr'><strong>societatem</strong></span> <span class='ocrx_word' id='word_1_26' title='bbox 732 704 933 778; x_wconf 79' lang='lat' dir='ltr'><strong>Alexandri</strong></span> <span class='ocrx_word' id='word_1_27' title='bbox 964 716 1156 803; x_wconf 83' lang='lat' dir='ltr'><strong>acceptura</strong></span> <span class='ocrx_word' id='word_1_28' title='bbox 1182 705 1280 779; x_wconf 90' lang='lat' dir='ltr'><strong>vide·</strong></span> 
     </span>
     <span class='ocr_line' id='line_1_5' title="bbox 18 813 1278 916; baseline -0.006 -20"><span class='ocrx_word' id='word_1_29' title='bbox 18 823 120 912; x_wconf 89' lang='lat' dir='ltr'><strong>batur,</strong></span> <span class='ocrx_word' id='word_1_30' title='bbox 151 843 292 916; x_wconf 92' lang='lat' dir='ltr'><strong>quam</strong></span> <span class='ocrx_word' id='word_1_31' title='bbox 320 817 514 914; x_wconf 90' lang='lat' dir='ltr'><strong>imperium.</strong></span> <span class='ocrx_word' id='word_1_32' title='bbox 555 813 736 889; x_wconf 83' lang='lat' dir='ltr'><strong>Coronam</strong></span> <span class='ocrx_word' id='word_1_33' title='bbox 761 816 871 913; x_wconf 85' lang='lat' dir='ltr'><strong>igitur</strong></span> <span class='ocrx_word' id='word_1_34' title='bbox 897 841 1043 889; x_wconf 86' lang='lat' dir='ltr'><strong>auream</strong></span> <span class='ocrx_word' id='word_1_35' title='bbox 1070 816 1205 890; x_wconf 91' lang='lat' dir='ltr'><strong>donum</strong></span> <span class='ocrx_word' id='word_1_36' title='bbox 1231 817 1278 889; x_wconf 92' lang='lat' dir='ltr'><strong>le·</strong></span> 
     </span>
     <span class='ocr_line' id='line_1_6' title="bbox 20 927 1279 1030; baseline -0.006 -26"><span class='ocrx_word' id='word_1_37' title='bbox 20 933 77 1030; x_wconf 83' lang='lat' dir='ltr'><strong>gati</strong></span> <span class='ocrx_word' id='word_1_38' title='bbox 103 929 358 1017; x_wconf 87' lang='lat' dir='ltr'><strong>afferebant,</strong></span> <span class='ocrx_word' id='word_1_39' title='bbox 390 936 676 1024; x_wconf 82' lang='lat' dir='ltr'><strong>commeatusque</strong></span> <span class='ocrx_word' id='word_1_40' title='bbox 707 928 807 1025; x_wconf 86' lang='lat' dir='ltr'><strong>large</strong></span> <span class='ocrx_word' id='word_1_41' title='bbox 833 937 870 999; x_wconf 89' lang='lat' dir='ltr'><strong>et</strong></span> <span class='ocrx_word' id='word_1_42' title='bbox 894 927 1118 1024; x_wconf 77' lang='lat' dir='ltr'><strong>hospitaliter</strong></span> <span class='ocrx_word' id='word_1_43' title='bbox 1144 952 1192 999; x_wconf 85' lang='lat' dir='ltr'><strong>ex</strong></span> <span class='ocrx_word' id='word_1_44' title='bbox 1207 952 1279 1024; x_wconf 75' lang='lat' dir='ltr'><strong>‚op</strong></span> 
     </span>
     <span class='ocr_line' id='line_1_7' title="bbox 20 1036 1279 1141; baseline -0.005 -25"><span class='ocrx_word' id='word_1_45' title='bbox 20 1042 87 1141; x_wconf 92' lang='lat' dir='ltr'><strong>pido</strong></span> <span class='ocrx_word' id='word_1_46' title='bbox 125 1039 397 1114; x_wconf 87' lang='lat' dir='ltr'><strong>advexerant</strong></span> <span class='ocrx_word' id='word_1_47' title='bbox 453 1037 515 1111; x_wconf 93' lang='lat' dir='ltr'><strong>Ille</strong></span> <span class='ocrx_word' id='word_1_48' title='bbox 550 1036 662 1128; x_wconf 91' lang='lat' dir='ltr'><strong>dona,</strong></span> <span class='ocrx_word' id='word_1_49' title='bbox 698 1048 739 1110; x_wconf 90' lang='lat' dir='ltr'><strong>ut</strong></span> <span class='ocrx_word' id='word_1_50' title='bbox 774 1037 820 1110; x_wconf 91' lang='lat' dir='ltr'><strong>ab</strong></span> <span class='ocrx_word' id='word_1_51' title='bbox 854 1037 991 1128; x_wconf 88' lang='lat' dir='ltr'><strong>amicis,</strong></span> <span class='ocrx_word' id='word_1_52' title='bbox 1022 1037 1134 1136; x_wconf 84' lang='lat' dir='ltr'><strong>accipi</strong></span> <span class='ocrx_word' id='word_1_53' title='bbox 1165 1037 1279 1128; x_wconf 91' lang='lat' dir='ltr'><strong>iussit,</strong></span> 
     </span>
     <span class='ocr_line' id='line_1_8' title="bbox 10 1145 1278 1252; baseline -0.006 -24"><span class='ocrx_word' id='word_1_54' title='bbox 10 1154 251 1252; x_wconf 73' lang='lat' dir='ltr'><strong>benigneque</strong></span> <span class='ocrx_word' id='word_1_55' title='bbox 283 1148 428 1246; x_wconf 84' lang='lat' dir='ltr'><strong>legatos</strong></span> <span class='ocrx_word' id='word_1_56' title='bbox 454 1149 639 1239; x_wconf 89' lang='lat' dir='ltr'><strong>allocutus,</strong></span> <span class='ocrx_word' id='word_1_57' title='bbox 665 1145 826 1238; x_wconf 90' lang='lat' dir='ltr'><strong>Herculi,</strong></span> <span class='ocrx_word' id='word_1_58' title='bbox 860 1173 966 1244; x_wconf 92' lang='lat' dir='ltr'><strong>quem</strong></span> <span class='ocrx_word' id='word_1_59' title='bbox 992 1148 1182 1246; x_wconf 88' lang='lat' dir='ltr'><strong>praecipue</strong></span> <span class='ocrx_word' id='word_1_60' title='bbox 1209 1147 1278 1247; x_wconf 92' lang='lat' dir='ltr'><strong>Ty·</strong></span> 
     </span>
     <span class='ocr_line' id='line_1_9' title="bbox 24 1256 1279 1356; baseline -0.005 -20"><span class='ocrx_word' id='word_1_61' title='bbox 24 1263 285 1350; x_wconf 86' lang='lat' dir='ltr'><strong>riicolerent,</strong></span> <span class='ocrx_word' id='word_1_62' title='bbox 328 1259 524 1332; x_wconf 86' lang='lat' dir='ltr'><strong>sacrificare</strong></span> <span class='ocrx_word' id='word_1_63' title='bbox 555 1259 650 1332; x_wconf 91' lang='lat' dir='ltr'><strong>velle</strong></span> <span class='ocrx_word' id='word_1_64' title='bbox 681 1284 721 1332; x_wconf 92' lang='lat' dir='ltr'><strong>se</strong></span> <span class='ocrx_word' id='word_1_65' title='bbox 753 1258 863 1331; x_wconf 86' lang='lat' dir='ltr'><strong>dixit:</strong></span> <span class='ocrx_word' id='word_1_66' title='bbox 901 1256 1140 1332; x_wconf 90' lang='lat' dir='ltr'><strong>Macedonum</strong></span> <span class='ocrx_word' id='word_1_67' title='bbox 1174 1283 1279 1356; x_wconf 85' lang='lat' dir='ltr'><strong>reges</strong></span> 
     </span>
     <span class='ocr_line' id='line_1_10' title="bbox 30 1368 1279 1468; baseline -0.003 -22"><span class='ocrx_word' id='word_1_68' title='bbox 30 1373 174 1463; x_wconf 70' lang='lat' dir='ltr'><strong>ardue,</strong></span> <span class='ocrx_word' id='word_1_69' title='bbox 201 1372 254 1444; x_wconf 87' lang='lat' dir='ltr'><strong>ab</strong></span> <span class='ocrx_word' id='word_1_70' title='bbox 288 1370 359 1442; x_wconf 91' lang='lat' dir='ltr'><strong>illo</strong></span> <span class='ocrx_word' id='word_1_71' title='bbox 386 1369 451 1442; x_wconf 89' lang='lat' dir='ltr'><strong>deo</strong></span> <span class='ocrx_word' id='word_1_72' title='bbox 475 1369 572 1468; x_wconf 88' lang='lat' dir='ltr'><strong>ipsos</strong></span> <span class='ocrx_word' id='word_1_73' title='bbox 598 1394 713 1467; x_wconf 85' lang='lat' dir='ltr'><strong>genus</strong></span> <span class='ocrx_word' id='word_1_74' title='bbox 741 1369 886 1459; x_wconf 89' lang='lat' dir='ltr'><strong>ducere,</strong></span> <span class='ocrx_word' id='word_1_75' title='bbox 918 1394 1071 1442; x_wconf 90' lang='lat' dir='ltr'><strong>severo</strong></span> <span class='ocrx_word' id='word_1_76' title='bbox 1098 1379 1140 1443; x_wconf 90' lang='lat' dir='ltr'><strong>ut</strong></span> <span class='ocrx_word' id='word_1_77' title='bbox 1165 1368 1203 1441; x_wconf 91' lang='lat' dir='ltr'><strong>id</strong></span> <span class='ocrx_word' id='word_1_78' title='bbox 1228 1369 1279 1442; x_wconf 86' lang='lat' dir='ltr'><strong>sa-</strong></span> 
     </span>
     <span class='ocr_line' id='line_1_11' title="bbox 10 1478 1277 1579; baseline -0.006 -21"><span class='ocrx_word' id='word_1_79' title='bbox 10 1491 112 1558; x_wconf 72' lang='lat' dir='ltr'><strong>lceret</strong></span> <span class='ocrx_word' id='word_1_80' title='bbox 136 1483 258 1556; x_wconf 88' lang='lat' dir='ltr'><strong>etiam</strong></span> <span class='ocrx_word' id='word_1_81' title='bbox 291 1480 442 1552; x_wconf 90' lang='lat' dir='ltr'><strong>oraculo</strong></span> <span class='ocrx_word' id='word_1_82' title='bbox 467 1481 652 1553; x_wconf 91' lang='lat' dir='ltr'><strong>monitum.</strong></span> <span class='ocrx_word' id='word_1_83' title='bbox 691 1479 819 1579; x_wconf 84' lang='lat' dir='ltr'><strong>Legati</strong></span> <span class='ocrx_word' id='word_1_84' title='bbox 843 1478 1074 1578; x_wconf 89' lang='lat' dir='ltr'><strong>respondent,</strong></span> <span class='ocrx_word' id='word_1_85' title='bbox 1094 1505 1173 1554; x_wconf 84' lang='lat' dir='ltr'><strong>esse</strong></span> <span class='ocrx_word' id='word_1_86' title='bbox 1190 1490 1277 1552; x_wconf 92' lang='lat' dir='ltr'><strong>tem·</strong></span> 
     </span>
     <span class='ocr_line' id='line_1_12' title="bbox 28 1588 1278 1692; baseline -0.003 -26"><span class='ocrx_word' id='word_1_87' title='bbox 28 1596 106 1692; x_wconf 89' lang='lat' dir='ltr'><strong>plum</strong></span> <span class='ocrx_word' id='word_1_88' title='bbox 130 1591 328 1668; x_wconf 89' lang='lat' dir='ltr'><strong>Herculis</strong></span> <span class='ocrx_word' id='word_1_89' title='bbox 359 1601 460 1663; x_wconf 82' lang='lat' dir='ltr'><strong>extra</strong></span> <span class='ocrx_word' id='word_1_90' title='bbox 484 1591 626 1681; x_wconf 89' lang='lat' dir='ltr'><strong>urbem,</strong></span> <span class='ocrx_word' id='word_1_91' title='bbox 653 1591 691 1663; x_wconf 93' lang='lat' dir='ltr'><strong>in</strong></span> <span class='ocrx_word' id='word_1_92' title='bbox 719 1616 762 1663; x_wconf 92' lang='lat' dir='ltr'><strong>ea</strong></span> <span class='ocrx_word' id='word_1_93' title='bbox 788 1589 889 1681; x_wconf 91' lang='lat' dir='ltr'><strong>sede,</strong></span> <span class='ocrx_word' id='word_1_94' title='bbox 925 1615 1033 1687; x_wconf 90' lang='lat' dir='ltr'><strong>quam</strong></span> <span class='ocrx_word' id='word_1_95' title='bbox 1057 1588 1278 1689; x_wconf 82' lang='lat' dir='ltr'><strong>Palaetyron</strong></span> 
     </span>
     <span class='ocr_line' id='line_1_13' title="bbox 10 1698 1279 1802; baseline -0.002 -26"><span class='ocrx_word' id='word_1_96' title='bbox 10 1706 72 1802; x_wconf 74' lang='lat' dir='ltr'><strong>lipsi</strong></span> <span class='ocrx_word' id='word_1_97' title='bbox 95 1714 270 1780; x_wconf 89' lang='lat' dir='ltr'><strong>vocent:</strong></span> <span class='ocrx_word' id='word_1_98' title='bbox 303 1701 359 1773; x_wconf 93' lang='lat' dir='ltr'><strong>ibi</strong></span> <span class='ocrx_word' id='word_1_99' title='bbox 384 1726 502 1799; x_wconf 86' lang='lat' dir='ltr'><strong>regem</strong></span> <span class='ocrx_word' id='word_1_100' title='bbox 527 1703 595 1776; x_wconf 93' lang='lat' dir='ltr'><strong>deo</strong></span> <span class='ocrx_word' id='word_1_101' title='bbox 623 1726 766 1775; x_wconf 91' lang='lat' dir='ltr'><strong>sacrum</strong></span> <span class='ocrx_word' id='word_1_102' title='bbox 791 1702 859 1775; x_wconf 91' lang='lat' dir='ltr'><strong>rite</strong></span> <span class='ocrx_word' id='word_1_103' title='bbox 885 1703 1073 1775; x_wconf 84' lang='lat' dir='ltr'><strong>facturum.</strong></span> <span class='ocrx_word' id='word_1_104' title='bbox 1118 1698 1201 1774; x_wconf 90' lang='lat' dir='ltr'><strong>Non</strong></span> <span class='ocrx_word' id='word_1_105' title='bbox 1227 1711 1279 1773; x_wconf 83' lang='lat' dir='ltr'><strong>te-</strong></span> 
     </span>
     <span class='ocr_line' id='line_1_14' title="bbox 24 1810 1279 1912; baseline -0.002 -25"><span class='ocrx_word' id='word_1_106' title='bbox 24 1817 78 1890; x_wconf 89' lang='lat' dir='ltr'><strong>nuit</strong></span> <span class='ocrx_word' id='word_1_107' title='bbox 102 1816 231 1905; x_wconf 85' lang='lat' dir='ltr'><strong>iram,</strong></span> <span class='ocrx_word' id='word_1_108' title='bbox 263 1812 378 1885; x_wconf 86' lang='lat' dir='ltr'><strong>cuius</strong></span> <span class='ocrx_word' id='word_1_109' title='bbox 403 1812 530 1908; x_wconf 90' lang='lat' dir='ltr'><strong>alioqui</strong></span> <span class='ocrx_word' id='word_1_110' title='bbox 554 1823 686 1912; x_wconf 88' lang='lat' dir='ltr'><strong>potens</strong></span> <span class='ocrx_word' id='word_1_111' title='bbox 711 1839 786 1886; x_wconf 94' lang='lat' dir='ltr'><strong>non</strong></span> <span class='ocrx_word' id='word_1_112' title='bbox 813 1822 899 1885; x_wconf 91' lang='lat' dir='ltr'><strong>erat.</strong></span> <span class='ocrx_word' id='word_1_113' title='bbox 951 1810 1094 1908; x_wconf 89' lang='lat' dir='ltr'><strong>Itaque,</strong></span> <span class='ocrx_word' id='word_1_114' title='bbox 1125 1836 1183 1885; x_wconf 83' lang='lat' dir='ltr'><strong>cos</strong></span> <span class='ocrx_word' id='word_1_115' title='bbox 1208 1811 1279 1910; x_wconf 80' lang='lat' dir='ltr'><strong>qui·</strong></span> 
     </span>
     <span class='ocr_line' id='line_1_15' title="bbox 23 1921 1278 2024; baseline -0.007 -23"><span class='ocrx_word' id='word_1_116' title='bbox 23 1927 82 2021; x_wconf 82' lang='lat' dir='ltr'><strong>dem,</strong></span> <span class='ocrx_word' id='word_1_117' title='bbox 95 1926 245 2024; x_wconf 86' lang='lat' dir='ltr'><strong>inquit,</strong></span> <span class='ocrx_word' id='word_1_118' title='bbox 262 1922 413 2022; x_wconf 70' lang='lat' dir='ltr'><strong>fiduciis</strong></span> <span class='ocrx_word' id='word_1_119' title='bbox 437 1922 505 2015; x_wconf 80' lang='lat' dir='ltr'><strong>loci,</strong></span> <span class='ocrx_word' id='word_1_120' title='bbox 530 1925 621 2024; x_wconf 81' lang='lat' dir='ltr'><strong>quod</strong></span> <span class='ocrx_word' id='word_1_121' title='bbox 645 1924 792 1997; x_wconf 65' lang='lat' dir='ltr'><strong>saroam</strong></span> <span class='ocrx_word' id='word_1_122' title='bbox 817 1921 966 2012; x_wconf 73' lang='lat' dir='ltr'><strong>israelitis,</strong></span> <span class='ocrx_word' id='word_1_123' title='bbox 978 1922 1167 2020; x_wconf 79' lang='lat' dir='ltr'><strong>pedestrem</strong></span> <span class='ocrx_word' id='word_1_124' title='bbox 1191 1921 1278 1993; x_wconf 76' lang='lat' dir='ltr'><strong>bura</strong></span> 
     </span>
     <span class='ocr_line' id='line_1_16' title="bbox 22 2032 1276 2133; baseline -0.006 -22"><span class='ocrx_word' id='word_1_125' title='bbox 22 2039 186 2114; x_wconf 74' lang='lat' dir='ltr'><strong>arceium</strong></span> <span class='ocrx_word' id='word_1_126' title='bbox 229 2032 425 2133; x_wconf 64' lang='lat' dir='ltr'><strong>speratis:</strong></span> <span class='ocrx_word' id='word_1_127' title='bbox 458 2033 516 2108; x_wconf 80' lang='lat' dir='ltr'><strong>secl</strong></span> <span class='ocrx_word' id='word_1_128' title='bbox 540 2033 634 2107; x_wconf 82' lang='lat' dir='ltr'><strong>brevi</strong></span> <span class='ocrx_word' id='word_1_129' title='bbox 657 2034 828 2108; x_wconf 79' lang='lat' dir='ltr'><strong>ostendum</strong></span> <span class='ocrx_word' id='word_1_130' title='bbox 854 2033 890 2106; x_wconf 82' lang='lat' dir='ltr'><strong>ia</strong></span> <span class='ocrx_word' id='word_1_131' title='bbox 915 2032 1091 2107; x_wconf 67' lang='lat' dir='ltr'><strong>aelami</strong></span> <span class='ocrx_word' id='word_1_132' title='bbox 1113 2055 1176 2127; x_wconf 44' lang='lat' dir='ltr'><strong>vos,</strong></span> <span class='ocrx_word' id='word_1_133' title='bbox 1196 2055 1276 2104; x_wconf 79' lang='lat' dir='ltr'><strong>esse.</strong></span> 
     </span>
     <span class='ocr_line' id='line_1_17' title="bbox 22 2142 1277 2241; baseline -0.007 -18"><span class='ocrx_word' id='word_1_134' title='bbox 22 2148 151 2225; x_wconf 81' lang='lat' dir='ltr'><strong>Proinde</strong></span> <span class='ocrx_word' id='word_1_135' title='bbox 182 2143 324 2222; x_wconf 70' lang='lat' dir='ltr'><strong>sciatis</strong></span> <span class='ocrx_word' id='word_1_136' title='bbox 355 2142 437 2235; x_wconf 78' lang='lat' dir='ltr'><strong>licet,</strong></span> <span class='ocrx_word' id='word_1_137' title='bbox 470 2156 527 2216; x_wconf 84' lang='lat' dir='ltr'><strong>out</strong></span> <span class='ocrx_word' id='word_1_138' title='bbox 551 2143 757 2217; x_wconf 65' lang='lat' dir='ltr'><strong>iteratorum</strong></span> <span class='ocrx_word' id='word_1_139' title='bbox 782 2169 834 2216; x_wconf 81' lang='lat' dir='ltr'><strong>rac</strong></span> <span class='ocrx_word' id='word_1_140' title='bbox 860 2144 987 2235; x_wconf 82' lang='lat' dir='ltr'><strong>orbern,</strong></span> <span class='ocrx_word' id='word_1_141' title='bbox 1022 2155 1082 2215; x_wconf 83' lang='lat' dir='ltr'><strong>aot</strong></span> <span class='ocrx_word' id='word_1_142' title='bbox 1105 2166 1277 2241; x_wconf 67' lang='lat' dir='ltr'><strong>oppopon-</strong></span> 
     </span>
     <span class='ocr_line' id='line_1_18' title="bbox 10 2252 1276 2352; baseline -0.006 -18"><span class='ocrx_word' id='word_1_143' title='bbox 10 2261 119 2336; x_wconf 60' lang='lat' dir='ltr'><strong>laam.</strong></span> <span class='ocrx_word' id='word_1_144' title='bbox 183 2255 301 2332; x_wconf 83' lang='lat' dir='ltr'><strong>Cum</strong></span> <span class='ocrx_word' id='word_1_145' title='bbox 330 2253 402 2326; x_wconf 89' lang='lat' dir='ltr'><strong>hoc</strong></span> <span class='ocrx_word' id='word_1_146' title='bbox 425 2278 597 2351; x_wconf 88' lang='lat' dir='ltr'><strong>responso</strong></span> <span class='ocrx_word' id='word_1_147' title='bbox 625 2253 790 2327; x_wconf 89' lang='lat' dir='ltr'><strong>dimissos</strong></span> <span class='ocrx_word' id='word_1_148' title='bbox 817 2278 964 2329; x_wconf 89' lang='lat' dir='ltr'><strong>monere</strong></span> <span class='ocrx_word' id='word_1_149' title='bbox 991 2252 1125 2352; x_wconf 89' lang='lat' dir='ltr'><strong>[amici]</strong></span> <span class='ocrx_word' id='word_1_150' title='bbox 1153 2278 1276 2351; x_wconf 91' lang='lat' dir='ltr'><strong>coepe·</strong></span> 
     </span>
    </p>
   </div>
   <div class='ocr_carea' id='block_1_3' title="bbox 24 2487 1281 4470">
    <p class='ocr_par' dir='ltr' id='par_1_3' title="bbox 24 2487 1281 4470">
     <span class='ocr_line' id='line_1_19' title="bbox 46 2487 1276 2564; baseline -0.007 -14"><span class='ocrx_word' id='word_1_151' title='bbox 46 2498 99 2564; x_wconf 60' lang='lat' dir='ltr'><strong>§.a</strong></span> <span class='ocrx_word' id='word_1_152' title='bbox 140 2495 242 2563; x_wconf 79' lang='lat' dir='ltr'><strong>Tyros</strong></span> <span class='ocrx_word' id='word_1_153' title='bbox 266 2499 298 2543; x_wconf 83' lang='lat' dir='ltr'><strong>et</strong></span> <span class='ocrx_word' id='word_1_154' title='bbox 318 2488 499 2556; x_wconf 69' lang='lat' dir='ltr'><strong>aspritudine</strong></span> <span class='ocrx_word' id='word_1_155' title='bbox 516 2497 541 2541; x_wconf 83' lang='lat' dir='ltr'><strong>et</strong></span> <span class='ocrx_word' id='word_1_156' title='bbox 558 2487 640 2541; x_wconf 85' lang='lat' dir='ltr'><strong>clori-</strong></span> <span class='ocrx_word' id='word_1_157' title='bbox 707 2489 1276 2558; x_wconf 68' lang='lat' dir='ltr'><strong>§.aiaeasedequam-oocent1Abla-</strong></span> 
     </span>
     <span class='ocr_line' id='line_1_20' title="bbox 24 2554 1273 2632; baseline -0.002 -18"><span class='ocrx_word' id='word_1_158' title='bbox 24 2567 67 2632; x_wconf 81' lang='lat' dir='ltr'><strong>tae]</strong></span> <span class='ocrx_word' id='word_1_159' title='bbox 96 2562 185 2618; x_wconf 84' lang='lat' dir='ltr'><strong>Edidi</strong></span> <span class='ocrx_word' id='word_1_160' title='bbox 207 2559 301 2632; x_wconf 89' lang='lat' dir='ltr'><strong>quod</strong></span> <span class='ocrx_word' id='word_1_161' title='bbox 320 2555 353 2609; x_wconf 87' lang='lat' dir='ltr'><strong>in</strong></span> <span class='ocrx_word' id='word_1_162' title='bbox 370 2554 500 2626; x_wconf 86' lang='lat' dir='ltr'><strong>plerisque</strong></span> <span class='ocrx_word' id='word_1_163' title='bbox 517 2555 639 2610; x_wconf 89' lang='lat' dir='ltr'><strong>omnibus</strong></span> <span class='ocrx_word' id='word_1_164' title='bbox 672 2555 740 2610; x_wconf 85' lang='lat' dir='ltr'><strong>tivos</strong></span> <span class='ocrx_word' id='word_1_165' title='bbox 763 2574 794 2609; x_wconf 87' lang='lat' dir='ltr'><strong>ea</strong></span> <span class='ocrx_word' id='word_1_166' title='bbox 817 2558 877 2609; x_wconf 83' lang='lat' dir='ltr'><strong>sede</strong></span> <span class='ocrx_word' id='word_1_167' title='bbox 895 2557 979 2611; x_wconf 82' lang='lat' dir='ltr'><strong>nostri</strong></span> <span class='ocrx_word' id='word_1_168' title='bbox 997 2564 1026 2610; x_wconf 90' lang='lat' dir='ltr'><strong>et</strong></span> <span class='ocrx_word' id='word_1_169' title='bbox 1043 2557 1124 2612; x_wconf 85' lang='lat' dir='ltr'><strong>Snak.</strong></span> <span class='ocrx_word' id='word_1_170' title='bbox 1143 2561 1219 2614; x_wconf 88' lang='lat' dir='ltr'><strong>codd.</strong></span> <span class='ocrx_word' id='word_1_171' title='bbox 1237 2560 1273 2611; x_wconf 88' lang='lat' dir='ltr'><strong>ad</strong></span> 
     </span>
     <span class='ocr_line' id='line_1_21' title="bbox 25 2623 1276 2692; baseline -0.003 -7"><span class='ocrx_word' id='word_1_172' title='bbox 25 2633 77 2686; x_wconf 76' lang='lat' dir='ltr'><strong>adt</strong></span> <span class='ocrx_word' id='word_1_173' title='bbox 93 2641 122 2687; x_wconf 89' lang='lat' dir='ltr'><strong>et</strong></span> <span class='ocrx_word' id='word_1_174' title='bbox 139 2630 215 2685; x_wconf 84' lang='lat' dir='ltr'><strong>meis</strong></span> <span class='ocrx_word' id='word_1_175' title='bbox 237 2635 276 2681; x_wconf 86' lang='lat' dir='ltr'><strong>et</strong></span> <span class='ocrx_word' id='word_1_176' title='bbox 300 2623 371 2679; x_wconf 89' lang='lat' dir='ltr'><strong>olim</strong></span> <span class='ocrx_word' id='word_1_177' title='bbox 388 2624 487 2678; x_wconf 86' lang='lat' dir='ltr'><strong>collatis</strong></span> <span class='ocrx_word' id='word_1_178' title='bbox 500 2623 560 2691; x_wconf 84' lang='lat' dir='ltr'><strong>firit,</strong></span> <span class='ocrx_word' id='word_1_179' title='bbox 578 2641 639 2677; x_wconf 88' lang='lat' dir='ltr'><strong>cum</strong></span> <span class='ocrx_word' id='word_1_180' title='bbox 672 2642 754 2677; x_wconf 88' lang='lat' dir='ltr'><strong>unum</strong></span> <span class='ocrx_word' id='word_1_181' title='bbox 772 2641 863 2677; x_wconf 87' lang='lat' dir='ltr'><strong>omnes</strong></span> <span class='ocrx_word' id='word_1_182' title='bbox 880 2633 1001 2692; x_wconf 90' lang='lat' dir='ltr'><strong>tuentur,</strong></span> <span class='ocrx_word' id='word_1_183' title='bbox 1019 2633 1050 2679; x_wconf 89' lang='lat' dir='ltr'><strong>ut</strong></span> <span class='ocrx_word' id='word_1_184' title='bbox 1067 2627 1162 2681; x_wconf 88' lang='lat' dir='ltr'><strong>mirum</strong></span> <span class='ocrx_word' id='word_1_185' title='bbox 1180 2629 1215 2683; x_wconf 91' lang='lat' dir='ltr'><strong>sit</strong></span> <span class='ocrx_word' id='word_1_186' title='bbox 1232 2645 1276 2681; x_wconf 88' lang='lat' dir='ltr'><strong>so·</strong></span> 
     </span>
     <span class='ocr_line' id='line_1_22' title="bbox 25 2692 1276 2781; baseline -0.005 -27"><span class='ocrx_word' id='word_1_187' title='bbox 25 2700 108 2781; x_wconf 73' lang='lat' dir='ltr'><strong>vnlgol</strong></span> <span class='ocrx_word' id='word_1_188' title='bbox 160 2709 215 2754; x_wconf 86' lang='lat' dir='ltr'><strong>tur</strong></span> <span class='ocrx_word' id='word_1_189' title='bbox 240 2697 349 2764; x_wconf 74' lang='lat' dir='ltr'><strong>Tyrus</strong></span> <span class='ocrx_word' id='word_1_190' title='bbox 369 2701 393 2745; x_wconf 83' lang='lat' dir='ltr'><strong>et</strong></span> <span class='ocrx_word' id='word_1_191' title='bbox 409 2695 471 2745; x_wconf 85' lang='lat' dir='ltr'><strong>cler.</strong></span> <span class='ocrx_word' id='word_1_192' title='bbox 490 2703 513 2746; x_wconf 78' lang='lat' dir='ltr'><strong>et</strong></span> <span class='ocrx_word' id='word_1_193' title='bbox 535 2692 639 2760; x_wconf 74' lang='lat' dir='ltr'><strong>moqni·</strong></span> <span class='ocrx_word' id='word_1_194' title='bbox 672 2692 775 2746; x_wconf 90' lang='lat' dir='ltr'><strong>loecum</strong></span> <span class='ocrx_word' id='word_1_195' title='bbox 792 2692 864 2746; x_wconf 91' lang='lat' dir='ltr'><strong>istud</strong></span> <span class='ocrx_word' id='word_1_196' title='bbox 881 2695 910 2746; x_wconf 85' lang='lat' dir='ltr'><strong>ia</strong></span> <span class='ocrx_word' id='word_1_197' title='bbox 925 2712 982 2748; x_wconf 86' lang='lat' dir='ltr'><strong>eum</strong></span> <span class='ocrx_word' id='word_1_198' title='bbox 998 2697 1276 2768; x_wconf 85' lang='lat' dir='ltr'><strong>sedemadhuc(prae·</strong></span> 
     </span>
     <span class='ocr_line' id='line_1_23' title="bbox 26 2760 1276 2830; baseline -0.002 -12"><span class='ocrx_word' id='word_1_199' title='bbox 26 2771 100 2823; x_wconf 68' lang='lat' dir='ltr'><strong>tusae.</strong></span> <span class='ocrx_word' id='word_1_200' title='bbox 151 2765 374 2822; x_wconf 82' lang='lat' dir='ltr'><strong>amGraeeam</strong></span> <span class='ocrx_word' id='word_1_201' title='bbox 382 2760 514 2813; x_wconf 89' lang='lat' dir='ltr'><strong>nominum</strong></span> <span class='ocrx_word' id='word_1_202' title='bbox 527 2762 639 2814; x_wconf 90' lang='lat' dir='ltr'><strong>formam</strong></span> <span class='ocrx_word' id='word_1_203' title='bbox 673 2768 716 2814; x_wconf 87' lang='lat' dir='ltr'><strong>ter</strong></span> <span class='ocrx_word' id='word_1_204' title='bbox 732 2760 865 2830; x_wconf 83' lang='lat' dir='ltr'><strong>Madian.)</strong></span> <span class='ocrx_word' id='word_1_205' title='bbox 888 2761 916 2814; x_wconf 91' lang='lat' dir='ltr'><strong>in</strong></span> <span class='ocrx_word' id='word_1_206' title='bbox 937 2763 997 2815; x_wconf 89' lang='lat' dir='ltr'><strong>edd.</strong></span> <span class='ocrx_word' id='word_1_207' title='bbox 1020 2762 1172 2817; x_wconf 86' lang='lat' dir='ltr'><strong>obtinuisse.</strong></span> <span class='ocrx_word' id='word_1_208' title='bbox 1208 2769 1276 2818; x_wconf 83' lang='lat' dir='ltr'><strong>Item</strong></span> 
     </span>
     <span class='ocr_line' id='line_1_24' title="bbox 28 2827 1277 2909; baseline 0 -24"><span class='ocrx_word' id='word_1_209' title='bbox 28 2834 112 2892; x_wconf 69' lang='lat' dir='ltr'><strong>Cutius</strong></span> <span class='ocrx_word' id='word_1_210' title='bbox 129 2844 221 2903; x_wconf 71' lang='lat' dir='ltr'><strong>mat,</strong></span> <span class='ocrx_word' id='word_1_211' title='bbox 244 2845 426 2908; x_wconf 72' lang='lat' dir='ltr'><strong>quamquam</strong></span> <span class='ocrx_word' id='word_1_212' title='bbox 441 2832 469 2882; x_wconf 83' lang='lat' dir='ltr'><strong>tn</strong></span> <span class='ocrx_word' id='word_1_213' title='bbox 486 2827 639 2908; x_wconf 67' lang='lat' dir='ltr'><strong>accuratim</strong></span> <span class='ocrx_word' id='word_1_214' title='bbox 674 2830 745 2899; x_wconf 91' lang='lat' dir='ltr'><strong>quod</strong></span> <span class='ocrx_word' id='word_1_215' title='bbox 770 2845 797 2881; x_wconf 88' lang='lat' dir='ltr'><strong>se</strong></span> <span class='ocrx_word' id='word_1_216' title='bbox 817 2829 891 2882; x_wconf 86' lang='lat' dir='ltr'><strong>uitur</strong></span> <span class='ocrx_word' id='word_1_217' title='bbox 913 2840 1006 2909; x_wconf 37' lang='lat' dir='ltr'><strong>vocent·</strong></span> <span class='ocrx_word' id='word_1_218' title='bbox 1024 2838 1053 2883; x_wconf 90' lang='lat' dir='ltr'><strong>et</strong></span> <span class='ocrx_word' id='word_1_219' title='bbox 1070 2849 1131 2885; x_wconf 87' lang='lat' dir='ltr'><strong>usus</strong></span> <span class='ocrx_word' id='word_1_220' title='bbox 1149 2831 1277 2886; x_wconf 84' lang='lat' dir='ltr'><strong>sermonis</strong></span> 
     </span>
     <span class='ocr_line' id='line_1_25' title="bbox 29 2846 1276 3023; baseline -0.002 0"><span class='ocrx_word' id='word_1_221' title='bbox 29 2906 178 3023; x_wconf 61' lang='lat' dir='ltr'><strong>rer</strong></span> <span class='ocrx_word' id='word_1_222' title='bbox 210 2905 575 3020; x_wconf 60' lang='lat' dir='ltr'><strong>qm</strong></span> <span class='ocrx_word' id='word_1_223' title='bbox 600 2911 639 3017; x_wconf 71' lang='lat' dir='ltr'><strong>rt</strong></span> <span class='ocrx_word' id='word_1_224' title='bbox 672 2897 784 3018; x_wconf 69' lang='lat' dir='ltr'><strong>rar</strong></span> <span class='ocrx_word' id='word_1_225' title='bbox 799 2846 1154 3020; x_wconf 46' lang='lat' dir='ltr'><strong>inesse-as</strong></span> <span class='ocrx_word' id='word_1_226' title='bbox 1169 2900 1276 3023; x_wconf 60' lang='lat' dir='ltr'><strong>tr·</strong></span> 
     </span>
     <span class='ocr_line' id='line_1_26' title="bbox 33 2969 1276 3112; baseline -0.002 -22"><span class='ocrx_word' id='word_1_227' title='bbox 33 2991 91 3108; x_wconf 66' lang='lat' dir='ltr'><strong>apid</strong></span> <span class='ocrx_word' id='word_1_228' title='bbox 98 2976 194 3094; x_wconf 49' lang='grc' dir='ltr'><strong>Ἴψῳ</strong></span> <span class='ocrx_word' id='word_1_229' title='bbox 213 2985 356 3104; x_wconf 61' lang='grc' dir='ltr'><strong>Ῑέἐοτς.’</strong></span> <span class='ocrx_word' id='word_1_230' title='bbox 366 3047 409 3099; x_wconf 83' lang='lat' dir='ltr'><strong>IV,</strong></span> <span class='ocrx_word' id='word_1_231' title='bbox 427 3005 485 3088; x_wconf 74' lang='grc' dir='ltr'><strong>21οῘ</strong></span> <span class='ocrx_word' id='word_1_232' title='bbox 546 2982 639 3112; x_wconf 48' lang='grc' dir='ltr'><strong>ΜΗ</strong></span> <span class='ocrx_word' id='word_1_233' title='bbox 675 2984 856 3102; x_wconf 64' lang='lat' dir='ltr'><strong>(etiamrdpud</strong></span> <span class='ocrx_word' id='word_1_234' title='bbox 873 2969 1140 3103; x_wconf 61' lang='lat' dir='ltr'><strong>Modiuin)pvi⁵cant.&#39;</strong></span> <span class='ocrx_word' id='word_1_235' title='bbox 1241 2986 1276 3039; x_wconf 68' lang='lat' dir='ltr'><strong>go</strong></span> 
     </span>
     <span class='ocr_line' id='line_1_27' title="bbox 63 3100 1277 3172; baseline -0.003 -12"><span class='ocrx_word' id='word_1_236' title='bbox 63 3110 146 3161; x_wconf 78' lang='lat' dir='ltr'><strong>denras</strong></span> <span class='ocrx_word' id='word_1_237' title='bbox 204 3110 247 3163; x_wconf 80' lang='lat' dir='ltr'><strong>eti</strong></span> <span class='ocrx_word' id='word_1_238' title='bbox 269 3117 378 3159; x_wconf 86' lang='lat' dir='ltr'><strong>omnes</strong></span> <span class='ocrx_word' id='word_1_239' title='bbox 396 3102 470 3154; x_wconf 85' lang='lat' dir='ltr'><strong>codd</strong></span> <span class='ocrx_word' id='word_1_240' title='bbox 487 3101 641 3167; x_wconf 86' lang='lat' dir='ltr'><strong>mes.,edrt1</strong></span> <span class='ocrx_word' id='word_1_241' title='bbox 708 3101 868 3168; x_wconf 80' lang='lat' dir='ltr'><strong>Palaetyron</strong></span> <span class='ocrx_word' id='word_1_242' title='bbox 878 3100 947 3152; x_wconf 86' lang='lat' dir='ltr'><strong>banc</strong></span> <span class='ocrx_word' id='word_1_243' title='bbox 957 3100 1056 3154; x_wconf 86' lang='lat' dir='ltr'><strong>Strabo</strong></span> <span class='ocrx_word' id='word_1_244' title='bbox 1069 3102 1087 3154; x_wconf 93' lang='lat' dir='ltr'><strong>l.</strong></span> <span class='ocrx_word' id='word_1_245' title='bbox 1096 3117 1150 3154; x_wconf 84' lang='lat' dir='ltr'><strong>xvr</strong></span> <span class='ocrx_word' id='word_1_246' title='bbox 1163 3102 1277 3172; x_wconf 80' lang='lat' dir='ltr'><strong>triginta</strong></span> 
     </span>
     <span class='ocr_line' id='line_1_28' title="bbox 39 3168 1277 3242; baseline -0.004 -13"><span class='ocrx_word' id='word_1_247' title='bbox 39 3174 103 3242; x_wconf 63' lang='lat' dir='ltr'><strong>lusti</strong></span> <span class='ocrx_word' id='word_1_248' title='bbox 124 3179 226 3230; x_wconf 72' lang='lat' dir='ltr'><strong>donem</strong></span> <span class='ocrx_word' id='word_1_249' title='bbox 271 3173 358 3227; x_wconf 86' lang='lat' dir='ltr'><strong>Post</strong></span> <span class='ocrx_word' id='word_1_250' title='bbox 380 3169 459 3239; x_wconf 89' lang='lat' dir='ltr'><strong>paulo</strong></span> <span class='ocrx_word' id='word_1_251' title='bbox 481 3173 641 3222; x_wconf 75' lang='lat' dir='ltr'><strong>advexerant</strong></span> <span class='ocrx_word' id='word_1_252' title='bbox 675 3168 761 3222; x_wconf 83' lang='lat' dir='ltr'><strong>stadia</strong></span> <span class='ocrx_word' id='word_1_253' title='bbox 778 3186 794 3220; x_wconf 92' lang='lat' dir='ltr'><strong>a</strong></span> <span class='ocrx_word' id='word_1_254' title='bbox 812 3168 885 3237; x_wconf 85' lang='lat' dir='ltr'><strong>Tyro</strong></span> <span class='ocrx_word' id='word_1_255' title='bbox 903 3170 994 3222; x_wconf 90' lang='lat' dir='ltr'><strong>abesse</strong></span> <span class='ocrx_word' id='word_1_256' title='bbox 1011 3168 1039 3221; x_wconf 91' lang='lat' dir='ltr'><strong>in</strong></span> <span class='ocrx_word' id='word_1_257' title='bbox 1057 3171 1205 3224; x_wconf 88' lang='lat' dir='ltr'><strong>continenti</strong></span> <span class='ocrx_word' id='word_1_258' title='bbox 1222 3188 1277 3225; x_wconf 89' lang='lat' dir='ltr'><strong>me-</strong></span> 
     </span>
     <span class='ocr_line' id='line_1_29' title="bbox 37 3234 986 3305; baseline -0.003 -12"><span class='ocrx_word' id='word_1_259' title='bbox 37 3239 100 3297; x_wconf 87' lang='lat' dir='ltr'><strong>Bem.</strong></span> <span class='ocrx_word' id='word_1_260' title='bbox 116 3245 142 3298; x_wconf 77' lang='lat' dir='ltr'>A</span> <span class='ocrx_word' id='word_1_261' title='bbox 156 3245 231 3299; x_wconf 84' lang='lat' dir='ltr'><strong>Flor.</strong></span> <span class='ocrx_word' id='word_1_262' title='bbox 252 3236 378 3296; x_wconf 85' lang='lat' dir='ltr'>ABOD</span> <span class='ocrx_word' id='word_1_263' title='bbox 402 3245 430 3290; x_wconf 88' lang='lat' dir='ltr'><strong>et</strong></span> <span class='ocrx_word' id='word_1_264' title='bbox 447 3234 641 3305; x_wconf 84' lang='lat' dir='ltr'><strong>Snakenburgii</strong></span> <span class='ocrx_word' id='word_1_265' title='bbox 675 3237 769 3291; x_wconf 91' lang='lat' dir='ltr'><strong>ridiem</strong></span> <span class='ocrx_word' id='word_1_266' title='bbox 785 3253 876 3289; x_wconf 77' lang='lat' dir='ltr'><strong>versus</strong></span> <span class='ocrx_word' id='word_1_267' title='bbox 894 3236 986 3290; x_wconf 86' lang='lat' dir='ltr'><strong>tradit.</strong></span> 
     </span>
     <span class='ocr_line' id='line_1_30' title="bbox 35 3304 1278 3384; baseline -0.003 -20"><span class='ocrx_word' id='word_1_268' title='bbox 35 3317 85 3379; x_wconf 85' lang='lat' dir='ltr'><strong>tres,</strong></span> <span class='ocrx_word' id='word_1_269' title='bbox 107 3315 175 3384; x_wconf 84' lang='lat' dir='ltr'><strong>quod</strong></span> <span class='ocrx_word' id='word_1_270' title='bbox 192 3311 305 3384; x_wconf 80' lang='lat' dir='ltr'><strong>aptius</strong></span> <span class='ocrx_word' id='word_1_271' title='bbox 326 3313 405 3359; x_wconf 83' lang='lat' dir='ltr'><strong>reete</strong></span> <span class='ocrx_word' id='word_1_272' title='bbox 421 3305 525 3360; x_wconf 90' lang='lat' dir='ltr'><strong>Modius</strong></span> <span class='ocrx_word' id='word_1_273' title='bbox 543 3304 641 3359; x_wconf 84' lang='lat' dir='ltr'><strong>iudica·</strong></span> <span class='ocrx_word' id='word_1_274' title='bbox 712 3310 734 3374; x_wconf 67' lang='grc' dir='ltr'><strong>ξ.</strong></span> <span class='ocrx_word' id='word_1_275' title='bbox 754 3312 778 3358; x_wconf 83' lang='grc'><strong>5.</strong></span> <span class='ocrx_word' id='word_1_276' title='bbox 796 3323 848 3358; x_wconf 80' lang='lat' dir='ltr'><strong>noa</strong></span> <span class='ocrx_word' id='word_1_277' title='bbox 865 3307 952 3374; x_wconf 50' lang='lat' dir='ltr'><strong>,tenuit</strong></span> <span class='ocrx_word' id='word_1_278' title='bbox 970 3307 1052 3373; x_wconf 85' lang='lat' dir='ltr'><strong>iram,</strong></span> <span class='ocrx_word' id='word_1_279' title='bbox 1078 3308 1152 3361; x_wconf 73' lang='lat' dir='ltr'><strong>caiae</strong></span> <span class='ocrx_word' id='word_1_280' title='bbox 1176 3309 1278 3376; x_wconf 76' lang='lat' dir='ltr'><strong>alioqui</strong></span> 
     </span>
     <span class='ocr_line' id='line_1_31' title="bbox 33 3371 1278 3453; baseline -0.005 -18"><span class='ocrx_word' id='word_1_281' title='bbox 33 3378 151 3453; x_wconf 73' lang='lat' dir='ltr'><strong>utquam</strong></span> <span class='ocrx_word' id='word_1_282' title='bbox 170 3381 257 3453; x_wconf 87' lang='lat' dir='ltr'><strong>quod</strong></span> <span class='ocrx_word' id='word_1_283' title='bbox 278 3375 375 3443; x_wconf 81' lang='lat' dir='ltr'><strong>vulgo</strong></span> <span class='ocrx_word' id='word_1_284' title='bbox 391 3373 528 3444; x_wconf 78' lang='lat' dir='ltr'><strong>legebatur</strong></span> <span class='ocrx_word' id='word_1_285' title='bbox 545 3373 573 3426; x_wconf 90' lang='lat' dir='ltr'><strong>in</strong></span> <span class='ocrx_word' id='word_1_286' title='bbox 586 3371 642 3424; x_wconf 93' lang='lat' dir='ltr'><strong>edi-</strong></span> <span class='ocrx_word' id='word_1_287' title='bbox 677 3377 739 3443; x_wconf 83' lang='lat' dir='ltr'><strong>cet]</strong></span> <span class='ocrx_word' id='word_1_288' title='bbox 759 3372 901 3428; x_wconf 89' lang='lat' dir='ltr'><strong>Omisimus</strong></span> <span class='ocrx_word' id='word_1_289' title='bbox 910 3375 980 3445; x_wconf 92' lang='lat' dir='ltr'><strong>quod</strong></span> <span class='ocrx_word' id='word_1_290' title='bbox 990 3391 1086 3428; x_wconf 87' lang='lat' dir='ltr'><strong>nomen</strong></span> <span class='ocrx_word' id='word_1_291' title='bbox 1103 3375 1184 3446; x_wconf 84' lang='lat' dir='ltr'><strong>vulgo</strong></span> <span class='ocrx_word' id='word_1_292' title='bbox 1202 3375 1278 3429; x_wconf 87' lang='lat' dir='ltr'><strong>addi-</strong></span> 
     </span>
     <span class='ocr_line' id='line_1_32' title="bbox 32 3443 1278 3515; baseline -0.002 -14"><span class='ocrx_word' id='word_1_293' title='bbox 32 3447 249 3505; x_wconf 79' lang='lat' dir='ltr'><strong>tisaddaserant.</strong></span> <span class='ocrx_word' id='word_1_294' title='bbox 296 3443 351 3498; x_wconf 84' lang='lat' dir='ltr'><strong>Sic</strong></span> <span class='ocrx_word' id='word_1_295' title='bbox 369 3456 409 3508; x_wconf 81' lang='lat' dir='ltr'><strong>vr,</strong></span> <span class='ocrx_word' id='word_1_296' title='bbox 428 3449 442 3496; x_wconf 78' lang='grc'><strong>6</strong></span> <span class='ocrx_word' id='word_1_297' title='bbox 460 3443 642 3497; x_wconf 78' lang='lat' dir='ltr'><strong>commeatibus</strong></span> <span class='ocrx_word' id='word_1_298' title='bbox 676 3450 721 3496; x_wconf 85' lang='lat' dir='ltr'><strong>tur</strong></span> <span class='ocrx_word' id='word_1_299' title='bbox 738 3444 807 3495; x_wconf 85' lang='lat' dir='ltr'><strong>iram</strong></span> <span class='ocrx_word' id='word_1_300' title='bbox 825 3443 994 3509; x_wconf 77' lang='lat' dir='ltr'><strong>Alexander,</strong></span> <span class='ocrx_word' id='word_1_301' title='bbox 1017 3445 1088 3514; x_wconf 91' lang='lat' dir='ltr'><strong>quod</strong></span> <span class='ocrx_word' id='word_1_302' title='bbox 1105 3452 1133 3498; x_wconf 90' lang='lat' dir='ltr'><strong>et</strong></span> <span class='ocrx_word' id='word_1_303' title='bbox 1151 3463 1167 3498; x_wconf 89' lang='lat' dir='ltr'><strong>a</strong></span> <span class='ocrx_word' id='word_1_304' title='bbox 1183 3445 1278 3515; x_wconf 88' lang='lat' dir='ltr'><strong>pleris-</strong></span> 
     </span>
     <span class='ocr_line' id='line_1_33' title="bbox 31 3509 1277 3588; baseline -0.001 -20"><span class='ocrx_word' id='word_1_305' title='bbox 31 3521 120 3588; x_wconf 79' lang='lat' dir='ltr'><strong>sadiqae</strong></span> <span class='ocrx_word' id='word_1_306' title='bbox 137 3518 289 3575; x_wconf 74' lang='lat' dir='ltr'><strong>advectis.</strong></span> <span class='ocrx_word' id='word_1_307' title='bbox 677 3527 729 3581; x_wconf 91' lang='lat' dir='ltr'><strong>que</strong></span> <span class='ocrx_word' id='word_1_308' title='bbox 751 3518 779 3563; x_wconf 86' lang='lat' dir='ltr'><strong>et</strong></span> <span class='ocrx_word' id='word_1_309' title='bbox 803 3528 820 3564; x_wconf 90' lang='lat'><strong>0</strong></span> <span class='ocrx_word' id='word_1_310' title='bbox 840 3509 910 3563; x_wconf 92' lang='lat' dir='ltr'><strong>timis</strong></span> <span class='ocrx_word' id='word_1_311' title='bbox 927 3511 1000 3564; x_wconf 87' lang='lat' dir='ltr'><strong>libris</strong></span> <span class='ocrx_word' id='word_1_312' title='bbox 1033 3511 1277 3584; x_wconf 82' lang='lat' dir='ltr'><strong>Suekenburgianis</strong></span> 
     </span>
     <span class='ocr_line' id='line_1_34' title="bbox 53 3579 1277 3658; baseline -0.007 -14"><span class='ocrx_word' id='word_1_313' title='bbox 53 3589 70 3654; x_wconf 77' lang='lat'><strong>§-</strong></span> <span class='ocrx_word' id='word_1_314' title='bbox 83 3596 106 3643; x_wconf 80' lang='grc'><strong>3.</strong></span> <span class='ocrx_word' id='word_1_315' title='bbox 140 3587 356 3642; x_wconf 82' lang='lat' dir='ltr'><strong>Macedonum</strong></span> <span class='ocrx_word' id='word_1_316' title='bbox 378 3582 460 3648; x_wconf 69' lang='lat' dir='ltr'><strong>reyes]</strong></span> <span class='ocrx_word' id='word_1_317' title='bbox 502 3579 577 3633; x_wconf 87' lang='lat' dir='ltr'><strong>Nota</strong></span> <span class='ocrx_word' id='word_1_318' title='bbox 593 3595 642 3658; x_wconf 66' lang='lat' dir='ltr'><strong>⁸res</strong></span> <span class='ocrx_word' id='word_1_319' title='bbox 676 3579 761 3632; x_wconf 85' lang='lat' dir='ltr'><strong>tribus</strong></span> <span class='ocrx_word' id='word_1_320' title='bbox 779 3587 808 3632; x_wconf 87' lang='lat' dir='ltr'><strong>et</strong></span> <span class='ocrx_word' id='word_1_321' title='bbox 850 3597 906 3632; x_wconf 89' lang='lat' dir='ltr'><strong>ern.</strong></span> <span class='ocrx_word' id='word_1_322' title='bbox 922 3580 949 3632; x_wconf 83' lang='lat' dir='ltr'>A</span> <span class='ocrx_word' id='word_1_323' title='bbox 966 3589 995 3632; x_wconf 86' lang='lat' dir='ltr'><strong>et</strong></span> <span class='ocrx_word' id='word_1_324' title='bbox 1035 3580 1083 3635; x_wconf 90' lang='lat' dir='ltr'><strong>lor.</strong></span> <span class='ocrx_word' id='word_1_325' title='bbox 1101 3591 1208 3652; x_wconf 83' lang='lat' dir='ltr'><strong>praeter</strong></span> <span class='ocrx_word' id='word_1_326' title='bbox 1227 3582 1277 3637; x_wconf 87' lang='lat' dir='ltr'><strong>CD</strong></span> 
     </span>
     <span class='ocr_line' id='line_1_35' title="bbox 30 3647 1278 3727; baseline -0.002 -21"><span class='ocrx_word' id='word_1_327' title='bbox 30 3663 67 3721; x_wconf 84' lang='lat' dir='ltr'><strong>et,</strong></span> <span class='ocrx_word' id='word_1_328' title='bbox 84 3657 208 3727; x_wconf 82' lang='lat' dir='ltr'><strong>primum</strong></span> <span class='ocrx_word' id='word_1_329' title='bbox 231 3647 431 3706; x_wconf 81' lang='lat' dir='ltr'><strong>Macedonum</strong></span> <span class='ocrx_word' id='word_1_330' title='bbox 453 3663 482 3700; x_wconf 90' lang='lat' dir='ltr'><strong>re</strong></span> <span class='ocrx_word' id='word_1_331' title='bbox 500 3664 542 3700; x_wconf 88' lang='lat' dir='ltr'><strong>em</strong></span> <span class='ocrx_word' id='word_1_332' title='bbox 564 3648 643 3700; x_wconf 87' lang='lat' dir='ltr'><strong>finsse</strong></span> <span class='ocrx_word' id='word_1_333' title='bbox 676 3655 704 3701; x_wconf 90' lang='lat' dir='ltr'><strong>et</strong></span> <span class='ocrx_word' id='word_1_334' title='bbox 727 3665 810 3699; x_wconf 86' lang='lat' dir='ltr'><strong>mar.</strong></span> <span class='ocrx_word' id='word_1_335' title='bbox 834 3647 858 3699; x_wconf 83' lang='lat' dir='ltr'>E</span> <span class='ocrx_word' id='word_1_336' title='bbox 885 3647 1017 3713; x_wconf 82' lang='lat' dir='ltr'><strong>omnibus)</strong></span> <span class='ocrx_word' id='word_1_337' title='bbox 1047 3650 1130 3715; x_wconf 30' lang='lat' dir='ltr'><strong>abest·</strong></span> <span class='ocrx_word' id='word_1_338' title='bbox 1147 3658 1175 3703; x_wconf 91' lang='lat' dir='ltr'><strong>et</strong></span> <span class='ocrx_word' id='word_1_339' title='bbox 1202 3650 1278 3703; x_wconf 86' lang='lat' dir='ltr'><strong>facile</strong></span> 
     </span>
     <span class='ocr_line' id='line_1_36' title="bbox 31 3665 1278 3796; baseline 0.002 -27"><span class='ocrx_word' id='word_1_340' title='bbox 31 3719 154 3793; x_wconf 59' lang='lat' dir='ltr'><strong>cunnum,</strong></span> <span class='ocrx_word' id='word_1_341' title='bbox 194 3730 338 3796; x_wconf 76' lang='lat' dir='ltr'><strong>eumque</strong></span> <span class='ocrx_word' id='word_1_342' title='bbox 398 3733 453 3794; x_wconf 36' lang='lat' dir='ltr'><strong>,nus</strong></span> <span class='ocrx_word' id='word_1_343' title='bbox 482 3665 581 3795; x_wconf 76' lang='lat' dir='ltr'><strong>ducere</strong></span> <span class='ocrx_word' id='word_1_344' title='bbox 608 3716 641 3768; x_wconf 88' lang='lat' dir='ltr'><strong>ab</strong></span> <span class='ocrx_word' id='word_1_345' title='bbox 677 3665 952 3794; x_wconf 29' lang='lat' dir='ltr'><strong>subinteliigiupotest.</strong></span> <span class='ocrx_word' id='word_1_346' title='bbox 988 3716 1087 3770; x_wconf 85' lang='lat' dir='ltr'><strong>Statim</strong></span> <span class='ocrx_word' id='word_1_347' title='bbox 1103 3718 1204 3787; x_wconf 81' lang='lat' dir='ltr'><strong>alioqui</strong></span> <span class='ocrx_word' id='word_1_348' title='bbox 1221 3719 1278 3771; x_wconf 89' lang='lat' dir='ltr'><strong>sine</strong></span> 
     </span>
     <span class='ocr_line' id='line_1_37' title="bbox 30 3783 1277 3864; baseline -0.004 -22"><span class='ocrx_word' id='word_1_349' title='bbox 30 3787 132 3849; x_wconf 78' lang='lat' dir='ltr'><strong>Hercule:</strong></span> <span class='ocrx_word' id='word_1_350' title='bbox 158 3792 226 3846; x_wconf 90' lang='lat' dir='ltr'><strong>vid.</strong></span> <span class='ocrx_word' id='word_1_351' title='bbox 254 3784 351 3841; x_wconf 76' lang='lat' dir='ltr'><strong>Diod.</strong></span> <span class='ocrx_word' id='word_1_352' title='bbox 396 3800 427 3837; x_wconf 84' lang='lat' dir='ltr'><strong>rc.</strong></span> <span class='ocrx_word' id='word_1_353' title='bbox 487 3783 571 3837; x_wconf 81' lang='lat' dir='ltr'><strong>,hbrr</strong></span> <span class='ocrx_word' id='word_1_354' title='bbox 588 3798 641 3850; x_wconf 87' lang='lat' dir='ltr'><strong>vn,</strong></span> <span class='ocrx_word' id='word_1_355' title='bbox 676 3784 768 3836; x_wconf 83' lang='lat' dir='ltr'><strong>httera</strong></span> <span class='ocrx_word' id='word_1_356' title='bbox 793 3803 811 3835; x_wconf 82' lang='lat' dir='ltr'><strong>a</strong></span> <span class='ocrx_word' id='word_1_357' title='bbox 837 3802 865 3836; x_wconf 87' lang='lat' dir='ltr'><strong>m</strong></span> <span class='ocrx_word' id='word_1_358' title='bbox 891 3784 1059 3864; x_wconf 87' lang='lat' dir='ltr'><strong>paucioribus</strong></span> <span class='ocrx_word' id='word_1_359' title='bbox 1093 3786 1199 3856; x_wconf 87' lang='lat' dir='ltr'><strong>quidem</strong></span> <span class='ocrx_word' id='word_1_360' title='bbox 1231 3787 1277 3839; x_wconf 90' lang='lat' dir='ltr'><strong>sed</strong></span> 
     </span>
     <span class='ocr_line' id='line_1_38' title="bbox 31 3851 1277 3923; baseline -0.006 -11"><span class='ocrx_word' id='word_1_361' title='bbox 31 3863 74 3913; x_wconf 77' lang='lat' dir='ltr'><strong>bn.</strong></span> <span class='ocrx_word' id='word_1_362' title='bbox 88 3878 120 3915; x_wconf 90' lang='lat' dir='ltr'><strong>1v</strong></span> <span class='ocrx_word' id='word_1_363' title='bbox 138 3861 216 3915; x_wconf 86' lang='lat' dir='ltr'><strong>edit.</strong></span> <span class='ocrx_word' id='word_1_364' title='bbox 239 3853 426 3923; x_wconf 81' lang='lat' dir='ltr'><strong>Bip.p.1e.</strong></span> <span class='ocrx_word' id='word_1_365' title='bbox 474 3851 643 3904; x_wconf 82' lang='lat' dir='ltr'><strong>rcesimuma</strong></span> <span class='ocrx_word' id='word_1_366' title='bbox 676 3851 836 3905; x_wconf 87' lang='lat' dir='ltr'><strong>fidelioribus</strong></span> <span class='ocrx_word' id='word_1_367' title='bbox 845 3851 1277 3922; x_wconf 85' lang='lat' dir='ltr'><strong>libr1s(Bern.AFlor.ABLcid.</strong></span> 
     </span>
     <span class='ocr_line' id='line_1_39' title="bbox 30 3919 1277 3990; baseline -0.004 -12"><span class='ocrx_word' id='word_1_368' title='bbox 30 3923 109 3986; x_wconf 73' lang='lat' dir='ltr'><strong>Cauno</strong></span> <span class='ocrx_word' id='word_1_369' title='bbox 131 3930 227 3984; x_wconf 82' lang='lat' dir='ltr'><strong>fuisse</strong></span> <span class='ocrx_word' id='word_1_370' title='bbox 248 3924 396 3979; x_wconf 80' lang='lat' dir='ltr'><strong>Perseum</strong></span> <span class='ocrx_word' id='word_1_371' title='bbox 416 3919 535 3972; x_wconf 89' lang='lat' dir='ltr'><strong>ultimum</strong></span> <span class='ocrx_word' id='word_1_372' title='bbox 553 3920 642 3973; x_wconf 90' lang='lat' dir='ltr'><strong>Mace·</strong></span> <span class='ocrx_word' id='word_1_373' title='bbox 676 3921 753 3974; x_wconf 91' lang='lat' dir='ltr'><strong>Voss.</strong></span> <span class='ocrx_word' id='word_1_374' title='bbox 773 3924 799 3986; x_wconf 84' lang='lat'><strong>1)</strong></span> <span class='ocrx_word' id='word_1_375' title='bbox 827 3919 965 3987; x_wconf 81' lang='lat' dir='ltr'><strong>scribitur,</strong></span> <span class='ocrx_word' id='word_1_376' title='bbox 984 3938 1095 3990; x_wconf 83' lang='lat' dir='ltr'><strong>eamque</strong></span> <span class='ocrx_word' id='word_1_377' title='bbox 1112 3920 1277 3974; x_wconf 82' lang='lat' dir='ltr'><strong>auctoritatis</strong></span> 
     </span>
     <span class='ocr_line' id='line_1_40' title="bbox 29 3987 1277 4108; baseline -0.005 -62"><span class='ocrx_word' id='word_1_378' title='bbox 29 3993 98 4053; x_wconf 70' lang='lat' dir='ltr'><strong>droise</strong></span> <span class='ocrx_word' id='word_1_379' title='bbox 115 4014 224 4068; x_wconf 67' lang='lat' dir='ltr'><strong>mgem</strong></span> <span class='ocrx_word' id='word_1_380' title='bbox 246 3989 411 4066; x_wconf 56' lang='lat' dir='ltr'><strong>mvnxlv’</strong></span> <span class='ocrx_word' id='word_1_381' title='bbox 430 3995 444 4041; x_wconf 88' lang='grc'>9</span> <span class='ocrx_word' id='word_1_382' title='bbox 462 3988 552 4041; x_wconf 89' lang='lat' dir='ltr'><strong>tradit.</strong></span> <span class='ocrx_word' id='word_1_383' title='bbox 589 3987 643 4041; x_wconf 89' lang='lat' dir='ltr'><strong>Sed</strong></span> <span class='ocrx_word' id='word_1_384' title='bbox 677 3988 806 4043; x_wconf 89' lang='lat' dir='ltr'><strong>rationem</strong></span> <span class='ocrx_word' id='word_1_385' title='bbox 824 4005 927 4058; x_wconf 81' lang='lat' dir='ltr'><strong>sequor,</strong></span> <span class='ocrx_word' id='word_1_386' title='bbox 948 3988 1072 4058; x_wconf 87' lang='lat' dir='ltr'><strong>quoniam</strong></span> <span class='ocrx_word' id='word_1_387' title='bbox 1082 3998 1185 4041; x_wconf 89' lang='lat' dir='ltr'><strong>eertum</strong></span> <span class='ocrx_word' id='word_1_388' title='bbox 1193 3988 1277 4108; x_wconf 57' lang='lat' dir='ltr'><strong>‹huod-</strong></span> 
     </span>
     <span class='ocr_line' id='line_1_41' title="bbox 29 4055 1279 4123; baseline -0.008 -5"><span class='ocrx_word' id='word_1_389' title='bbox 29 4076 52 4116; x_wconf 77' lang='lat' dir='ltr'><strong>tn</strong></span> <span class='ocrx_word' id='word_1_390' title='bbox 67 4069 109 4123; x_wconf 89' lang='lat' dir='ltr'><strong>tibi</strong></span> <span class='ocrx_word' id='word_1_391' title='bbox 134 4061 284 4121; x_wconf 85' lang='lat' dir='ltr'><strong>infideles</strong></span> <span class='ocrx_word' id='word_1_392' title='bbox 312 4055 377 4107; x_wconf 83' lang='lat' dir='ltr'><strong>hbrr</strong></span> <span class='ocrx_word' id='word_1_393' title='bbox 399 4055 456 4108; x_wconf 88' lang='lat' dir='ltr'><strong>Pal.</strong></span> <span class='ocrx_word' id='word_1_394' title='bbox 476 4066 505 4121; x_wconf 89' lang='lat' dir='ltr'><strong>l,</strong></span> <span class='ocrx_word' id='word_1_395' title='bbox 530 4057 641 4110; x_wconf 79' lang='lat' dir='ltr'><strong>Voss.2</strong></span> <span class='ocrx_word' id='word_1_396' title='bbox 677 4058 739 4109; x_wconf 91' lang='lat' dir='ltr'><strong>dam</strong></span> <span class='ocrx_word' id='word_1_397' title='bbox 763 4057 901 4110; x_wconf 89' lang='lat' dir='ltr'><strong>discrimen</strong></span> <span class='ocrx_word' id='word_1_398' title='bbox 928 4065 976 4111; x_wconf 92' lang='lat' dir='ltr'><strong>aut</strong></span> <span class='ocrx_word' id='word_1_399' title='bbox 993 4073 1082 4110; x_wconf 86' lang='lat' dir='ltr'><strong>sensus</strong></span> <span class='ocrx_word' id='word_1_400' title='bbox 1101 4064 1148 4109; x_wconf 89' lang='lat' dir='ltr'><strong>aut</strong></span> <span class='ocrx_word' id='word_1_401' title='bbox 1166 4073 1196 4110; x_wconf 91' lang='lat' dir='ltr'><strong>co</strong></span> <span class='ocrx_word' id='word_1_402' title='bbox 1217 4072 1279 4109; x_wconf 85' lang='lat' dir='ltr'><strong>oca-</strong></span> 
     </span>
     <span class='ocr_line' id='line_1_42' title="bbox 29 4121 943 4203; baseline -0.014 -12"><span class='ocrx_word' id='word_1_403' title='bbox 29 4127 117 4190; x_wconf 73' lang='lat' dir='ltr'><strong>Bffltss</strong></span> <span class='ocrx_word' id='word_1_404' title='bbox 132 4136 219 4189; x_wconf 86' lang='lat' dir='ltr'><strong>Flor.</strong></span> <span class='ocrx_word' id='word_1_405' title='bbox 232 4121 382 4188; x_wconf 83' lang='lat' dir='ltr'><strong>DEFHI,</strong></span> <span class='ocrx_word' id='word_1_406' title='bbox 400 4123 460 4176; x_wconf 88' lang='lat' dir='ltr'><strong>dum</strong></span> <span class='ocrx_word' id='word_1_407' title='bbox 473 4143 523 4194; x_wconf 91' lang='lat' dir='ltr'><strong>pro</strong></span> <span class='ocrx_word' id='word_1_408' title='bbox 537 4124 643 4203; x_wconf 73' lang='lat' dir='ltr'><strong>regibus</strong></span> <span class='ocrx_word' id='word_1_409' title='bbox 679 4124 758 4179; x_wconf 88' lang='lat' dir='ltr'><strong>tionis</strong></span> <span class='ocrx_word' id='word_1_410' title='bbox 775 4144 828 4179; x_wconf 93' lang='lat' dir='ltr'><strong>non</strong></span> <span class='ocrx_word' id='word_1_411' title='bbox 847 4125 943 4179; x_wconf 88' lang='lat' dir='ltr'><strong>inveni.</strong></span> 
     </span>
     <span class='ocr_line' id='line_1_43' title="bbox 29 4191 1280 4312; baseline 0.002 -69"><span class='ocrx_word' id='word_1_412' title='bbox 29 4194 188 4259; x_wconf 71' lang='lat' dir='ltr'><strong>barmoniae</strong></span> <span class='ocrx_word' id='word_1_413' title='bbox 212 4199 304 4269; x_wconf 78' lang='lat' dir='ltr'><strong>ipsos</strong></span> <span class='ocrx_word' id='word_1_414' title='bbox 319 4191 644 4270; x_wconf 56' lang='lat' dir='ltr'><strong>discederessubiic1unt,</strong></span> <span class='ocrx_word' id='word_1_415' title='bbox 714 4198 736 4262; x_wconf 67' lang='grc' dir='ltr'><strong>ξ.</strong></span> <span class='ocrx_word' id='word_1_416' title='bbox 757 4200 781 4247; x_wconf 79' lang='lat' dir='ltr'><strong>(t.</strong></span> <span class='ocrx_word' id='word_1_417' title='bbox 806 4196 928 4247; x_wconf 82' lang='lat' dir='ltr'><strong>dimissos</strong></span> <span class='ocrx_word' id='word_1_418' title='bbox 951 4208 1052 4245; x_wconf 84' lang='lat' dir='ltr'><strong>monere</strong></span> <span class='ocrx_word' id='word_1_419' title='bbox 1072 4192 1175 4312; x_wconf 55' lang='lat' dir='ltr'><strong>(omicss</strong></span> <span class='ocrx_word' id='word_1_420' title='bbox 1195 4192 1280 4261; x_wconf 73' lang='lat' dir='ltr'><strong>coepe-</strong></span> 
     </span>
     <span class='ocr_line' id='line_1_44' title="bbox 29 4258 1280 4344; baseline -0.011 -16"><span class='ocrx_word' id='word_1_421' title='bbox 29 4271 89 4326; x_wconf 63' lang='lat' dir='ltr'><strong>itttm</strong></span> <span class='ocrx_word' id='word_1_422' title='bbox 106 4280 236 4344; x_wconf 87' lang='lat' dir='ltr'><strong>gentem</strong></span> <span class='ocrx_word' id='word_1_423' title='bbox 259 4258 425 4316; x_wconf 80' lang='lat' dir='ltr'><strong>nobrhtant.</strong></span> <span class='ocrx_word' id='word_1_424' title='bbox 453 4260 521 4312; x_wconf 86' lang='lat' dir='ltr'><strong>Tum</strong></span> <span class='ocrx_word' id='word_1_425' title='bbox 538 4261 645 4314; x_wconf 90' lang='lat' dir='ltr'><strong>Modius</strong></span> <span class='ocrx_word' id='word_1_426' title='bbox 678 4264 751 4332; x_wconf 81' lang='lat' dir='ltr'><strong>rant]</strong></span> <span class='ocrx_word' id='word_1_427' title='bbox 789 4261 871 4316; x_wconf 89' lang='lat' dir='ltr'><strong>Uncis</strong></span> <span class='ocrx_word' id='word_1_428' title='bbox 892 4260 984 4314; x_wconf 91' lang='lat' dir='ltr'><strong>inclusi</strong></span> <span class='ocrx_word' id='word_1_429' title='bbox 1012 4259 1084 4327; x_wconf 89' lang='lat' dir='ltr'><strong>quod</strong></span> <span class='ocrx_word' id='word_1_430' title='bbox 1107 4259 1135 4311; x_wconf 92' lang='lat' dir='ltr'><strong>in</strong></span> <span class='ocrx_word' id='word_1_431' title='bbox 1178 4277 1233 4313; x_wconf 88' lang='lat' dir='ltr'><strong>eru.</strong></span> <span class='ocrx_word' id='word_1_432' title='bbox 1251 4270 1280 4314; x_wconf 90' lang='lat' dir='ltr'><strong>et</strong></span> 
     </span>
     <span class='ocr_line' id='line_1_45' title="bbox 30 4327 1280 4396; baseline -0.006 -8"><span class='ocrx_word' id='word_1_433' title='bbox 30 4336 87 4396; x_wconf 69' lang='lat' dir='ltr'><strong>addit</strong></span> <span class='ocrx_word' id='word_1_434' title='bbox 103 4345 138 4396; x_wconf 88' lang='lat' dir='ltr'><strong>ab</strong></span> <span class='ocrx_word' id='word_1_435' title='bbox 160 4341 221 4393; x_wconf 82' lang='lat' dir='ltr'><strong>illo</strong></span> <span class='ocrx_word' id='word_1_436' title='bbox 245 4335 308 4385; x_wconf 84' lang='lat' dir='ltr'><strong>deo</strong></span> <span class='ocrx_word' id='word_1_437' title='bbox 328 4328 388 4394; x_wconf 79' lang='lat' dir='ltr'><strong>ipso</strong></span> <span class='ocrx_word' id='word_1_438' title='bbox 405 4328 484 4395; x_wconf 89' lang='lat' dir='ltr'><strong>male,</strong></span> <span class='ocrx_word' id='word_1_439' title='bbox 503 4345 553 4381; x_wconf 89' lang='lat' dir='ltr'><strong>uec</strong></span> <span class='ocrx_word' id='word_1_440' title='bbox 571 4328 644 4381; x_wconf 88' lang='lat' dir='ltr'><strong>inve·</strong></span> <span class='ocrx_word' id='word_1_441' title='bbox 678 4331 749 4383; x_wconf 87' lang='lat' dir='ltr'><strong>Flor.</strong></span> <span class='ocrx_word' id='word_1_442' title='bbox 774 4331 850 4383; x_wconf 88' lang='lat' dir='ltr'><strong>codd.</strong></span> <span class='ocrx_word' id='word_1_443' title='bbox 875 4347 928 4382; x_wconf 88' lang='lat' dir='ltr'><strong>non</strong></span> <span class='ocrx_word' id='word_1_444' title='bbox 953 4327 1052 4394; x_wconf 77' lang='lat' dir='ltr'><strong>legitur</strong></span> <span class='ocrx_word' id='word_1_445' title='bbox 1070 4327 1118 4380; x_wconf 87' lang='lat' dir='ltr'><strong>nisi</strong></span> <span class='ocrx_word' id='word_1_446' title='bbox 1136 4346 1167 4380; x_wconf 93' lang='lat' dir='ltr'><strong>su</strong></span> <span class='ocrx_word' id='word_1_447' title='bbox 1187 4329 1280 4381; x_wconf 87' lang='lat' dir='ltr'><strong>erscri·</strong></span> 
     </span>
     <span class='ocr_line' id='line_1_46' title="bbox 31 4395 1281 4470; baseline -0.004 -15"><span class='ocrx_word' id='word_1_448' title='bbox 31 4401 79 4463; x_wconf 68' lang='lat' dir='ltr'><strong>nisa</strong></span> <span class='ocrx_word' id='word_1_449' title='bbox 91 4411 121 4465; x_wconf 91' lang='lat' dir='ltr'><strong>in</strong></span> <span class='ocrx_word' id='word_1_450' title='bbox 138 4407 208 4464; x_wconf 92' lang='lat' dir='ltr'><strong>ullo</strong></span> <span class='ocrx_word' id='word_1_451' title='bbox 231 4401 320 4455; x_wconf 87' lang='lat' dir='ltr'><strong>libro</strong></span> <span class='ocrx_word' id='word_1_452' title='bbox 336 4396 483 4451; x_wconf 84' lang='lat' dir='ltr'><strong>nostronisi</strong></span> <span class='ocrx_word' id='word_1_453' title='bbox 492 4397 521 4450; x_wconf 90' lang='lat' dir='ltr'><strong>in</strong></span> <span class='ocrx_word' id='word_1_454' title='bbox 529 4397 600 4451; x_wconf 83' lang='lat' dir='ltr'><strong>Flor.</strong></span> <span class='ocrx_word' id='word_1_455' title='bbox 610 4396 644 4452; x_wconf 83' lang='lat' dir='ltr'><strong>G.</strong></span> <span class='ocrx_word' id='word_1_456' title='bbox 678 4407 755 4470; x_wconf 89' lang='lat' dir='ltr'><strong>ptum</strong></span> <span class='ocrx_word' id='word_1_457' title='bbox 772 4398 800 4453; x_wconf 89' lang='lat' dir='ltr'><strong>in</strong></span> <span class='ocrx_word' id='word_1_458' title='bbox 816 4398 850 4466; x_wconf 82' lang='lat' dir='ltr'><strong>E,</strong></span> <span class='ocrx_word' id='word_1_459' title='bbox 868 4413 919 4450; x_wconf 87' lang='lat' dir='ltr'><strong>nec</strong></span> <span class='ocrx_word' id='word_1_460' title='bbox 936 4397 964 4449; x_wconf 91' lang='lat' dir='ltr'><strong>in</strong></span> <span class='ocrx_word' id='word_1_461' title='bbox 981 4395 1012 4448; x_wconf 88' lang='lat' dir='ltr'><strong>iis</strong></span> <span class='ocrx_word' id='word_1_462' title='bbox 1031 4411 1098 4464; x_wconf 90' lang='lat' dir='ltr'><strong>quos</strong></span> <span class='ocrx_word' id='word_1_463' title='bbox 1116 4395 1155 4450; x_wconf 83' lang='lat' dir='ltr'><strong>Sn</strong></span> <span class='ocrx_word' id='word_1_464' title='bbox 1191 4413 1281 4450; x_wconf 88' lang='lat' dir='ltr'><strong>.cou-</strong></span> 
     </span>
    </p>
   </div>
   <div class='ocr_carea' id='block_1_4' title="bbox 0 0 1474 5174">
    <p class='ocr_par' dir='ltr' id='par_1_4' title="bbox 0 0 1474 5174">
     <span class='ocr_line' id='line_1_47' title="bbox 0 0 1474 5174; baseline 0 0"><span class='ocrx_word' id='word_1_465' title='bbox 0 0 1474 5174; x_wconf 95' lang='lat' dir='ltr'><strong> </strong></span> 
     </span>
    </p>
   </div>
  </div>
 </body>
</html>
