2926 5174
192 292 265 362 356
554 329 558 337 -
666 306 700 370 Q.
728 302 852 358 onaan
876 300 962 357 amu
1008 360 1011 365 ,

257 491 316 559 (39)
339 487 405 541 Mox
429 485 599 557 Polypercon
621 486 722 540 Noram
748 484 821 555 capit
843 476 974 556 (τὰὮρα
991 487 1066 554 apud
1082 486 1263 556 Aer-iuuante),
1284 485 1423 540 Alexander

186 567 291 622 Aornin
312 574 429 635 petram,
457 565 491 616 ad
509 563 604 616 Indum
626 563 716 629 sitam,
744 576 899 633 oppugnare
920 561 1022 616 statuit.
1056 560 1255 614 Perducuntur
1275 561 1421 616 Macedones

187 643 215 696 in
233 658 358 696 cacumen
375 640 527 711 oppositum
548 639 586 692 illi
605 642 678 711 quod
699 641 860 694 obsederant
881 639 993 692 barbari.
1027 638 1186 709 voragines
1205 638 1357 708 explentm,
1373 643 1419 707 (40)

187 719 244 790 ipse
256 737 305 772 rex
317 736 376 772 cum
394 718 488 771 leviter
505 717 611 771 armatis
628 735 675 788 per
692 733 770 787 mpes
787 717 857 769 amni
874 716 1056 788 impendentes
1071 717 1103 769 in
1119 720 1256 769 verticem
1273 715 1370 783 nititur,
1383 715 1419 770 sed

187 796 295 866 incepto
317 795 444 848 desistere
466 793 577 864 cogitur.
613 796 674 863 (41)
692 795 874 848 Veruntamen
891 793 1036 864 pertinacia
1049 793 1106 846 eius
1119 792 1189 846 victi
1207 793 1318 846 barbari
1333 801 1418 864 petram

188 881 269 932 noctu
286 873 411 925 deserunt
427 872 510 925 edissa
524 871 595 941 fuga
631 872 695 924 Inde
712 872 874 938 Alexander,
897 870 979 940 pulsis
996 870 1041 941 qui
1058 869 1157 923 itinera
1176 869 1341 924 obsidebant
1352 870 1417 937 Indis,

187 949 326 1003 Ecbolima
343 950 429 1016 venit,
449 950 508 1016 (42)
525 947 587 1001 hinc
604 949 637 1000 ad
655 966 715 1002 eum
731 948 831 1013 locum,
850 948 895 1001 ubi
911 965 978 1017 pons
995 947 1023 1000 in
1040 947 1111 1001 Indo
1129 946 1246 1000 flumine
1263 957 1418 1019 praeparatus

72 1069 76 1075 .
188 1034 254 1079 erat.
291 1025 418 1097 Omphis,
444 1041 493 1077 rex
514 1025 584 1077 inter
601 1025 697 1078 Indum
719 1034 747 1078 et
768 1025 915 1095 Hydaspen
937 1041 1040 1091 amnes,
1066 1024 1231 1079 Alexandro
1253 1025 1376 1094 occurrit,
1396 1042 1418 1079 ae

188 1119 287 1174 suaque
305 1103 365 1156 fidei
387 1101 443 1154 eius
464 1100 626 1172 permittens.
662 1108 720 1170 (43)
746 1102 898 1156 Alexander
923 1118 983 1154 eum
1009 1109 1037 1154 et
1062 1101 1188 1156 restitrnit
1215 1102 1245 1155 in
1272 1119 1378 1174 regumn
1396 1111 1418 1156 et

187 1180 290 1251 regium
302 1196 397 1235 nomen
410 1179 523 1232 Taxilen
536 1196 637 1232 sumere
649 1180 734 1247 iubet,
752 1180 823 1233 dona
836 1180 925 1246 etiam,
944 1195 1011 1249 quae
1024 1179 1074 1250 ipsi
1093 1179 1244 1246 obtulerat,
1263 1179 1418 1251 multiplicata

187 1257 289 1324 reddit,
315 1255 535 1309 murmurantibus
557 1256 714 1327 quibusdam
734 1257 918 1311 Macedonum.
954 1258 1013 1326 (44)
1035 1255 1176 1323 Abisares,
1199 1255 1277 1310 ultra
1294 1258 1417 1328 Hydaspen

186 1334 304 1405 regulus,
326 1335 470 1399 (Arrianus
493 1344 672 1386 montanorum
690 1335 816 1388 Indorum
840 1337 911 1399 dicit)
934 1331 1028 1404 legatis
1045 1332 1147 1400 missis,
1176 1350 1239 1386 sese
1257 1333 1340 1389 dedit.
1369 1339 1414 1387 Ber

186 1419 294 1466 zaentes
311 1419 339 1464 et
356 1409 490 1463 Gamaxus
512 1410 623 1464 rebelles
645 1410 728 1463 vincti
754 1412 928 1466 adducuntur.
963 1411 1048 1464 Poma
1070 1417 1166 1463 autem
1183 1409 1345 1465 clar-issimus
1359 1410 1413 1465 ina

186 1489 293 1560 regione
311 1505 368 1552 rex,
387 1495 477 1557 spreta
493 1486 637 1554 deditione,
654 1487 683 1540 in
699 1487 824 1542 ulteriore
833 1488 967 1559 Hydaspis
983 1487 1042 1557 ripa
1057 1504 1120 1541 cum
1133 1488 1262 1542 exercitu
1274 1489 1415 1554 consedes,

187 1567 350 1621 Macedones
367 1564 482 1618 transitu
498 1563 685 1634 prohibiturus.
722 1567 780 1634 (45)
798 1567 835 1619 Et
852 1567 935 1621 amnis
952 1565 1100 1637 profundus
1114 1571 1143 1616 et
1161 1566 1266 1619 minati
1278 1565 1351 1637 ripae
1361 1580 1417 1638 prac-

187 1644 303 1698 sidentes
320 1651 425 1696 terrent
442 1643 610 1706 Macedones,
633 1659 743 1711 quorum
760 1641 867 1697 iuvenes
883 1641 1011 1707 nonnulli,
1033 1640 1198 1694 blandiente
1216 1659 1340 1697 successu
1354 1653 1417 1698 tenne·

187 1720 250 1774 rarii
276 1720 353 1787 facti,
384 1722 417 1773 ab
444 1719 516 1773 India
542 1718 735 1790 opprimuntur.
776 1721 834 1789 (46)
859 1720 951 1773 Nihilo
975 1717 1058 1771 minus
1084 1717 1251 1774 Alexander
1281 1727 1416 1792 tempestate

187 1797 292 1852 adiutus
312 1797 380 1850 clam
396 1798 516 1850 hostibus
534 1813 638 1849 amnem
654 1795 757 1849 traiicit.
794 1802 852 1867 (47)
871 1797 933 1861 Quo
948 1803 1083 1865 comperto
1095 1796 1191 1849 Porus
1206 1796 1325 1867 primum
1336 1796 1416 1869 equites

187 1883 215 1928 et
237 1874 378 1945 quadrigas
404 1874 501 1945 agmini
523 1873 748 1945 appropinquanti
770 1875 874 1941 obiicit,
901 1873 949 1927 sed
969 1892 1092 1927 curruum
1116 1875 1253 1929 auxilium
1276 1875 1372 1931 irritum
1387 1873 1415 1927 fit

188 1957 246 2021 (48)
264 1952 335 2005 Tum
352 1951 507 2022 elephantos
525 1951 679 2021 peditesque
696 1950 804 2005 inducit.
838 1952 990 2005 Alexander
1007 1969 1066 2004 tum
1082 1953 1202 2006 ducibus
1222 1953 1357 2024 copiarum
1369 1949 1415 2024 qnid

187 2030 244 2084 fieri
260 2030 342 2083 vellet
359 2028 527 2099 imperasset,
553 2028 611 2098 ipse
632 2028 731 2099 primus
753 2046 812 2082 eum
836 2027 955 2098 equitatu
975 2045 1030 2081 rem
1054 2029 1133 2099 gerit.
1172 2033 1238 2100 (49)
1262 2031 1324 2085 Indi
1340 2026 1414 2085 tnrbsh'

188 2125 218 2161 ac
235 2105 339 2160 disiecti
356 2115 489 2177 pugnant,
515 2104 658 2159 maximum
681 2115 815 2159 certamen
836 2105 905 2158 circa
921 2104 1021 2158 Porum
1042 2105 1129 2176 ipsum
1148 2116 1182 2161 et
1200 2108 1357 2180 elephantos
1371 2123 1414 2162 con·

188 2185 266 2239 sistit.
303 2189 364 2251 (50)-
389 2182 490 2236 Ceteris
512 2181 660 2252 elephantis
681 2182 708 2235 in
729 2182 820 2253 fugam
841 2182 953 2249 aversis,
980 2183 1067 2235 Porus
1093 2184 1250 2241 destitutus
1273 2186 1414 2259 pertinaciter

187 2271 276 2315 tamen
294 2263 328 2313 de
346 2278 393 2314 suo
410 2259 531 2327 dimicat,
555 2261 639 2313 donec
656 2268 684 2313 et
701 2259 757 2330 ipse
774 2259 865 2330 fugere
883 2267 1005 2326 coactus,
1027 2261 1143 2330 acceptis
1161 2264 1261 2319 multis
1279 2263 1413 2329 vulnenbns,

187 2339 215 2393 in
233 2346 331 2392 terrem
349 2337 470 2407 delapsus
488 2335 596 2407 capitur.
632 2341 691 2406 (51)
714 2335 795 2390 Cuius
817 2335 895 2389 animi
917 2335 1128 2407 magnitudinem
1145 2340 1312 2396 Alexander
1328 2340 1413 2396 admira·

188 2423 232 2468 tus
249 2431 310 2468 eum
326 2412 398 2468 inter
415 2413 511 2468 amicos
528 2414 635 2485 recipit,
658 2422 686 2467 et
703 2412 831 2483 ampliore
849 2411 931 2468 etiam
948 2431 1043 2485 regno,
1072 2433 1154 2486 quam
1173 2418 1327 2490 habuerat,
1347 2419 1413 2472 donst

140 2732 160 2801 1
290 2670 534 2802 Alexander
559 2729 692 2800 maiore
718 2728 813 2798 sama
839 2752 946 2824 quam
971 2729 1084 2826 gloria
1110 2732 1149 2803 in
1178 2733 1356 2811 dicionem
1376 2742 1429 2804 ret

189 2839 294 2915 decta
320 2851 432 2940 petra,
459 2866 541 2913 cum
567 2850 713 2938 propter
730 2864 860 2937 vagum
886 2840 1027 2913 hostem
1052 2845 1286 2940 spargendae
1312 2867 1410 2919 manus

188 2964 319 3044 essent,
345 2954 382 3025 in
402 2963 475 3027 tres
495 2961 615 3050 partes
636 2950 757 3024 divisit
783 2952 989 3024 exercitum.
1034 2950 1346 3050 Hephaestionem
1360 2955 1410 3043 uni,

189 3059 337 3138 Coenon
355 3066 457 3138 alteri
477 3064 586 3138 duces
603 3063 769 3136 dederat:
795 3064 871 3160 ipse
889 3065 1015 3136 ceteris
1042 3079 1223 3160 praeerat.
1269 3067 1339 3144 Sed
1358 3077 1427 3143 nont

187 3176 313 3252 eadem
339 3202 439 3249 mens
467 3176 631 3248 omnibus
658 3175 818 3248 barbaris
845 3175 920 3247 fuit.
964 3173 1084 3247 Armis
1102 3177 1255 3273 quidam
1280 3177 1408 3275 subactu

188 3287 309 3383 plures
337 3299 421 3360 ante
448 3298 628 3362 certamen
653 3288 827 3385 imperata
852 3288 1023 3375 fecerunt,
1050 3288 1182 3384 quibus
1212 3317 1345 3384 eorum,
1368 3286 1410 3386 qui

188 3397 226 3468 in
248 3397 794 3499 defectioneperseveraverant,
820 3399 927 3470 urbes
945 3423 1122 3495 agrosque
1146 3401 1254 3477 iussit
1278 3397 1409 3476 attribui

189 3506 241 3580 At
267 3512 392 3584 exules
411 3509 590 3583 Bactriani
617 3536 697 3583 cum
723 3531 820 3583 neoc
834 3508 1118 3606 Massagetarum
1146 3515 1329 3610 equitibus
1352 3522 1427 3613 pro⁵

189 3621 305 3696 ximos
344 3622 442 3696 vicos
480 3632 724 3696 vastayemnt.
792 3620 853 3694 Ad
891 3647 979 3718 quos
1020 3623 1241 3699 coercendos
1280 3626 1410 3707 Attinas,

189 3735 343 3833 regionis
371 3735 446 3807 eius
473 3737 689 3834 praefectae,
718 3755 787 3807 occ
815 3734 967 3830 equites,
999 3732 1227 3827 insidiarum,
1256 3763 1346 3835 quae
1365 3756 1409 3832 pe·

191 3846 383 3936 rebantur,
418 3846 573 3944 ignarus,
601 3845 735 3919 eduxit.
787 3843 949 3941 Namque
975 3845 1089 3918 hostis
1115 3845 1153 3919 in
1186 3848 1307 3941 silvis,
1325 3854 1428 3944 ·quee⁴

190 3967 292 4028 erant
317 3958 409 4031 forte
437 3983 562 4056 campo
588 3959 740 4049 iunctae,
767 3967 943 4030 armatum
968 3957 1116 4029 militem
1143 3958 1316 4053 condidit,
1344 3978 1409 4057 pan·

189 4068 239 4140 cis
265 4071 547 4168 propellentibus
573 4096 712 4170 pecora,
740 4079 781 4142 ut
804 4069 1043 4168 improvidum
1060 4066 1107 4141 ad
1124 4067 1276 4145 insidias
1298 4063 1408 4169 praeda

223 4292 358 4376 Libvnr,
377 4295 478 4369 Capi,
496 4301 554 4379 §.a
576 4298 792 4379 Massagetarum
827 4295 895 4350 desit
915 4294 989 4377 incid.
1012 4295 1084 4367 quod
1107 4312 1163 4350 non
1191 4298 1299 4369 credo),
1323 4295 1405 4351 invuu

190 4365 327 4432 equitabant]
363 4365 425 4420 Hoc
444 4369 538 4420 ordine
556 4382 646 4420 omnes
664 4366 727 4420 hbu
744 4384 791 4420 no·
826 4365 933 4436 vulgati.

190 4431 237 4484 stri
264 4441 292 4486 et
317 4433 512 4506 snakenburgii
529 4435 606 4492 Voss.
624 4443 677 4490 1.2
703 4434 791 4507 (quasi
