2984 5176
126 317 222 372 xvm
638 311 857 365 ramaclo,

127 507 336 575 constanter
361 498 399 570 in
424 497 504 596 ipso
529 507 635 571 textu
661 505 805 570 secutus
832 505 898 585 est,
924 491 990 567 sed
1007 493 1286 567 annotationem
1301 516 1377 565 non

128 628 205 702 fere
229 625 456 724 conscripsit,
489 624 558 697 nisi
583 622 646 696 ubi
671 633 736 695 sut
760 621 941 696 dubitavit
965 622 1043 720 ipse
1068 631 1134 694 aut
1158 630 1294 694 contra
1320 645 1375 695 co

130 753 228 828 dices
262 751 512 852 corrigendum
542 751 696 850 putavit
746 749 871 847 Itaque
905 774 988 822 raro
1023 748 1187 822 codicum
1221 773 1375 822 suorum

129 882 300 956 lectiones
336 892 502 953 accurate
537 888 806 967 commemorat,
847 875 940 951 adeo
965 888 1078 950 utne
1104 877 1192 950 satis
1224 876 1373 975 quidem

129 1019 211 1083 tuto
239 1007 284 1081 de
310 1007 538 1082 similitudine
573 1017 637 1081 aut
671 1005 873 1079 discrimine
904 1006 1081 1103 ipsorum,
1116 1005 1249 1101 quibus
1287 1030 1373 1081 usus

130 1147 205 1228 est,
238 1136 402 1210 codicum
435 1135 592 1208 iudicare
618 1134 745 1234 possis.
796 1132 840 1206 In
875 1132 1096 1232 praefatione
1129 1132 1373 1231 principatum

130 1265 259 1341 tribuit
282 1265 393 1355 libro,
421 1290 528 1362 quem
554 1290 600 1337 ex
625 1262 842 1336 bibliotheca
868 1261 1037 1335 eeclesiae
1063 1259 1282 1336 cathedralis
1308 1260 1372 1337 (lo

128 1393 299 1468 loniensis
326 1403 529 1489 acceperat,
556 1391 658 1486 eique
684 1391 852 1480 alterum,
888 1414 995 1488 quem
1020 1388 1238 1462 bibliotheca
1265 1389 1372 1465 abba·

131 1521 203 1595 riae
230 1517 497 1617 sigebergensis
522 1518 768 1617 praestiterat,
799 1518 1000 1616 postponit,
1034 1541 1161 1592 verum
1186 1542 1236 1590 ex
1264 1542 1372 1593 anno·

131 1647 269 1722 tatione
295 1645 342 1719 ad
367 1666 445 1735 vm,
475 1650 496 1718 5
524 1645 616 1745 (17),
646 1648 694 1718 10
720 1656 758 1718 et
784 1644 831 1718 ad
856 1668 935 1736 vm,
964 1648 985 1718 6
1012 1643 1106 1745 (22),
1135 1646 1182 1718 18
1208 1642 1371 1744 Sigeber·

131 1775 251 1874 gensis
279 1798 361 1848 cum
387 1773 529 1872 optimis
556 1773 688 1847 nostris
714 1774 809 1864 facit,
837 1771 1058 1849 Coloniensis
1076 1773 1223 1872 paulum
1242 1771 1371 1848 disere⁴

132 1914 214 2003 pat,
249 1904 292 1976 cf.
320 1902 369 1975 ad
393 1924 444 1994 lv,
479 1907 500 1976 5
529 1901 626 2002 (22),
662 1905 683 1975 9
717 1913 754 1975 et
780 1901 828 1975 ad
853 1923 904 1992 Ν,
931 1904 953 1974 6
981 1899 1074 2000 (28),
1101 1902 1177 1974 26.’
1215 1899 1372 1977 Tantum

130 2029 340 2106 Medianum
366 2031 498 2129 quippe
523 2056 571 2105 ex
590 2031 682 2104 libro
702 2030 858 2104 melioris
874 2029 1038 2119 familiae,
1064 2029 1216 2102 forsitan
1234 2027 1371 2118 eodem,

133 2158 196 2254 qui
218 2183 314 2232 nunc
339 2157 523 2232 Leidensis
550 2168 615 2231 aut
640 2157 840 2230 Vossianus
864 2157 964 2256 prior
985 2157 1196 2255 appellatur,
1223 2154 1372 2232 ductim

129 2285 281 2383 uulgato
307 2286 414 2382 longe
440 2294 624 2383 praestare
651 2294 688 2358 et
713 2285 836 2381 utique
857 2285 966 2358 talem
987 2309 1076 2375 esse,
1103 2284 1217 2382 qualia
1237 2285 1270 2358 si
1290 2284 1372 2359 inde

132 2436 155 2486 a
189 2411 349 2511 principe
388 2413 543 2487 editione
576 2420 796 2510 propagatus
836 2423 950 2503 esset,
992 2412 1119 2486 melius
1158 2411 1203 2485 de
1247 2410 1371 2488 Curtio

131 2549 228 2614 esset
254 2540 465 2632 iudicatum,
496 2540 676 2614 neminem
706 2539 812 2615 hodie
844 2565 924 2614 esse
958 2551 1046 2639 puto
1074 2541 1160 2638 quin
1184 2541 1370 2640 intelligat,

132 2677 325 2765 postquam
357 2667 572 2743 emendandi
603 2671 720 2742 fontes
735 2700 739 2705 ·
753 2670 868 2767 aperti
899 2679 993 2741 sunt.
1053 2665 1126 2742 Sed
1159 2670 1221 2742 illa
1253 2680 1370 2743 aetate

128 2790 205 2871 'non
231 2795 451 2870 intellectum
476 2807 548 2870 est:
575 2807 671 2870 certe
698 2796 759 2892 qui
783 2807 911 2894 postea
937 2795 984 2870 ad
1010 2795 1189 2870 edendum
1208 2795 1370 2873 Curtium

132 2934 362 2999 accesserunt
386 2950 516 3024 parum
547 2925 812 2998 intellexerunt.
870 2923 957 2998 Eius
992 2925 1045 2998 rei
1079 2950 1189 2999 eausa
1220 2924 1260 2999 in
1294 2926 1369 3024 ipso

130 3048 254 3127 Modio
280 3053 349 3127 sita
375 3064 441 3128 est
493 3043 696 3128 Admiscuit
727 3053 822 3126 enim
852 3052 1044 3151 praeclaris
1069 3053 1290 3153 integerrimi
1313 3078 1369 3127 co·

132 3177 221 3253 dieis
249 3181 460 3255 lectionibus
487 3182 601 3254 multa
634 3181 783 3254 inventa
817 3207 882 3254 sua
913 3192 1048 3254 temera
1084 3181 1291 3278 excogitata
1316 3181 1370 3254 iis·

132 3331 212 3402 que,
239 3316 281 3377 ut
305 3309 380 3381 fere
405 3309 457 3397 fit,
484 3307 597 3403 magis
623 3308 780 3380 laetatur
806 3333 848 3380 ac
873 3308 1048 3405 gloriatur
1071 3308 1109 3382 in
1127 3309 1369 3398 annotatione,

127 3456 241 3528 quam
268 3456 359 3527 quae
385 3433 533 3507 feliciter
559 3458 607 3507 ex
630 3433 730 3509 libris
756 3459 839 3507 mss.
872 3436 1061 3510 restituere
1088 3436 1247 3533 contigit.
1303 3433 1370 3524 Qui

127 3582 214 3631 cum
240 3557 286 3631 de
312 3560 523 3635 coniecturis
550 3561 623 3635 suis
649 3562 836 3660 magritiee
870 3563 1002 3636 sentiat
1033 3574 1071 3637 et
1096 3564 1266 3637 conviciis
1292 3589 1371 3662 pro·

128 3684 275 3759 scindat
299 3686 499 3785 quicunque
526 3689 629 3763 aliter
655 3689 788 3764 sentire
815 3689 990 3780 audeant,
1016 3691 1217 3788 fungosque
1243 3716 1286 3765 ao
1303 3691 1371 3765 sti-

132 3811 225 3912 pites
260 3815 435 3911 appellet,
470 3815 516 3888 de
552 3839 639 3888 vera
673 3816 895 3914 singulorum
926 3817 1089 3891 locorum
1122 3817 1372 3893 emendatione

133 3965 181 4014 ex
205 3941 306 4015 libris
333 3966 417 4015 mss.
446 3942 555 4017 ducta
579 3943 654 4016 fere
681 3945 779 4034 silet,
813 3969 880 4019 nec
906 3944 1026 4040 inique
1052 3946 1190 4018 laturus
1217 3944 1372 4035 videtur,

133 4067 163 4139 si
190 4069 299 4144 etiarn
313 4069 414 4143 'haec
440 4071 559 4168 operis
585 4095 670 4168 pars
704 4070 818 4169 ipsius
843 4071 987 4169 ingenio
1015 4071 1251 4145 adscribatur.
1302 4072 1372 4157 Ita·

134 4218 202 4291 que
235 4197 405 4270 vanitatis
442 4208 551 4294 atque
586 4196 867 4295 importunitatis
901 4224 977 4271 non
1009 4223 1158 4296 prorsus
1194 4199 1372 4273 immerito

126 4318 226 4393 banc
251 4347 404 4418 poenam
430 4333 644 4399 consecutus
677 4335 748 4416 est,
780 4336 822 4399 ut
847 4349 929 4399 curn
963 4325 1154 4424 pleraeque
1185 4326 1264 4400 eius
1289 4350 1371 4401 oon·

69 4509 74 4517 .
126 4445 299 4540 ‚iacturae
327 4475 415 4546 quas
442 4461 662 4549 exposuerat
686 4452 724 4525 in
749 4453 993 4542 annotatione,
1010 4461 1058 4525 -et
1080 4453 1126 4527 ab
1145 4453 1222 4525 aliis
1242 4453 1373 4552 impro
