2984 5176
548 333 598 382 nn
627 333 756 384 cusiis
783 335 892 386 Anni.
919 337 971 405 iu,
999 335 1046 388 ao.
1362 323 1408 392 51

120 532 319 614 apremam
350 516 489 607 horam,
522 517 724 613 missosque
756 518 817 614 qui
847 519 1052 594 occiderent
1084 532 1218 619 captas.
1273 521 1410 619 ltaque,

155 634 200 698 ut
230 651 323 722 quae
362 653 430 701 nec
464 626 658 725 prohibere
693 638 859 724 possent,
893 654 960 704 nec
992 629 1183 707 admittere
1222 633 1409 727 auderent,

155 738 256 810 nullo
281 763 459 837 responso
486 737 573 809 dato
598 737 730 811 tacitae
756 741 1035 837 opperiebantur
1052 743 1198 818 victoris
1211 745 1409 819 arbitrium.

103 858 136 908 10
154 846 376 939 Leonnatus
404 857 597 946 expectato
624 846 687 920 diu
713 850 774 946 qui
800 874 839 924 se
863 852 1117 947 introduceret,
1144 869 1336 955 postquam
1349 884 1410 932 ne·

153 984 216 1032 mo
242 957 443 1058 procedere
470 955 638 1048 audebat,
664 960 797 1033 relictis
822 962 861 1034 in
886 964 1066 1038 vestibulo
1099 969 1323 1060 satellitibus,
1358 970 1409 1041 in·

154 1078 232 1142 trat
256 1071 296 1141 in
322 1069 607 1143 tabernaculum.
646 1067 702 1141 Ea
727 1071 807 1168 ipsa
832 1097 890 1144 res
902 1073 1114 1148 turbaverat
1125 1078 1286 1169 feminas,
1313 1079 1410 1175 quod

103 1195 133 1243 u
154 1181 350 1278 irrupisse,
389 1204 462 1250 non
489 1176 677 1270 admissus,
704 1179 908 1256 videbatur.
961 1181 1086 1281 ltaque
1106 1199 1227 1261 mater
1260 1197 1298 1260 et
1329 1214 1409 1261 con·

155 1292 251 1363 iunx
275 1290 489 1386 provolutae
514 1288 562 1361 ad
591 1289 715 1388 pedes,
743 1317 849 1365 orare
884 1303 1091 1390 coeperimt,
1122 1306 1174 1388 ut,
1205 1299 1412 1396 priusquam

158 1400 455 1492 interficerentur,
480 1400 589 1473 Darei
614 1426 746 1500 corpus
771 1403 860 1501 ipsis
885 1404 1004 1500 patrio
1030 1430 1131 1480 more
1157 1408 1309 1508 sepelire
1333 1432 1412 1505 per·

158 1513 338 1584 mitteret:
375 1513 515 1584 functas
554 1537 722 1611 supremo
754 1514 793 1586 in
832 1538 956 1612 regem
995 1515 1113 1590 officio
1143 1518 1296 1615 impigre
1331 1542 1410 1593 sese

103 1639 136 1688 12
154 1624 359 1696 morituras.
411 1621 629 1715 Leonnatus,
657 1634 694 1698 et
719 1625 845 1698 vivere
871 1623 1041 1717 Dareum,
1068 1637 1106 1702 et
1131 1628 1230 1726 ipsas
1257 1655 1331 1702 nou
1357 1629 1408 1702 in·

152 1734 313 1807 columes
340 1733 461 1827 modo,
497 1730 562 1809 sed
588 1735 698 1808 etiam
723 1745 903 1834 apparatu
926 1737 1099 1834 pristinae
1124 1739 1291 1812 fortunae
1317 1741 1407 1837 regi·

150 1869 220 1918 nas
245 1846 333 1918 fore.
386 1843 481 1918 Tum
507 1844 654 1919 demum
678 1845 790 1920 Darei
814 1857 931 1919 mater
956 1848 1105 1920 allevari
1137 1873 1177 1920 se
1208 1874 1317 1946 passa
1343 1861 1407 1922 est

108 1974 129 2026 a
258 1954 471 2029 Alexander
515 1966 665 2055 postero
703 1956 760 2030 die
793 1981 876 2030 cum
914 1981 1000 2030 cura
1039 1957 1188 2054 sepultis
1227 1958 1457 2050 militibus,3l

151 2092 310 2164 quorum
345 2091 498 2166 corpora
527 2069 735 2159 invenerat,
773 2067 968 2142 Persarum
1005 2090 1149 2164 quoque
1180 2068 1409 2142 nobilissimis

152 2177 312 2254 eundem
351 2180 526 2253 honorem
564 2179 693 2253 haberi
731 2179 842 2271 iubet,
880 2179 1058 2275 matrique
1089 2176 1198 2254 Darei
1236 2178 1407 2278 permitti,

192 2433 215 2498 ξ.
240 2437 263 2484 9.
300 2433 397 2484 tacitae
415 2433 630 2512 qoperiebaritar]
648 2431 720 2486 Flor.
738 2434 765 2486 A
800 2437 915 2502 crepant.
934 2429 1006 2485 Flor.
1024 2431 1104 2485 ΑΒΗ
1120 2431 1237 2486 BernA
1256 2435 1328 2498 (cum
1337 2449 1404 2485 corr.

153 2501 246 2566 tacito,
270 2499 353 2552 ceteri
370 2500 431 2553 libri
448 2508 496 2553 aut
514 2502 609 2554 tacitae
628 2501 720 2570 (Bern.
738 2502 763 2555 B
798 2518 850 2553 aaa
866 2504 939 2570 egre)
958 2507 986 2552 et
1004 2499 1028 2553 B
1047 2502 1166 2570 inpressa
1190 2502 1247 2570 (ae)
1271 2518 1309 2567 se,
1332 2499 1405 2553 Flor.

151 2567 229 2621 Flor.
248 2567 288 2634 H)
306 2576 353 2622 aut
371 2571 457 2635 tacite,
476 2570 548 2640 quod
565 2569 636 2622 idem
653 2578 702 2623 est.
797 2567 859 2622 EFI
885 2570 998 2638 iaqeaae
1024 2586 1090 2636 sese,
1116 2568 1189 2622 Flor.
1207 2567 1261 2622 DG
1279 2577 1308 2621 ct
1330 2566 1405 2646 Leid.

191 2638 216 2704 ξ.
236 2643 276 2689 10.
312 2638 359 2705 qai
375 2655 405 2690 ae
422 2639 598 2691 introduceret
634 2637 680 2692 Sic
700 2637 762 2692 libri
796 2655 903 2708 piursus
915 2644 947 2690 ut
964 2635 1102 2689 edidimus.
1125 2636 1241 2690 Videtur
1249 2636 1333 2706 igitur
1341 2635 1405 2689 olim

153 2703 253 2775 optimi
268 2705 350 2758 Bern.
368 2706 395 2757 A
411 2705 484 2761 Flor.
497 2705 576 2760 ABG
631 2705 667 2760 id.
683 2710 762 2761 Voss.
796 2705 923 2777 sciiptum
941 2704 1022 2758 fuisse
1039 2707 1174 2774 inprepro
1192 2707 1314 2773 impigre,
1332 2704 1405 2772 quod

155 2783 181 2842 1,
202 2772 284 2827 ceteri
302 2781 331 2827 et
347 2773 469 2844 plerique
486 2773 589 2844 vulgati
606 2777 761 2829 intromitte·
796 2773 896 2827 librarii
923 2781 971 2826 aut
997 2791 1057 2826 cum
1079 2772 1200 2842 sequenti
1224 2771 1319 2824 vocula
1342 2788 1405 2823 con·

150 2852 204 2896 ret.
247 2841 312 2895 Non
337 2850 428 2912 potest
453 2850 543 2896 autem
570 2844 678 2897 dubium
703 2861 761 2897 esse
795 2841 941 2895 iunxerunt
967 2849 1015 2893 aut
1040 2848 1114 2894 recte
1145 2839 1332 2911 explicuerunt
1357 2845 1406 2891 aut

150 2919 247 2963 utrum
264 2910 391 2980 dignitati
415 2911 567 2982 reginarum
592 2930 619 2965 m
656 2912 676 2965 's
699 2930 760 2966 con-
795 2909 999 2980 interpolamnt.

151 2979 261 3034 veniat:
289 2981 497 3046 intromittantur
518 2979 589 3033 enim
667 2988 761 3032 notum
832 2980 855 3055 ᾗ.
875 2983 916 3028 12.
943 2984 996 3026 tam
1015 2976 1115 3026 demum
1133 2975 1220 3026 Darei
1237 2974 1332 3041 mater]
1360 2972 1405 3027 Sic

152 3055 185 3101 et
203 3046 261 3099 noti
278 3045 335 3116 ipsi.
797 3045 861 3097 edit.
879 3040 1007 3094 Modiana
1024 3048 1052 3093 et
1069 3040 1141 3093 Flor.
1154 3039 1280 3105 ABFGI,
1298 3056 1359 3090 cum
1375 3058 1405 3094 ui

187 3123 328 3182 postquam
362 3133 436 3170 nemo
466 3120 610 3186 procedere
634 3115 748 3168 audebat
796 3109 911 3164 Floro
940 3107 975 3160 sit
996 3108 1055 3160 tam
1072 3108 1156 3161 Darii
1183 3110 1285 3159 denium
1312 3115 1403 3161 mater.

152 3183 303 3237 Procedere
328 3183 435 3254 quidem
452 3201 486 3237 ex
508 3185 659 3239 coniectura
675 3183 762 3236 Medii
796 3179 888 3248 Vulgo
906 3187 959 3229 tum
976 3185 1060 3228 mater
1076 3176 1168 3242 Darii,
1187 3176 1234 3228 sed
1246 3175 1331 3227 Darii
1347 3192 1405 3228 ma·

152 3250 319 3322 aliorumque
334 3261 396 3323 post
413 3270 474 3305 eum
491 3253 602 3324 legitur:
621 3251 681 3306 libri
699 3269 760 3304 mss.
797 3257 836 3301 ter
862 3245 944 3300 etiam
969 3243 997 3296 iu
1014 3244 1096 3298 Bern.
1122 3253 1238 3315 utroque
1258 3242 1403 3324 Flpr.El1

149 3328 202 3375 aut
214 3324 370 3391 producere,
379 3330 427 3375 aut
430 3325 577 3391 perducere
586 3321 671 3391 (Flor.
680 3321 759 3391 FHI)
795 3325 845 3384 est,
865 3326 919 3368 tam
937 3316 1039 3367 demam
1057 3323 1140 3367 mater
1163 3313 1220 3367 siue
1237 3321 1403 3394 gemtivom

149 3398 201 3444 aut
218 3389 299 3443 etiam
317 3391 482 3443 introducere
497 3390 587 3458 (Voss.
602 3391 759 3460 2)habent;
793 3386 866 3439 Flor.
884 3383 920 3451 D,
948 3389 977 3435 et
1003 3382 1137 3436 Snakeub.
1164 3400 1198 3436 ex
1224 3400 1278 3436 suis
1305 3383 1402 3436 codici·

148 3476 215 3513 nam
233 3458 462 3512 Theocreuiaiium
479 3458 546 3511 illud
567 3457 653 3528 ipsum
666 3475 759 3527 proce·
794 3456 843 3508 bus
861 3452 926 3505 nihil
943 3450 993 3505 nisi
1010 3460 1064 3504 tam
1082 3455 1183 3506 demam
1202 3467 1258 3505 esse
1280 3451 1308 3504 in
1326 3451 1401 3506 Leid.

148 3530 214 3581 dere
231 3535 367 3597 praestare
386 3546 440 3581 non
457 3525 547 3606 magni
561 3525 683 3592 aestimo‚=
699 3543 759 3579 cum
793 3524 870 3578 Voss
891 3529 903 3573 1
923 3519 1035 3574 notavit.
1063 3520 1136 3574 Eunt
1152 3518 1236 3592 igitur
1253 3529 1282 3573 et
1298 3520 1401 3574 ratiun-

146 3595 221 3649 liber
238 3595 290 3650 iste
307 3612 342 3648 ex
359 3594 390 3648 iis
408 3595 444 3648 sit
467 3613 513 3666 qui
530 3593 693 3665 apertissime
711 3596 758 3647 do-
793 3591 866 3645 culas
893 3596 1022 3659 quaerant
1052 3606 1101 3642 cur
1131 3588 1278 3645 necessario
1304 3590 1401 3643 debeat

149 3670 258 3717 ctbrum
275 3663 339 3717 olim
363 3663 501 3717 hominum
519 3663 694 3717 correctiones
711 3679 758 3715 ex·
794 3676 851 3713 esse
868 3668 952 3711 mater
968 3658 1061 3724 Darii,
1081 3659 1153 3727 quod
1189 3665 1268 3711 utant
1285 3674 1401 3711 mecon-

150 3731 226 3802 perti
242 3731 301 3785 sint.
319 3731 417 3803 Neque
434 3740 526 3786 tamen
542 3731 665 3802 equidem
682 3731 757 3784 dubi·
794 3735 838 3781 tra
854 3725 935 3806 libros
951 3743 1012 3779 mss.
1030 3734 1168 3806 mutasse..
1203 3743 1219 3778 e
1236 3724 1343 3805 quidem
1359 3725 1400 3804 pi-

149 3806 184 3854 to
202 3799 266 3870 quin
282 3807 355 3854 recte
391 3804 511 3854 recedere
529 3800 696 3853 emendatum
714 3799 758 3866 sit,
793 3803 841 3868 get
867 3795 907 3848 his
933 3793 1082 3864 elegantiae
1112 3795 1219 3849 arbitris
1246 3794 1401 3862 diligentiae

147 3867 240 3923 solent
265 3868 337 3922 enim
381 3886 428 3925 aec
449 3870 532 3923 verba
554 3868 626 3921 inter
643 3885 671 3922 se
689 3886 759 3922 oom-
792 3871 902 3919 nostrae
918 3862 1144 3917 obtrectatoribus
1161 3861 1331 3932 respondere.

146 3936 249 3991 mutari
266 3955 285 3990 n
338 3937 514 4010 equidquam
537 3936 625 3990 atius
647 3936 758 3989 inveniri
829 3941 894 4011 Cap.
912 3947 954 3994 31.
973 3942 997 4008 ξ.
1014 3946 1055 3993 13.
1096 3948 1181 3991 astera
1200 3939 1243 3989 die
1261 3949 1351 3987 omnes
1369 3933 1401 3988 li·

286 3955 475 4079 edllthuiores
510 3956 571 4059 edd
606 4022 690 4075 usque
724 4006 759 4058 ad
792 4009 835 4064 bri
851 4026 912 4062 mss.
930 4006 1016 4061 nostri
1033 3956 1172 4060 etlinun
1206 4001 1289 4070 vulgo
1307 4011 1400 4080 poste-

184 4013 249 4060 test.

144 4025 270 4129 Freinsh·
283 4010 364 4145 iulgo
400 4077 489 4130 redire
506 4075 663 4144 habebant.)
684 4074 758 4127 Post·
793 4096 834 4131 ra.
868 4075 1027 4131 Constantia
1045 4073 1152 4144 quidem
1170 4076 1283 4124 nonest
1304 4069 1400 4126 mhao

146 4161 230 4214 qaam
252 4144 325 4214 quod
383 4144 421 4197 idi
446 4163 496 4216 pro
517 4153 692 4214 posteaquam
718 4143 758 4195 fe·
791 4163 830 4215 re,
857 4145 880 4198 si
906 4143 1014 4215 quidem
1035 4151 1143 4211 postera
1170 4140 1213 4191 die
1239 4137 1399 4194 servavimus

134 4221 222 4268 -ctum
240 4220 282 4266 est
299 4229 334 4266 ex
351 4213 468 4268 omnium
494 4213 570 4268 codd
588 4209 756 4264 auctoritate.
789 4207 1177 4282 1v‚14‚13etrestituimus
1195 4221 1238 4287 ιν,
1256 4213 1300 4273 24,
1319 4212 1353 4283 ².⁰
1370 4215 1400 4285 ep

181 4293 207 4358 ξ.
227 4297 268 4343 11.
295 4291 332 4343 im
350 4291 408 4360 ipre
430 4307 487 4344 sese
508 4288 665 4356 morituras]
692 4285 757 4338 Edi-
790 4297 821 4351 X,
840 4287 884 4349 25,
903 4286 929 4348 5,
946 4285 1041 4357 cauma
1053 4284 1160 4355 postero
1178 4277 1221 4327 dre
1243 4282 1272 4326 et
1289 4281 1400 4353 retinui-

144 4364 207 4411 tum
223 4367 265 4412 est
287 4377 304 4412 a
352 4358 470 4412 indelino
486 4355 606 4429 Spirensi
629 4371 657 4408 se
680 4356 715 4406 im
740 4355 757 4396 '-
791 4369 849 4404 mus
866 4350 946 4418 longe
961 4347 1083 4418 plurimis
1105 4341 1169 4395 locis
1186 4352 1215 4396 et
1236 4349 1400 4397 restituimus

141 4444 195 4498 pre
212 4429 370 4483 morituras:
396 4426 457 4482 libri
483 4444 544 4481 mss.
571 4423 686 4480 inultum
723 4422 757 4466 ‘-
792 4423 959 4489 v1,48,27.

1157 4496 1195 4550 4*
