2926 5174
192 301 267 371 374
653 317 687 379 o.
716 316 839 369 cumn
864 317 950 369 mm

183 527 264 576 care
290 503 447 600 fulgura,
480 512 517 576 et
541 527 636 575 nunc
661 501 891 575 internitente
916 503 1009 594 luce,
1040 527 1143 576 nunc
1170 502 1335 594 condita,
1358 531 1418 579 non

184 616 305 688 oculos
332 612 440 687 modo
467 612 618 686 meantis
645 613 842 703 exercitus,
882 613 947 687 sed
978 615 1085 688 etiam
1119 614 1267 687 animos
1301 626 1416 691 terrere

184 737 388 823 coeperunt.
440 723 529 796 Erat
554 751 666 824 prope
699 725 888 797 continuus
922 724 1009 797 coeli
1042 727 1187 823 fragor,
1230 735 1269 799 et
1302 729 1438 826 passimr

185 835 387 910 cadentium
412 835 599 908 firlminum
625 837 759 934 speeies
785 835 977 910 visebatur.
1017 836 1277 934 Attonitisque
1291 840 1415 912 auribus

184 958 332 1045 stupens
357 974 486 1045 agmen
511 972 576 1020 nec
602 946 779 1045 progredi,
805 972 872 1020 nec
899 945 1093 1022 consistere
1122 947 1298 1022 audebat.
1343 951 1436 1024 Tune

184 1069 331 1157 repente
348 1060 462 1132 imber
478 1057 689 1155 grandinem
705 1058 879 1132 incutiens
897 1059 1065 1131 torrentis
1089 1057 1207 1132 modo
1231 1061 1414 1134 effimditur.

184 1171 240 1243 Ac
265 1171 379 1268 primo
406 1169 549 1267 quidem
575 1169 682 1243 armis
709 1168 782 1242 suis
808 1171 893 1243 tecti
918 1180 1148 1268 exceperant,
1177 1170 1248 1244 sed
1272 1173 1342 1246 iam
1365 1199 1414 1246 nec
1445 1239 1447 1242 ,

184 1282 337 1354 retinere
364 1307 463 1354 arma
487 1281 644 1354 lubricae
671 1290 708 1354 et
732 1280 889 1379 rigentes
915 1307 1039 1354 manus
1067 1293 1258 1378 poterant,
1286 1274 1349 1356 nee
1364 1285 1414 1382 ipsi

185 1394 373 1483 destinare,
400 1395 437 1466 in
454 1417 561 1489 quarn
579 1393 761 1490 regionem
787 1394 1016 1465 obverterent
1033 1418 1205 1489 corpora,
1235 1419 1318 1467 cum
1334 1395 1412 1468 undi-

185 1529 254 1601 que
280 1505 502 1602 tempestatis
526 1505 696 1577 violentia
721 1504 843 1594 maior,
870 1529 977 1600 quem
993 1504 1413 1593 vitabatur,0ccurrera

185 1615 283 1713 Ergo
309 1616 492 1717 ordinibps
520 1617 645 1689 solutis
670 1640 734 1712 per
750 1624 867 1687 totum
886 1615 1015 1686 saltum
1033 1614 1290 1689 errabundum
1307 1637 1429 1718 agmen

187 1728 383 1817 serebatur;
409 1727 581 1823 multique
598 1728 696 1825 prius
714 1736 822 1816 metu,
849 1751 956 1822 quam
981 1726 1104 1801 labore
1130 1725 1333 1826 defatigati,
1357 1755 1413 1828 pro

187 1849 393 1913 straverant
424 1839 523 1910 humi
550 1864 718 1936 corpora,
762 1863 975 1934 quamquam
1009 1839 1168 1910 imbrem
1206 1838 1263 1911 vis
1298 1840 1413 1940 frigoris

188 1960 356 2024 concreto
381 1951 464 2048 gelu
490 1950 716 2022 astrinxerat.
768 1948 840 2020 Alii
862 1974 900 2020 se
922 1949 1102 2046 stipitibus
1123 1950 1303 2023 arborum
1320 1951 1434 2026 adnot

189 2072 336 2136 verant:
363 2061 401 2134 id
426 2060 585 2159 plurimis
612 2071 649 2133 et
675 2057 926 2132 adminiculum
953 2071 989 2136 et
1014 2061 1218 2160 suffugium
1237 2074 1325 2136 erat.
1360 2060 1434 2136 Nur

188 2174 335 2248 fallebat
366 2172 463 2269 ipsos
495 2173 602 2245 morti
633 2174 750 2244 locum
784 2171 928 2269 eligere,
969 2199 1048 2245 cum
1078 2172 1291 2247 immobiles
1322 2173 1416 2248 vitulis

190 2287 286 2359 calor
310 2285 504 2380 linqueret:
543 2283 606 2356 sed
638 2292 742 2382 grata
768 2293 845 2356 erat
876 2284 1018 2382 pigritia
1042 2309 1246 2382 corporum
1272 2284 1416 2384 fatigatis,

189 2423 255 2471 nee
279 2395 494 2468 recusabant
520 2395 680 2493 extingui
707 2394 930 2491 quiescendo.
984 2393 1125 2492 Quippe
1148 2422 1229 2468 non
1246 2399 1415 2471 vehemens

189 2506 297 2580 modo
304 2562 313 2596 ,
349 2506 414 2578 sed
446 2505 553 2578 etiarn
584 2506 750 2604 pertinax
782 2505 836 2577 vis
870 2508 956 2579 mali
986 2506 1201 2596 insistebat3
1244 2508 1414 2606 lucemque,

189 2619 352 2694 naturale
379 2617 555 2708 solatium,
581 2626 723 2715 praeter
745 2619 995 2715 tempestatem
1011 2616 1111 2689 haud
1131 2617 1319 2717 disparem
1334 2617 1414 2705 noct

190 2732 361 2804 silvarum
387 2756 528 2826 quoque
548 2730 676 2802 umbra
695 2738 950 2827 suppresserat.
1003 2729 1084 2802 Rex
1109 2752 1210 2802 unus
1239 2732 1331 2804 tanti
1354 2726 1455 2802 mait-

189 2843 328 2941 patiens
355 2841 538 2914 circumire
564 2842 703 2931 militen,
730 2841 939 2913 contrahere
959 2840 1153 2938 dispersos,
1182 2843 1341 2916 allevare
1356 2864 1413 2939 pro-

190 3066 231 3113 est
248 3066 388 3129 utrumque
405 3067 434 3113 et
450 3061 529 3113 urinis
542 3067 570 3112 et
579 3061 672 3112 domno
691 3057 792 3136 eVoss.
826 3057 888 3128 quia
905 3056 933 3111 in
950 3057 1086 3138 Sigeberg.
1105 3058 1255 3115 invenerat
1273 3062 1377 3115 lubricae
1389 3055 1413 3107 u'·

192 3135 204 3181 1
225 3136 253 3181 et
273 3127 344 3180 Flor.
358 3132 397 3195 A,
425 3128 488 3182 item
511 3146 527 3180 e
549 3128 630 3182 Bern.
649 3127 674 3181 A
696 3127 742 3179 sed
765 3143 792 3178 m
825 3137 923 3196 pentes,
942 3126 998 3179 sine
1015 3128 1217 3196 comunctione,
1237 3129 1321 3183 edidit
1335 3139 1413 3180 uerre-

190 3197 266 3249 huius
287 3196 406 3265 margine
426 3196 595 3262 adscribitur,
624 3196 652 3249 in
677 3195 748 3248 Flor.
768 3192 794 3246 G
828 3197 909 3248 tinere
922 3214 997 3248 ormo
1010 3197 1112 3248 lubrica
1126 3199 1248 3278 rigentes
1263 3215 1353 3252 monus
1391 3201 1413 3246 tt·

192 3273 280 3318 autem
290 3273 431 3336 utrumque
441 3264 616 3334 coniungitur.
648 3264 724 3327 Quae
734 3281 794 3316 cum
828 3273 897 3317 runt.
933 3264 972 3318 Ut
989 3263 1016 3317 in
1034 3263 1124 3333 Sigeb.
1144 3284 1185 3320 sm
1208 3267 1291 3321 etiarn
1308 3267 1335 3320 in
1350 3211 1411 3338 Pii}

190 3332 231 3386 ite
256 3331 317 3397 sint,
343 3334 443 3402 poterit
461 3335 603 3387 secundum
628 3332 708 3385 libros
733 3349 793 3383 mss.
828 3331 941 3385 traditur
958 3348 1022 3399 esse,
1044 3341 1073 3385 et
1091 3335 1194 3389 lubrice
1213 3338 1327 3406 rigentes
1348 3339 1413 3386 utu

192 3408 238 3454 aut
254 3399 337 3469 princi
359 3420 402 3454 um
420 3402 565 3455 editionum
578 3400 705 3454 autMod.
715 3399 793 3453 lectio
828 3401 899 3454 Flor.
909 3400 959 3455 DI.

190 3468 311 3541 probari:
330 3419 395 3522 iliud
407 3469 433 3523 in
447 3471 534 3541 priore
544 3469 659 3522 editione
673 3469 793 3534 fecerum,
864 3473 887 3534 §.
907 3475 931 3522 6.
967 3471 1114 3541 deserique]
1154 3474 1295 3543 defetigati
1319 3471 1345 3524 in
1362 3467 1414 3522 mr.

191 3554 260 3590 nuno
277 3537 396 3591 Modium
413 3556 518 3609 sequor,
542 3545 570 3590 et
587 3554 690 3591 omnem
709 3536 794 3589 diver·
828 3536 954 3604 (Heinsii)
973 3547 1001 3592 et
1010 3538 1107 3591 Voss]
1129 3538 1276 3594 inventum
1289 3556 1344 3594 esse
1355 3550 1413 3592 cmv

192 3605 299 3659 sitatem
316 3605 377 3659 inde
394 3615 484 3660 uatem
500 3614 565 3677 puto
584 3606 655 3676 quod
673 3604 735 3658 olim
748 3621 794 3656 ex·
828 3614 869 3658 tat
896 3604 1125 3673 snakenburgius:
1155 3608 1280 3680 mihique
1311 3608 1374 3662 iden
1391 3617 1413 3654 0¹

191 3675 292 3729 uiderat
309 3676 387 3728 minis
409 3685 472 3746 post
493 3677 550 3728 siue
572 3682 601 3726 et
624 3673 794 3743 supplebatur
829 3674 909 3726 Bern.
923 3676 949 3727 A
967 3684 994 3728 et
1012 3674 1062 3728 h.l.
1081 3683 1110 3727 et
1126 3691 1177 3744 1x,
1198 3685 1231 3745 7,
1253 3685 1283 3731 11
1308 3680 1412 3748 euentu·

191 3743 294 3797 adiecto
317 3745 399 3796 verbo
427 3747 528 3797 domno.
565 3742 691 3796 Ceterum
712 3759 794 3811 proe—
828 3741 1021 3797 EFlorentiuis
1038 3750 1127 3796 tamen
1148 3746 1218 3799 nibil
1232 3764 1249 3801 a
1262 3743 1413 3867 vulgentur

192 3815 252 3867 terit
269 3812 342 3865 Flor.
359 3811 456 3865 BFGl.
827 3819 907 3881 ‚ptura
930 3811 1060 3867 diversum
1081 3812 1211 3882 effertur,
1241 3814 1291 3868 nisi
1326 3811 1412 3867 deu

227 3882 454 3946 §.teodericium
486 3879 620 3947 ulmiuum]
645 3880 794 3932 adeuntium
823 3881 939 3949 fatigati
955 3879 984 3933 in
1000 3877 1058 3932 BG.
1281 3938 1284 3942 ,
1390 3938 1410 3954 Ι,

190 3951 272 4004 Bern.
282 3952 330 4001 AB
347 3948 451 4002 Flor.A
479 3948 530 4002 CH
538 3946 793 4001 Leidv0ssredd.
864 3951 887 4012 §.
902 3953 927 4000 8.
960 3949 1112 4016 inmobiles]
1149 3949 1283 4004 Veterem
1299 3952 1411 4004 aarum

191 4017 514 4139 Ξτῂεαηὲεᾶιὲῂὶωιῗῧτ.
525 4016 708 4136 Epiugrguum
714 4015 793 4138 Βὸτη.
829 4016 944 4137 foprngmt
957 4014 1410 4141 imtrerrobilffinFlorfil-Bcglggstl:

260 4103 297 4138 or.
412 4102 462 4139 er,
501 4101 551 4138 oss.
596 4101 611 4137 e
649 4104 705 4138 .r.
751 4103 794 4138 or·
827 4101 930 4137 rernn
971 4102 1067 4138 rme
1152 4105 1175 4140 r.
1218 4105 1256 4141 er.

193 4153 265 4207 rexit
289 4153 401 4206 Aldinus
427 4153 523 4206 editor.
563 4152 633 4205 Tum
660 4104 794 4206 ebacidere
829 4124 1051 4207 mobileis'Iunius
1069 4104 1155 4223 dedii,
1173 4157 1312 4227 vulgarem
1327 4125 1408 4209 seim

194 4222 256 4276 edd.
267 4229 369 4274 veteres
379 4231 407 4274 et
416 4223 490 4276 codd.
505 4221 588 4274 nostri
601 4237 690 4275 omnes
700 4221 793 4288 (Snak.
828 4221 943 4275 Medius.

195 4289 289 4342 silente
307 4291 339 4341 de
361 4289 424 4356 suis)
452 4293 590 4344 consistere
612 4298 685 4343 recte
706 4305 794 4342 emen·
864 4291 955 4344 umbra
972 4293 1169 4363 suppresserat]
1193 4289 1407 4349 mononem

196 4357 270 4410 davit
287 4356 427 4411 Aoidalius.
830 4361 892 4411 true
909 4370 1117 4430 suppresserant,
1139 4362 1217 4432 quod
1234 4361 1338 4419 Modiu
1351 4367 1406 4429 pr*

230 4430 256 4494 s.
274 4431 298 4478 5.
333 4426 447 4482 lubricae
477 4437 500 4480 et
530 4428 653 4498 rigentes]
688 4424 795 4480 Medius
829 4426 901 4482 tulit.
1012 4451 1015 4461 ·
