<?xml version="1.0" encoding="UTF-8"?>
<!DOCTYPE html PUBLIC "-//W3C//DTD XHTML 1.0 Transitional//EN"
    "http://www.w3.org/TR/xhtml1/DTD/xhtml1-transitional.dtd">
<html xmlns="http://www.w3.org/1999/xhtml" xml:lang="en" lang="en">
 <head>
  <title>
</title>
<meta http-equiv="Content-Type" content="text/html;charset=utf-8" />
  <meta name='ocr-system' content='tesseract 3.04.00' />
  <meta name='ocr-capabilities' content='ocr_page ocr_carea ocr_par ocr_line ocrx_word'/>
</head>
<body>
  <div class='ocr_page' id='page_1' title='image "./qcurtiirufidege01rufugoog_0397.png"; bbox 0 0 2926 5174; ppageno 0'>
   <div class='ocr_carea' id='block_1_1' title="bbox 174 295 941 382">
    <p class='ocr_par' dir='ltr' id='par_1_1' title="bbox 174 295 941 382">
     <span class='ocr_line' id='line_1_1' title="bbox 174 295 941 382; baseline 0.005 -16"><span class='ocrx_word' id='word_1_1' title='bbox 174 295 246 367; x_wconf 84' lang='grc'>366</span> <span class='ocrx_word' id='word_1_2' title='bbox 642 320 678 382; x_wconf 80' lang='lat' dir='ltr'>Q.</span> <span class='ocrx_word' id='word_1_3' title='bbox 705 319 830 372; x_wconf 86' lang='lat' dir='ltr'>cuarn</span> <span class='ocrx_word' id='word_1_4' title='bbox 855 319 941 370; x_wconf 80' lang='lat' dir='ltr'>eurr</span> 
     </span>
    </p>
   </div>
   <div class='ocr_carea' id='block_1_2' title="bbox 80 501 1454 3535">
    <p class='ocr_par' dir='ltr' id='par_1_2' title="bbox 149 501 1439 1269">
     <span class='ocr_line' id='line_1_2' title="bbox 169 501 1439 599; baseline -0.005 -25"><span class='ocrx_word' id='word_1_5' title='bbox 169 501 363 574; x_wconf 87' lang='lat' dir='ltr'>amicorum</span> <span class='ocrx_word' id='word_1_6' title='bbox 397 526 526 599; x_wconf 88' lang='lat' dir='ltr'>corpus</span> <span class='ocrx_word' id='word_1_7' title='bbox 561 503 720 576; x_wconf 91' lang='lat' dir='ltr'>ablatum</span> <span class='ocrx_word' id='word_1_8' title='bbox 751 516 816 578; x_wconf 92' lang='lat' dir='ltr'>est.</span> <span class='ocrx_word' id='word_1_9' title='bbox 867 503 948 577; x_wconf 87' lang='lat' dir='ltr'>Rex</span> <span class='ocrx_word' id='word_1_10' title='bbox 979 501 1148 576; x_wconf 86' lang='lat' dir='ltr'>triduum</span> <span class='ocrx_word' id='word_1_11' title='bbox 1174 504 1290 576; x_wconf 85' lang='lat' dir='ltr'>iacuit</span> <span class='ocrx_word' id='word_1_12' title='bbox 1312 503 1405 575; x_wconf 90' lang='lat' dir='ltr'>inclu-</span> <span class='ocrx_word' id='word_1_13' title='bbox 1419 522 1439 569; x_wconf 91' lang='lat' dir='ltr'>n</span> 
     </span>
     <span class='ocr_line' id='line_1_3' title="bbox 170 609 1404 713; baseline 0.001 -28"><span class='ocrx_word' id='word_1_14' title='bbox 170 637 241 686; x_wconf 86' lang='lat' dir='ltr'>sus.</span> <span class='ocrx_word' id='word_1_15' title='bbox 277 609 392 701; x_wconf 83' lang='lat' dir='ltr'><strong>Quem</strong></span> <span class='ocrx_word' id='word_1_16' title='bbox 410 623 452 685; x_wconf 92' lang='lat' dir='ltr'>ut</span> <span class='ocrx_word' id='word_1_17' title='bbox 470 614 634 712; x_wconf 84' lang='lat' dir='ltr'>armigeri</span> <span class='ocrx_word' id='word_1_18' title='bbox 659 617 888 713; x_wconf 79' lang='lat' dir='ltr'>corporisque</span> <span class='ocrx_word' id='word_1_19' title='bbox 915 613 1085 688; x_wconf 79' lang='lat' dir='ltr'><strong>custodes</strong></span> <span class='ocrx_word' id='word_1_20' title='bbox 1114 614 1166 686; x_wconf 89' lang='lat' dir='ltr'>ad</span> <span class='ocrx_word' id='word_1_21' title='bbox 1193 613 1404 687; x_wconf 84' lang='lat' dir='ltr'>moriendum</span> 
     </span>
     <span class='ocr_line' id='line_1_4' title="bbox 149 723 1404 824; baseline 0.001 -29"><span class='ocrx_word' id='word_1_22' title='bbox 149 723 389 796; x_wconf 75' lang='lat' dir='ltr'>‘obstinatum</span> <span class='ocrx_word' id='word_1_23' title='bbox 434 751 512 798; x_wconf 87' lang='lat' dir='ltr'>esse</span> <span class='ocrx_word' id='word_1_24' title='bbox 559 739 822 824; x_wconf 88' lang='lat' dir='ltr'>cognoverunt,</span> <span class='ocrx_word' id='word_1_25' title='bbox 865 727 1022 799; x_wconf 89' lang='lat' dir='ltr'>universi</span> <span class='ocrx_word' id='word_1_26' title='bbox 1062 728 1103 798; x_wconf 92' lang='lat' dir='ltr'>in</span> <span class='ocrx_word' id='word_1_27' title='bbox 1146 725 1404 799; x_wconf 87' lang='lat' dir='ltr'>tabernaculum</span> 
     </span>
     <span class='ocr_line' id='line_1_5' title="bbox 168 835 1402 935; baseline -0.001 -27"><span class='ocrx_word' id='word_1_28' title='bbox 168 836 380 935; x_wconf 90' lang='lat' dir='ltr'>irrumpunt,</span> <span class='ocrx_word' id='word_1_29' title='bbox 412 835 542 932; x_wconf 93' lang='lat' dir='ltr'>diuque</span> <span class='ocrx_word' id='word_1_30' title='bbox 568 838 733 935; x_wconf 84' lang='lat' dir='ltr'>precibus</span> <span class='ocrx_word' id='word_1_31' title='bbox 759 839 917 935; x_wconf 88' lang='lat' dir='ltr'>ipsorum</span> <span class='ocrx_word' id='word_1_32' title='bbox 943 839 1167 911; x_wconf 75' lang='lat' dir='ltr'>reluctatum</span> <span class='ocrx_word' id='word_1_33' title='bbox 1195 861 1306 934; x_wconf 89' lang='lat' dir='ltr'>aegre</span> <span class='ocrx_word' id='word_1_34' title='bbox 1329 836 1402 907; x_wconf 83' lang='lat' dir='ltr'>vice</span> 
     </span>
     <span class='ocr_line' id='line_1_6' title="bbox 170 948 1437 1047; baseline -0.001 -28"><span class='ocrx_word' id='word_1_35' title='bbox 170 959 264 1038; x_wconf 91' lang='lat' dir='ltr'>runt,</span> <span class='ocrx_word' id='word_1_36' title='bbox 290 958 332 1020; x_wconf 92' lang='lat' dir='ltr'>ut</span> <span class='ocrx_word' id='word_1_37' title='bbox 356 949 474 1020; x_wconf 93' lang='lat' dir='ltr'>cibum</span> <span class='ocrx_word' id='word_1_38' title='bbox 502 962 654 1047; x_wconf 87' lang='lat' dir='ltr'>caperet.</span> <span class='ocrx_word' id='word_1_39' title='bbox 699 948 848 1046; x_wconf 79' lang='lat' dir='ltr'>Quoque</span> <span class='ocrx_word' id='word_1_40' title='bbox 865 951 983 1021; x_wconf 89' lang='lat' dir='ltr'>minus</span> <span class='ocrx_word' id='word_1_41' title='bbox 1002 949 1127 1022; x_wconf 85' lang='lat' dir='ltr'>caedis</span> <span class='ocrx_word' id='word_1_42' title='bbox 1149 949 1319 1047; x_wconf 80' lang='lat' dir='ltr'>puderet,</span> <span class='ocrx_word' id='word_1_43' title='bbox 1342 948 1403 1018; x_wconf 91' lang='lat' dir='ltr'>iure</span> <span class='ocrx_word' id='word_1_44' title='bbox 1416 965 1437 1012; x_wconf 81' lang='lat'>1²</span> 
     </span>
     <span class='ocr_line' id='line_1_7' title="bbox 169 1057 1402 1159; baseline 0.001 -28"><span class='ocrx_word' id='word_1_45' title='bbox 169 1059 395 1132; x_wconf 85' lang='lat' dir='ltr'>interfectum</span> <span class='ocrx_word' id='word_1_46' title='bbox 422 1057 553 1133; x_wconf 81' lang='lat' dir='ltr'>Clitum</span> <span class='ocrx_word' id='word_1_47' title='bbox 579 1059 793 1134; x_wconf 81' lang='lat' dir='ltr'><strong>Macedones</strong></span> <span class='ocrx_word' id='word_1_48' title='bbox 820 1059 1028 1152; x_wconf 92' lang='lat' dir='ltr'>decernunt,</span> <span class='ocrx_word' id='word_1_49' title='bbox 1056 1063 1257 1159; x_wconf 86' lang='lat' dir='ltr'>sepultura</span> <span class='ocrx_word' id='word_1_50' title='bbox 1282 1084 1402 1157; x_wconf 86' lang='lat' dir='ltr'>qnoque</span> 
     </span>
     <span class='ocr_line' id='line_1_8' title="bbox 169 1171 906 1269; baseline 0.001 -27"><span class='ocrx_word' id='word_1_51' title='bbox 169 1171 391 1269; x_wconf 82' lang='lat' dir='ltr'>prohibituri,</span> <span class='ocrx_word' id='word_1_52' title='bbox 418 1174 455 1245; x_wconf 93' lang='lat' dir='ltr'>ni</span> <span class='ocrx_word' id='word_1_53' title='bbox 480 1199 547 1245; x_wconf 89' lang='lat' dir='ltr'>rex</span> <span class='ocrx_word' id='word_1_54' title='bbox 572 1174 711 1245; x_wconf 86' lang='lat' dir='ltr'>humari</span> <span class='ocrx_word' id='word_1_55' title='bbox 737 1173 906 1246; x_wconf 86' lang='lat' dir='ltr'>iussisset.</span> 
     </span>
    </p>

    <p class='ocr_par' dir='ltr' id='par_1_3' title="bbox 120 1280 1454 2833">
     <span class='ocr_line' id='line_1_9' title="bbox 120 1280 1433 1382; baseline -0.002 -27"><span class='ocrx_word' id='word_1_56' title='bbox 120 1285 141 1355; x_wconf 79' lang='lat'><strong>7</strong></span> <span class='ocrx_word' id='word_1_57' title='bbox 272 1283 385 1382; x_wconf 82' lang='lat' dir='ltr'>Igitur</span> <span class='ocrx_word' id='word_1_58' title='bbox 410 1283 534 1358; x_wconf 92' lang='lat' dir='ltr'>decem</span> <span class='ocrx_word' id='word_1_59' title='bbox 559 1283 685 1357; x_wconf 91' lang='lat' dir='ltr'>diebus</span> <span class='ocrx_word' id='word_1_60' title='bbox 717 1284 872 1357; x_wconf 86' lang='lat' dir='ltr'>maxime</span> <span class='ocrx_word' id='word_1_61' title='bbox 903 1283 951 1356; x_wconf 93' lang='lat' dir='ltr'>ad</span> <span class='ocrx_word' id='word_1_62' title='bbox 982 1283 1283 1356; x_wconf 86' lang='lat' dir='ltr'>confirmandum</span> <span class='ocrx_word' id='word_1_63' title='bbox 1311 1280 1433 1380; x_wconf 66' lang='lat' dir='ltr'>pudor</span> 
     </span>
     <span class='ocr_line' id='line_1_10' title="bbox 168 1391 1401 1494; baseline -0.002 -27"><span class='ocrx_word' id='word_1_64' title='bbox 168 1420 245 1468; x_wconf 90' lang='lat' dir='ltr'>rem</span> <span class='ocrx_word' id='word_1_65' title='bbox 271 1395 368 1492; x_wconf 91' lang='lat' dir='ltr'>apud</span> <span class='ocrx_word' id='word_1_66' title='bbox 392 1395 609 1468; x_wconf 82' lang='lat' dir='ltr'>Maracanda</span> <span class='ocrx_word' id='word_1_67' title='bbox 635 1396 865 1494; x_wconf 75' lang='lat' dir='ltr'>consumptio,</span> <span class='ocrx_word' id='word_1_68' title='bbox 897 1421 980 1468; x_wconf 89' lang='lat' dir='ltr'>cum</span> <span class='ocrx_word' id='word_1_69' title='bbox 1006 1406 1113 1493; x_wconf 88' lang='lat' dir='ltr'>parte</span> <span class='ocrx_word' id='word_1_70' title='bbox 1141 1395 1325 1468; x_wconf 85' lang='lat' dir='ltr'>exercitus</span> <span class='ocrx_word' id='word_1_71' title='bbox 1347 1391 1401 1465; x_wconf 83' lang='lat' dir='ltr'>He</span> 
     </span>
     <span class='ocr_line' id='line_1_11' title="bbox 169 1504 1399 1605; baseline -0.001 -27"><span class='ocrx_word' id='word_1_72' title='bbox 169 1507 415 1605; x_wconf 86' lang='lat' dir='ltr'>phaestionem</span> <span class='ocrx_word' id='word_1_73' title='bbox 446 1506 482 1578; x_wconf 93' lang='lat' dir='ltr'>in</span> <span class='ocrx_word' id='word_1_74' title='bbox 513 1509 694 1605; x_wconf 85' lang='lat' dir='ltr'>regionem</span> <span class='ocrx_word' id='word_1_75' title='bbox 720 1507 946 1580; x_wconf 87' lang='lat' dir='ltr'>Bactrianam</span> <span class='ocrx_word' id='word_1_76' title='bbox 977 1508 1092 1596; x_wconf 85' lang='lat' dir='ltr'>misit,</span> <span class='ocrx_word' id='word_1_77' title='bbox 1133 1504 1399 1578; x_wconf 89' lang='lat' dir='ltr'>commeatusin</span> 
     </span>
     <span class='ocr_line' id='line_1_12' title="bbox 169 1615 1425 1716; baseline -0.002 -26"><span class='ocrx_word' id='word_1_78' title='bbox 169 1617 321 1691; x_wconf 91' lang='lat' dir='ltr'>hiemem</span> <span class='ocrx_word' id='word_1_79' title='bbox 355 1630 572 1716; x_wconf 88' lang='lat' dir='ltr'>paraturum.</span> <span class='ocrx_word' id='word_1_80' title='bbox 626 1615 742 1707; x_wconf 78' lang='lat' dir='ltr'>Quam</span> <span class='ocrx_word' id='word_1_81' title='bbox 776 1617 867 1691; x_wconf 87' lang='lat' dir='ltr'>Clito</span> <span class='ocrx_word' id='word_1_82' title='bbox 901 1629 1023 1692; x_wconf 89' lang='lat' dir='ltr'>autem</span> <span class='ocrx_word' id='word_1_83' title='bbox 1056 1617 1312 1691; x_wconf 85' lang='lat' dir='ltr'>destinaverat</span> <span class='ocrx_word' id='word_1_84' title='bbox 1337 1630 1425 1714; x_wconf 78' lang='lat' dir='ltr'>prou</span> 
     </span>
     <span class='ocr_line' id='line_1_13' title="bbox 170 1727 1398 1831; baseline 0.001 -29"><span class='ocrx_word' id='word_1_85' title='bbox 170 1728 332 1819; x_wconf 89' lang='lat' dir='ltr'>vinciam,</span> <span class='ocrx_word' id='word_1_86' title='bbox 359 1729 540 1831; x_wconf 87' lang='lat' dir='ltr'>Amyntae</span> <span class='ocrx_word' id='word_1_87' title='bbox 567 1729 684 1802; x_wconf 90' lang='lat' dir='ltr'>dedit:</span> <span class='ocrx_word' id='word_1_88' title='bbox 721 1731 797 1828; x_wconf 89' lang='lat' dir='ltr'>ipse</span> <span class='ocrx_word' id='word_1_89' title='bbox 822 1729 988 1828; x_wconf 88' lang='lat' dir='ltr'>Xenippa</span> <span class='ocrx_word' id='word_1_90' title='bbox 1013 1732 1197 1828; x_wconf 81' lang='lat' dir='ltr'>pervenit</span> <span class='ocrx_word' id='word_1_91' title='bbox 1253 1727 1398 1828; x_wconf 71' lang='lat' dir='ltr'>Scythia</span> 
     </span>
     <span class='ocr_line' id='line_1_14' title="bbox 170 1839 1454 1940; baseline -0.001 -27"><span class='ocrx_word' id='word_1_92' title='bbox 170 1841 317 1914; x_wconf 88' lang='lat' dir='ltr'>confinis</span> <span class='ocrx_word' id='word_1_93' title='bbox 339 1853 395 1913; x_wconf 85' lang='lat' dir='ltr'>est</span> <span class='ocrx_word' id='word_1_94' title='bbox 415 1844 523 1940; x_wconf 89' lang='lat' dir='ltr'>regio,</span> <span class='ocrx_word' id='word_1_95' title='bbox 542 1841 794 1939; x_wconf 88' lang='lat' dir='ltr'>habitaturque</span> <span class='ocrx_word' id='word_1_96' title='bbox 812 1843 974 1940; x_wconf 88' lang='lat' dir='ltr'>pluribus</span> <span class='ocrx_word' id='word_1_97' title='bbox 993 1869 1037 1915; x_wconf 90' lang='lat' dir='ltr'>ac</span> <span class='ocrx_word' id='word_1_98' title='bbox 1050 1842 1307 1940; x_wconf 85' lang='lat' dir='ltr'>frequentibus</span> <span class='ocrx_word' id='word_1_99' title='bbox 1319 1839 1396 1925; x_wconf 82' lang='lat' dir='ltr'>vids,</span> <span class='ocrx_word' id='word_1_100' title='bbox 1443 1860 1454 1893; x_wconf 92' lang='grc'>-·</span> 
     </span>
     <span class='ocr_line' id='line_1_15' title="bbox 170 1952 1395 2052; baseline 0 -27"><span class='ocrx_word' id='word_1_101' title='bbox 170 1953 252 2049; x_wconf 90' lang='lat' dir='ltr'>quia</span> <span class='ocrx_word' id='word_1_102' title='bbox 278 1954 423 2026; x_wconf 81' lang='lat' dir='ltr'>ubertas</span> <span class='ocrx_word' id='word_1_103' title='bbox 450 1965 567 2027; x_wconf 88' lang='lat' dir='ltr'>terrae</span> <span class='ocrx_word' id='word_1_104' title='bbox 593 1979 666 2025; x_wconf 92' lang='lat' dir='ltr'>non</span> <span class='ocrx_word' id='word_1_105' title='bbox 692 1953 876 2052; x_wconf 88' lang='lat' dir='ltr'>indigenas</span> <span class='ocrx_word' id='word_1_106' title='bbox 902 1953 1012 2026; x_wconf 94' lang='lat' dir='ltr'>modo</span> <span class='ocrx_word' id='word_1_107' title='bbox 1039 1953 1194 2044; x_wconf 86' lang='lat' dir='ltr'>detinet,</span> <span class='ocrx_word' id='word_1_108' title='bbox 1223 1952 1395 2026; x_wconf 83' lang='lat' dir='ltr'>sedetiam</span> 
     </span>
     <span class='ocr_line' id='line_1_16' title="bbox 169 2060 1425 2162; baseline -0.003 -25"><span class='ocrx_word' id='word_1_109' title='bbox 169 2064 326 2139; x_wconf 90' lang='lat' dir='ltr'>advenas</span> <span class='ocrx_word' id='word_1_110' title='bbox 352 2066 491 2137; x_wconf 89' lang='lat' dir='ltr'>invitat.</span> <span class='ocrx_word' id='word_1_111' title='bbox 542 2065 812 2138; x_wconf 89' lang='lat' dir='ltr'>Bactrianorum</span> <span class='ocrx_word' id='word_1_112' title='bbox 839 2066 1000 2155; x_wconf 88' lang='lat' dir='ltr'>exulum,</span> <span class='ocrx_word' id='word_1_113' title='bbox 1033 2066 1096 2162; x_wconf 91' lang='lat' dir='ltr'>qui</span> <span class='ocrx_word' id='word_1_114' title='bbox 1129 2065 1178 2138; x_wconf 90' lang='lat' dir='ltr'>ab</span> <span class='ocrx_word' id='word_1_115' title='bbox 1208 2060 1394 2137; x_wconf 83' lang='lat' dir='ltr'>Alexandro</span> <span class='ocrx_word' id='word_1_116' title='bbox 1405 2072 1425 2121; x_wconf 80' lang='lat'>1⁵</span> 
     </span>
     <span class='ocr_line' id='line_1_17' title="bbox 170 2169 1394 2275; baseline -0.002 -27"><span class='ocrx_word' id='word_1_117' title='bbox 170 2175 381 2267; x_wconf 87' lang='lat' dir='ltr'>defecerant,</span> <span class='ocrx_word' id='word_1_118' title='bbox 408 2177 671 2275; x_wconf 84' lang='lat' dir='ltr'>receptaculum</span> <span class='ocrx_word' id='word_1_119' title='bbox 696 2178 821 2249; x_wconf 90' lang='lat' dir='ltr'>fuerat.</span> <span class='ocrx_word' id='word_1_120' title='bbox 875 2175 947 2249; x_wconf 84' lang='lat' dir='ltr'>Sed</span> <span class='ocrx_word' id='word_1_121' title='bbox 978 2186 1176 2274; x_wconf 86' lang='lat' dir='ltr'>postquam</span> <span class='ocrx_word' id='word_1_122' title='bbox 1207 2200 1329 2273; x_wconf 89' lang='lat' dir='ltr'>regem</span> <span class='ocrx_word' id='word_1_123' title='bbox 1350 2169 1394 2244; x_wconf 80' lang='lat' dir='ltr'>ud</span> 
     </span>
     <span class='ocr_line' id='line_1_18' title="bbox 170 2287 1417 2386; baseline -0.005 -24"><span class='ocrx_word' id='word_1_124' title='bbox 170 2301 318 2362; x_wconf 91' lang='lat' dir='ltr'>ventare</span> <span class='ocrx_word' id='word_1_125' title='bbox 350 2299 572 2386; x_wconf 90' lang='lat' dir='ltr'>compertum</span> <span class='ocrx_word' id='word_1_126' title='bbox 604 2299 678 2378; x_wconf 86' lang='lat' dir='ltr'>est,</span> <span class='ocrx_word' id='word_1_127' title='bbox 717 2287 810 2385; x_wconf 91' lang='lat' dir='ltr'>pulsi</span> <span class='ocrx_word' id='word_1_128' title='bbox 845 2288 890 2360; x_wconf 93' lang='lat' dir='ltr'>ab</span> <span class='ocrx_word' id='word_1_129' title='bbox 922 2287 1046 2359; x_wconf 87' lang='lat' dir='ltr'>incolis</span> <span class='ocrx_word' id='word_1_130' title='bbox 1079 2310 1107 2359; x_wconf 94' lang='lat'>11</span> <span class='ocrx_word' id='word_1_131' title='bbox 1139 2287 1241 2359; x_wconf 89' lang='lat' dir='ltr'>milia</span> <span class='ocrx_word' id='word_1_132' title='bbox 1272 2288 1341 2359; x_wconf 90' lang='lat' dir='ltr'>fere</span> <span class='ocrx_word' id='word_1_133' title='bbox 1368 2294 1417 2355; x_wconf 80' lang='lat' dir='ltr'>et·</span> 
     </span>
     <span class='ocr_line' id='line_1_19' title="bbox 170 2393 1415 2498; baseline -0.006 -26"><span class='ocrx_word' id='word_1_134' title='bbox 170 2401 352 2498; x_wconf 89' lang='lat' dir='ltr'>quingenti</span> <span class='ocrx_word' id='word_1_135' title='bbox 390 2409 661 2497; x_wconf 85' lang='lat' dir='ltr'>congregantur.</span> <span class='ocrx_word' id='word_1_136' title='bbox 722 2395 855 2472; x_wconf 89' lang='lat' dir='ltr'>Omnes</span> <span class='ocrx_word' id='word_1_137' title='bbox 892 2399 1027 2496; x_wconf 91' lang='lat' dir='ltr'>equites</span> <span class='ocrx_word' id='word_1_138' title='bbox 1064 2410 1192 2488; x_wconf 90' lang='lat' dir='ltr'>erant,</span> <span class='ocrx_word' id='word_1_139' title='bbox 1235 2398 1338 2470; x_wconf 90' lang='lat' dir='ltr'>etiam</span> <span class='ocrx_word' id='word_1_140' title='bbox 1367 2393 1415 2465; x_wconf 71' lang='lat' dir='ltr'>ins</span> 
     </span>
     <span class='ocr_line' id='line_1_20' title="bbox 171 2507 1391 2609; baseline -0.006 -26"><span class='ocrx_word' id='word_1_141' title='bbox 171 2537 257 2609; x_wconf 90' lang='lat' dir='ltr'>pace</span> <span class='ocrx_word' id='word_1_142' title='bbox 291 2512 483 2583; x_wconf 89' lang='lat' dir='ltr'>latrociniis</span> <span class='ocrx_word' id='word_1_143' title='bbox 516 2512 664 2583; x_wconf 89' lang='lat' dir='ltr'>assueti:</span> <span class='ocrx_word' id='word_1_144' title='bbox 706 2522 782 2582; x_wconf 93' lang='lat' dir='ltr'>tum</span> <span class='ocrx_word' id='word_1_145' title='bbox 817 2511 949 2583; x_wconf 90' lang='lat' dir='ltr'>ferocia</span> <span class='ocrx_word' id='word_1_146' title='bbox 983 2511 1128 2608; x_wconf 79' lang='lat' dir='ltr'>ingenia</span> <span class='ocrx_word' id='word_1_147' title='bbox 1169 2536 1247 2584; x_wconf 93' lang='lat' dir='ltr'>non</span> <span class='ocrx_word' id='word_1_148' title='bbox 1283 2507 1391 2581; x_wconf 88' lang='lat' dir='ltr'>bellun</span> 
     </span>
     <span class='ocr_line' id='line_1_21' title="bbox 168 2619 1390 2719; baseline -0.004 -25"><span class='ocrx_word' id='word_1_149' title='bbox 168 2621 276 2696; x_wconf 92' lang='lat' dir='ltr'>modo</span> <span class='ocrx_word' id='word_1_150' title='bbox 283 2679 292 2712; x_wconf 97' lang='lat'>,</span> <span class='ocrx_word' id='word_1_151' title='bbox 331 2621 394 2696; x_wconf 90' lang='lat' dir='ltr'>sed</span> <span class='ocrx_word' id='word_1_152' title='bbox 421 2624 528 2695; x_wconf 91' lang='lat' dir='ltr'>etiam</span> <span class='ocrx_word' id='word_1_153' title='bbox 548 2619 680 2696; x_wconf 88' lang='lat' dir='ltr'>&#39;veniae</span> <span class='ocrx_word' id='word_1_154' title='bbox 707 2620 908 2719; x_wconf 85' lang='lat' dir='ltr'>desperatio</span> <span class='ocrx_word' id='word_1_155' title='bbox 935 2622 1161 2694; x_wconf 87' lang='lat' dir='ltr'>efferaverat.</span> <span class='ocrx_word' id='word_1_156' title='bbox 1217 2620 1338 2716; x_wconf 86' lang='lat' dir='ltr'>ltaque</span> <span class='ocrx_word' id='word_1_157' title='bbox 1358 2638 1390 2689; x_wconf 76' lang='lat' dir='ltr'>ex</span> 
     </span>
     <span class='ocr_line' id='line_1_22' title="bbox 167 2730 1389 2833; baseline -0.007 -27"><span class='ocrx_word' id='word_1_158' title='bbox 167 2735 360 2832; x_wconf 87' lang='lat' dir='ltr'>improviso</span> <span class='ocrx_word' id='word_1_159' title='bbox 388 2733 505 2806; x_wconf 92' lang='lat' dir='ltr'>adorti</span> <span class='ocrx_word' id='word_1_160' title='bbox 532 2733 745 2833; x_wconf 83' lang='lat' dir='ltr'>Amyntam,</span> <span class='ocrx_word' id='word_1_161' title='bbox 781 2743 983 2830; x_wconf 90' lang='lat' dir='ltr'>praetorem</span> <span class='ocrx_word' id='word_1_162' title='bbox 1008 2731 1232 2822; x_wconf 86' lang='lat' dir='ltr'>Alexandri,</span> <span class='ocrx_word' id='word_1_163' title='bbox 1265 2730 1324 2802; x_wconf 91' lang='lat' dir='ltr'>diu</span> <span class='ocrx_word' id='word_1_164' title='bbox 1346 2750 1389 2799; x_wconf 88' lang='lat' dir='ltr'>an·</span> 
     </span>
    </p>

    <p class='ocr_par' dir='ltr' id='par_1_4' title="bbox 80 2836 1419 3391">
     <span class='ocr_line' id='line_1_23' title="bbox 80 2836 1419 2945; baseline -0.005 -25"><span class='ocrx_word' id='word_1_165' title='bbox 80 2849 83 2853; x_wconf 76' lang='grc'><strong>’</strong></span> <span class='ocrx_word' id='word_1_166' title='bbox 168 2872 251 2945; x_wconf 91' lang='lat' dir='ltr'>ceps</span> <span class='ocrx_word' id='word_1_167' title='bbox 284 2846 457 2944; x_wconf 90' lang='lat' dir='ltr'>proelium</span> <span class='ocrx_word' id='word_1_168' title='bbox 490 2848 664 2919; x_wconf 88' lang='lat' dir='ltr'>fecerant:</span> <span class='ocrx_word' id='word_1_169' title='bbox 700 2845 747 2918; x_wconf 89' lang='lat' dir='ltr'>ad</span> <span class='ocrx_word' id='word_1_170' title='bbox 779 2846 942 2917; x_wconf 90' lang='lat' dir='ltr'>ultimum</span> <span class='ocrx_word' id='word_1_171' title='bbox 972 2865 1046 2916; x_wconf 82' lang='lat' dir='ltr'>noc</span> <span class='ocrx_word' id='word_1_172' title='bbox 1079 2869 1236 2916; x_wconf 88' lang='lat' dir='ltr'>suorum</span> <span class='ocrx_word' id='word_1_173' title='bbox 1267 2836 1390 2923; x_wconf 78' lang='lat' dir='ltr'>amissis,</span> <span class='ocrx_word' id='word_1_174' title='bbox 1401 2846 1419 2897; x_wconf 79' lang='lat'>1¹</span> 
     </span>
     <span class='ocr_line' id='line_1_24' title="bbox 169 2944 1391 3056; baseline -0.009 -25"><span class='ocrx_word' id='word_1_175' title='bbox 169 2983 321 3054; x_wconf 92' lang='lat' dir='ltr'>quorum</span> <span class='ocrx_word' id='word_1_176' title='bbox 347 2979 416 3030; x_wconf 84' lang='lat' dir='ltr'>ccc</span> <span class='ocrx_word' id='word_1_177' title='bbox 444 2959 557 3031; x_wconf 88' lang='lat' dir='ltr'>hostis</span> <span class='ocrx_word' id='word_1_178' title='bbox 585 2969 744 3056; x_wconf 90' lang='lat' dir='ltr'>ceperat,</span> <span class='ocrx_word' id='word_1_179' title='bbox 781 2956 911 3031; x_wconf 93' lang='lat' dir='ltr'>dedere</span> <span class='ocrx_word' id='word_1_180' title='bbox 938 2968 1039 3054; x_wconf 89' lang='lat' dir='ltr'>terga</span> <span class='ocrx_word' id='word_1_181' title='bbox 1064 2955 1288 3046; x_wconf 87' lang='lat' dir='ltr'>victoribus,</span> <span class='ocrx_word' id='word_1_182' title='bbox 1316 2944 1391 3026; x_wconf 90' lang='lat' dir='ltr'>haud</span> 
     </span>
     <span class='ocr_line' id='line_1_25' title="bbox 169 3067 1390 3169; baseline -0.003 -28"><span class='ocrx_word' id='word_1_183' title='bbox 169 3095 264 3164; x_wconf 51' lang='lat' dir='ltr'>sanc¹</span> <span class='ocrx_word' id='word_1_184' title='bbox 279 3071 392 3162; x_wconf 91' lang='lat' dir='ltr'>inulti,</span> <span class='ocrx_word' id='word_1_185' title='bbox 420 3072 550 3169; x_wconf 93' lang='lat' dir='ltr'>quippe</span> <span class='ocrx_word' id='word_1_186' title='bbox 576 3093 680 3142; x_wconf 78' lang='lat' dir='ltr'>axxx</span> <span class='ocrx_word' id='word_1_187' title='bbox 699 3067 935 3141; x_wconf 90' lang='lat' dir='ltr'>Macedonum</span> <span class='ocrx_word' id='word_1_188' title='bbox 961 3067 1234 3158; x_wconf 83' lang='lat' dir='ltr'>interfecenmt,</span> <span class='ocrx_word' id='word_1_189' title='bbox 1261 3072 1390 3166; x_wconf 75' lang='lat' dir='ltr'>praeter</span> 
     </span>
     <span class='ocr_line' id='line_1_26' title="bbox 169 3174 1407 3278; baseline -0.007 -22"><span class='ocrx_word' id='word_1_190' title='bbox 169 3208 237 3278; x_wconf 94' lang='lat' dir='ltr'>que</span> <span class='ocrx_word' id='word_1_191' title='bbox 264 3208 325 3255; x_wconf 88' lang='lat' dir='ltr'>eos</span> <span class='ocrx_word' id='word_1_192' title='bbox 353 3203 423 3254; x_wconf 87' lang='lat' dir='ltr'>ccc</span> <span class='ocrx_word' id='word_1_193' title='bbox 452 3194 488 3255; x_wconf 93' lang='lat' dir='ltr'>et</span> <span class='ocrx_word' id='word_1_194' title='bbox 513 3205 536 3254; x_wconf 78' lang='lat' dir='ltr'>n</span> <span class='ocrx_word' id='word_1_195' title='bbox 563 3181 672 3253; x_wconf 89' lang='lat' dir='ltr'>saucii</span> <span class='ocrx_word' id='word_1_196' title='bbox 703 3180 786 3252; x_wconf 90' lang='lat' dir='ltr'>facti</span> <span class='ocrx_word' id='word_1_197' title='bbox 820 3192 912 3252; x_wconf 91' lang='lat' dir='ltr'>sunt.</span> <span class='ocrx_word' id='word_1_198' title='bbox 965 3176 1121 3251; x_wconf 90' lang='lat' dir='ltr'>Veniam</span> <span class='ocrx_word' id='word_1_199' title='bbox 1154 3188 1283 3260; x_wconf 89' lang='lat' dir='ltr'>tamen</span> <span class='ocrx_word' id='word_1_200' title='bbox 1307 3174 1407 3249; x_wconf 70' lang='lat' dir='ltr'>etim</span> 
     </span>
     <span class='ocr_line' id='line_1_27' title="bbox 167 3292 1001 3391; baseline -0.006 -26"><span class='ocrx_word' id='word_1_201' title='bbox 167 3303 251 3391; x_wconf 89' lang='lat' dir='ltr'>post</span> <span class='ocrx_word' id='word_1_202' title='bbox 276 3295 426 3366; x_wconf 89' lang='lat' dir='ltr'>alteram</span> <span class='ocrx_word' id='word_1_203' title='bbox 452 3292 686 3366; x_wconf 90' lang='lat' dir='ltr'>defectionem</span> <span class='ocrx_word' id='word_1_204' title='bbox 712 3293 1001 3390; x_wconf 87' lang='lat' dir='ltr'>impetraverunt.</span> 
     </span>
    </p>

    <p class='ocr_par' dir='ltr' id='par_1_5' title="bbox 118 3396 1391 3535">
     <span class='ocr_line' id='line_1_28' title="bbox 118 3396 1391 3535; baseline -0.007 -57"><span class='ocrx_word' id='word_1_205' title='bbox 118 3408 139 3478; x_wconf 92' lang='lat'><em>8</em></span> <span class='ocrx_word' id='word_1_206' title='bbox 270 3403 335 3477; x_wconf 91' lang='lat' dir='ltr'>His</span> <span class='ocrx_word' id='word_1_207' title='bbox 373 3406 409 3477; x_wconf 91' lang='lat' dir='ltr'>in</span> <span class='ocrx_word' id='word_1_208' title='bbox 448 3404 556 3477; x_wconf 86' lang='lat' dir='ltr'>fidem</span> <span class='ocrx_word' id='word_1_209' title='bbox 594 3405 764 3502; x_wconf 89' lang='lat' dir='ltr'>acceptis,</span> <span class='ocrx_word' id='word_1_210' title='bbox 793 3404 839 3535; x_wconf 57' lang='lat' dir='ltr'>in</span> <span class='ocrx_word' id='word_1_211' title='bbox 871 3403 1068 3500; x_wconf 88' lang='lat' dir='ltr'>regionem,</span> <span class='ocrx_word' id='word_1_212' title='bbox 1107 3426 1223 3498; x_wconf 91' lang='lat' dir='ltr'>quam</span> <span class='ocrx_word' id='word_1_213' title='bbox 1255 3396 1391 3473; x_wconf 73' lang='lat' dir='ltr'>Nauae</span> 
     </span>
    </p>
   </div>
   <div class='ocr_carea' id='block_1_3' title="bbox 1460 1844 1464 3451">
    <p class='ocr_par' dir='ltr' id='par_1_6' title="bbox 1460 1844 1464 3451">
     <span class='ocr_line' id='line_1_29' title="bbox 1460 1844 1464 3451; baseline 0 0"><span class='ocrx_word' id='word_1_214' title='bbox 1460 1844 1464 3451; x_wconf 95' lang='lat' dir='ltr'> </span> 
     </span>
    </p>
   </div>
   <div class='ocr_carea' id='block_1_4' title="bbox 165 3599 1461 4509">
    <p class='ocr_par' dir='ltr' id='par_1_7' title="bbox 165 3599 1461 4311">
     <span class='ocr_line' id='line_1_30' title="bbox 201 3599 1461 3735; baseline -0.007 -67"><span class='ocrx_word' id='word_1_215' title='bbox 201 3613 302 3684; x_wconf 71' lang='lat' dir='ltr'>Capi,</span> <span class='ocrx_word' id='word_1_216' title='bbox 321 3620 343 3681; x_wconf 67' lang='lat'>5.</span> <span class='ocrx_word' id='word_1_217' title='bbox 358 3622 399 3668; x_wconf 84' lang='lat'>14.</span> <span class='ocrx_word' id='word_1_218' title='bbox 426 3616 481 3683; x_wconf 84' lang='lat' dir='ltr'>ipse</span> <span class='ocrx_word' id='word_1_219' title='bbox 499 3615 623 3683; x_wconf 77' lang='lat' dir='ltr'>Xenippa</span> <span class='ocrx_word' id='word_1_220' title='bbox 636 3615 770 3735; x_wconf 58' lang='lat' dir='ltr'>peruenitq</span> <span class='ocrx_word' id='word_1_221' title='bbox 803 3613 856 3668; x_wconf 84' lang='grc' dir='ltr'>ΕΗ</span> <span class='ocrx_word' id='word_1_222' title='bbox 876 3613 957 3666; x_wconf 89' lang='lat' dir='ltr'>Bern.</span> <span class='ocrx_word' id='word_1_223' title='bbox 979 3611 1003 3664; x_wconf 93' lang='lat' dir='ltr'><strong>B</strong></span> <span class='ocrx_word' id='word_1_224' title='bbox 1023 3611 1102 3664; x_wconf 73' lang='lat' dir='ltr'>Voss·</span> <span class='ocrx_word' id='word_1_225' title='bbox 1123 3617 1158 3678; x_wconf 78' lang='lat'>2,</span> <span class='ocrx_word' id='word_1_226' title='bbox 1187 3599 1278 3665; x_wconf 82' lang='lat' dir='ltr'>nullus</span> <span class='ocrx_word' id='word_1_227' title='bbox 1306 3603 1390 3663; x_wconf 59' lang='lat' dir='ltr'>endu</span> <span class='ocrx_word' id='word_1_228' title='bbox 1458 3652 1461 3659; x_wconf 93' lang='lat'><em>.</em></span> 
     </span>
     <span class='ocr_line' id='line_1_31' title="bbox 167 3677 1390 3752; baseline -0.005 -16"><span class='ocrx_word' id='word_1_229' title='bbox 167 3681 320 3750; x_wconf 86' lang='lat' dir='ltr'>„Graecum</span> <span class='ocrx_word' id='word_1_230' title='bbox 336 3699 431 3737; x_wconf 88' lang='lat' dir='ltr'>nomen</span> <span class='ocrx_word' id='word_1_231' title='bbox 449 3682 663 3736; x_wconf 83' lang='lat' dir='ltr'>aMacedonibus</span> <span class='ocrx_word' id='word_1_232' title='bbox 676 3701 758 3752; x_wconf 88' lang='lat' dir='ltr'>procu</span> <span class='ocrx_word' id='word_1_233' title='bbox 804 3684 915 3736; x_wconf 76' lang='lat' dir='ltr'>ducenti.</span> <span class='ocrx_word' id='word_1_234' title='bbox 949 3681 1007 3733; x_wconf 88' lang='lat' dir='ltr'>Nec</span> <span class='ocrx_word' id='word_1_235' title='bbox 1019 3679 1104 3732; x_wconf 86' lang='lat' dir='ltr'>refert</span> <span class='ocrx_word' id='word_1_236' title='bbox 1118 3697 1215 3734; x_wconf 85' lang='lat' dir='ltr'>vocem</span> <span class='ocrx_word' id='word_1_237' title='bbox 1232 3680 1307 3733; x_wconf 78' lang='lat' dir='ltr'>mitio</span> <span class='ocrx_word' id='word_1_238' title='bbox 1322 3677 1390 3730; x_wconf 56' lang='lat' dir='ltr'>ab&amp;</span> 
     </span>
     <span class='ocr_line' id='line_1_32' title="bbox 167 3742 1458 3829; baseline -0.003 -25"><span class='ocrx_word' id='word_1_239' title='bbox 167 3751 248 3805; x_wconf 92' lang='lat' dir='ltr'>dubio</span> <span class='ocrx_word' id='word_1_240' title='bbox 258 3751 418 3822; x_wconf 88' lang='lat' dir='ltr'>impositum,</span> <span class='ocrx_word' id='word_1_241' title='bbox 437 3753 482 3804; x_wconf 88' lang='lat' dir='ltr'>sed</span> <span class='ocrx_word' id='word_1_242' title='bbox 493 3750 535 3804; x_wconf 90' lang='lat' dir='ltr'>cui</span> <span class='ocrx_word' id='word_1_243' title='bbox 543 3750 645 3821; x_wconf 88' lang='lat' dir='ltr'>regioni</span> <span class='ocrx_word' id='word_1_244' title='bbox 662 3769 769 3821; x_wconf 88' lang='lat' dir='ltr'>prorsus</span> <span class='ocrx_word' id='word_1_245' title='bbox 804 3749 969 3816; x_wconf 88' lang='lat' dir='ltr'>anonnullis,</span> <span class='ocrx_word' id='word_1_246' title='bbox 988 3747 1033 3829; x_wconf 89' lang='lat' dir='ltr'>qui</span> <span class='ocrx_word' id='word_1_247' title='bbox 1052 3764 1087 3818; x_wconf 91' lang='lat' dir='ltr'>pe</span> <span class='ocrx_word' id='word_1_248' title='bbox 1105 3766 1176 3818; x_wconf 85' lang='lat' dir='ltr'>quae</span> <span class='ocrx_word' id='word_1_249' title='bbox 1194 3766 1212 3802; x_wconf 84' lang='lat' dir='ltr'>a</span> <span class='ocrx_word' id='word_1_250' title='bbox 1229 3742 1389 3802; x_wconf 56' lang='lat' dir='ltr'>libaninis*</span> <span class='ocrx_word' id='word_1_251' title='bbox 1454 3789 1458 3794; x_wconf 95' lang='lat'>.</span> 
     </span>
     <span class='ocr_line' id='line_1_33' title="bbox 165 3817 1297 3890; baseline -0.004 -17"><span class='ocrx_word' id='word_1_252' title='bbox 165 3819 303 3886; x_wconf 85' lang='lat' dir='ltr'>incertum,</span> <span class='ocrx_word' id='word_1_253' title='bbox 323 3822 393 3890; x_wconf 92' lang='lat' dir='ltr'>quod</span> <span class='ocrx_word' id='word_1_254' title='bbox 408 3836 486 3873; x_wconf 91' lang='lat' dir='ltr'>nemo</span> <span class='ocrx_word' id='word_1_255' title='bbox 501 3821 710 3890; x_wconf 82' lang='lat' dir='ltr'>geographorum</span> <span class='ocrx_word' id='word_1_256' title='bbox 724 3829 770 3873; x_wconf 88' lang='lat' dir='ltr'>aut</span> <span class='ocrx_word' id='word_1_257' title='bbox 804 3819 900 3873; x_wconf 91' lang='lat' dir='ltr'>lineola</span> <span class='ocrx_word' id='word_1_258' title='bbox 917 3835 1021 3888; x_wconf 87' lang='lat' dir='ltr'>superm</span> <span class='ocrx_word' id='word_1_259' title='bbox 1041 3825 1105 3870; x_wconf 84' lang='lat' dir='ltr'>ucta</span> <span class='ocrx_word' id='word_1_260' title='bbox 1122 3818 1145 3876; x_wconf 84' lang='lat' dir='ltr'>si</span> <span class='ocrx_word' id='word_1_261' title='bbox 1166 3817 1297 3871; x_wconf 78' lang='lat' dir='ltr'>uideatur.</span> 
     </span>
     <span class='ocr_line' id='line_1_34' title="bbox 166 3874 1461 3959; baseline -0.002 -17"><span class='ocrx_word' id='word_1_262' title='bbox 166 3889 360 3956; x_wconf 87' lang='lat' dir='ltr'>historicorum,</span> <span class='ocrx_word' id='word_1_263' title='bbox 387 3896 493 3959; x_wconf 88' lang='lat' dir='ltr'>practer</span> <span class='ocrx_word' id='word_1_264' title='bbox 510 3898 629 3942; x_wconf 87' lang='lat' dir='ltr'>nostmm</span> <span class='ocrx_word' id='word_1_265' title='bbox 648 3888 770 3942; x_wconf 86' lang='lat' dir='ltr'>Curtium</span> <span class='ocrx_word' id='word_1_266' title='bbox 839 3888 903 3957; x_wconf 84' lang='lat' dir='ltr'>Cap.</span> <span class='ocrx_word' id='word_1_267' title='bbox 911 3893 935 3953; x_wconf 84' lang='lat'>8,</span> <span class='ocrx_word' id='word_1_268' title='bbox 946 3889 1019 3954; x_wconf 81' lang='lat'><strong>§.19.</strong></span> <span class='ocrx_word' id='word_1_269' title='bbox 1037 3903 1118 3954; x_wconf 82' lang='lat' dir='ltr'>quum</span> <span class='ocrx_word' id='word_1_270' title='bbox 1159 3874 1388 3955; x_wconf 66' lang='lat' dir='ltr'>autoeaqvpdql</span> <span class='ocrx_word' id='word_1_271' title='bbox 1446 3930 1461 3939; x_wconf 88' lang='lat'>.</span> 
     </span>
     <span class='ocr_line' id='line_1_35' title="bbox 166 3945 1388 4029; baseline -0.007 -19"><span class='ocrx_word' id='word_1_272' title='bbox 166 3958 220 4011; x_wconf 87' lang='lat' dir='ltr'>eius</span> <span class='ocrx_word' id='word_1_273' title='bbox 233 3976 343 4029; x_wconf 83' lang='lat' dir='ltr'>usquam</span> <span class='ocrx_word' id='word_1_274' title='bbox 353 3956 513 4011; x_wconf 90' lang='lat' dir='ltr'>mentionem</span> <span class='ocrx_word' id='word_1_275' title='bbox 522 3957 594 4018; x_wconf 88' lang='lat' dir='ltr'>fecit.</span> <span class='ocrx_word' id='word_1_276' title='bbox 621 3957 770 4026; x_wconf 71' lang='lat' dir='ltr'>Sogdianus</span> <span class='ocrx_word' id='word_1_277' title='bbox 804 3956 899 4010; x_wconf 85' lang='lat' dir='ltr'>Editur</span> <span class='ocrx_word' id='word_1_278' title='bbox 912 3955 991 4024; x_wconf 89' lang='lat' dir='ltr'>vulgo</span> <span class='ocrx_word' id='word_1_279' title='bbox 1004 3953 1067 4006; x_wconf 87' lang='lat' dir='ltr'>inda</span> <span class='ocrx_word' id='word_1_280' title='bbox 1080 3945 1388 4018; x_wconf 75' lang='lat' dir='ltr'>aModioNaura,(edt</span> 
     </span>
     <span class='ocr_line' id='line_1_36' title="bbox 166 4002 1461 4104; baseline -0.003 -25"><span class='ocrx_word' id='word_1_281' title='bbox 166 4035 268 4096; x_wconf 86' lang='lat' dir='ltr'>partem</span> <span class='ocrx_word' id='word_1_282' title='bbox 287 4027 379 4094; x_wconf 86' lang='lat' dir='ltr'>fuisse,</span> <span class='ocrx_word' id='word_1_283' title='bbox 403 4043 436 4078; x_wconf 87' lang='lat' dir='ltr'>ex</span> <span class='ocrx_word' id='word_1_284' title='bbox 454 4043 525 4079; x_wconf 88' lang='lat' dir='ltr'>nexu</span> <span class='ocrx_word' id='word_1_285' title='bbox 542 4025 708 4079; x_wconf 87' lang='lat' dir='ltr'>historiarum</span> <span class='ocrx_word' id='word_1_286' title='bbox 727 4044 771 4078; x_wconf 88' lang='lat' dir='ltr'>su·</span> <span class='ocrx_word' id='word_1_287' title='bbox 822 4045 843 4079; x_wconf 88' lang='lat' dir='ltr'>r.</span> <span class='ocrx_word' id='word_1_288' title='bbox 858 4023 1099 4104; x_wconf 66' lang='lat' dir='ltr'>etlumNuurum,</span> <span class='ocrx_word' id='word_1_289' title='bbox 1116 4002 1387 4077; x_wconf 68' lang='lat' dir='ltr'>AluNauaiaunl</span> <span class='ocrx_word' id='word_1_290' title='bbox 1443 4046 1461 4075; x_wconf 66' lang='lat' dir='ltr'>a</span> 
     </span>
     <span class='ocr_line' id='line_1_37' title="bbox 166 4045 1461 4214; baseline -0.002 -68"><span class='ocrx_word' id='word_1_291' title='bbox 166 4095 259 4175; x_wconf 76' lang='lat' dir='ltr'>spicari</span> <span class='ocrx_word' id='word_1_292' title='bbox 277 4095 366 4148; x_wconf 87' lang='lat' dir='ltr'>licet.“</span> <span class='ocrx_word' id='word_1_293' title='bbox 387 4094 523 4149; x_wconf 87' lang='lat' dir='ltr'>Cellarius.</span> <span class='ocrx_word' id='word_1_294' title='bbox 558 4095 660 4174; x_wconf 70' lang='lat' dir='ltr'>Xempu</span> <span class='ocrx_word' id='word_1_295' title='bbox 679 4094 770 4148; x_wconf 89' lang='lat' dir='ltr'>scribi·</span> <span class='ocrx_word' id='word_1_296' title='bbox 803 4045 904 4214; x_wconf 59' lang='lat' dir='ltr'>llluutgr</span> <span class='ocrx_word' id='word_1_297' title='bbox 915 4092 1096 4211; x_wconf 65' lang='lat' dir='ltr'>Lerquossl</span> <span class='ocrx_word' id='word_1_298' title='bbox 1118 4091 1200 4145; x_wconf 75' lang='lat' dir='ltr'>Pell</span> <span class='ocrx_word' id='word_1_299' title='bbox 1222 4088 1386 4212; x_wconf 47' lang='lat' dir='ltr'>Bffidcd</span> <span class='ocrx_word' id='word_1_300' title='bbox 1446 4114 1461 4143; x_wconf 70' lang='lat' dir='ltr'>e</span> 
     </span>
     <span class='ocr_line' id='line_1_38' title="bbox 592 4162 1461 4300; baseline -0.004 -17.647"><span class='ocrx_word' id='word_1_301' title='bbox 592 4181 620 4214; x_wconf 65' lang='lat'>¹¹1</span> <span class='ocrx_word' id='word_1_302' title='bbox 735 4164 769 4231; x_wconf 65' lang='lat' dir='ltr'>e</span> <span class='ocrx_word' id='word_1_303' title='bbox 804 4162 1384 4300; x_wconf 67' lang='lat' dir='ltr'>arr-2</span> <span class='ocrx_word' id='word_1_304' title='bbox 1453 4250 1461 4279; x_wconf 29' lang='grc' dir='ltr'><strong><em>ι</em></strong></span> 
     </span>
    </p>

    <p class='ocr_par' dir='ltr' id='par_1_8' title="bbox 167 4294 1461 4509">
     <span class='ocr_line' id='line_1_39' title="bbox 201 4294 1461 4370; baseline -0.005 -17"><span class='ocrx_word' id='word_1_305' title='bbox 201 4308 274 4368; x_wconf 69' lang='lat' dir='ltr'>§.ra</span> <span class='ocrx_word' id='word_1_306' title='bbox 292 4303 397 4353; x_wconf 80' lang='lat' dir='ltr'>nmilia</span> <span class='ocrx_word' id='word_1_307' title='bbox 407 4304 469 4369; x_wconf 85' lang='lat' dir='ltr'>fere</span> <span class='ocrx_word' id='word_1_308' title='bbox 483 4311 506 4353; x_wconf 84' lang='lat' dir='ltr'>et</span> <span class='ocrx_word' id='word_1_309' title='bbox 520 4301 663 4370; x_wconf 68' lang='lat' dir='ltr'>quingenti]</span> <span class='ocrx_word' id='word_1_310' title='bbox 681 4300 769 4370; x_wconf 87' lang='lat' dir='ltr'>Vulgo</span> <span class='ocrx_word' id='word_1_311' title='bbox 803 4300 942 4353; x_wconf 85' lang='lat' dir='ltr'>videbatur</span> <span class='ocrx_word' id='word_1_312' title='bbox 1004 4307 1100 4351; x_wconf 85' lang='lat' dir='ltr'>autucu</span> <span class='ocrx_word' id='word_1_313' title='bbox 1132 4296 1280 4351; x_wconf 81' lang='lat' dir='ltr'>secundum</span> <span class='ocrx_word' id='word_1_314' title='bbox 1301 4294 1382 4347; x_wconf 67' lang='lat' dir='ltr'>Arm</span> <span class='ocrx_word' id='word_1_315' title='bbox 1453 4318 1461 4339; x_wconf 70' lang='grc' dir='ltr'>ι</span> 
     </span>
     <span class='ocr_line' id='line_1_40' title="bbox 168 4354 1382 4439; baseline -0.006 -16"><span class='ocrx_word' id='word_1_316' title='bbox 168 4378 190 4423; x_wconf 72' lang='grc' dir='ltr'>αι</span> <span class='ocrx_word' id='word_1_317' title='bbox 213 4371 329 4435; x_wconf 79' lang='lat' dir='ltr'>ducenti,</span> <span class='ocrx_word' id='word_1_318' title='bbox 360 4370 406 4421; x_wconf 89' lang='lat' dir='ltr'>sed</span> <span class='ocrx_word' id='word_1_319' title='bbox 428 4369 488 4422; x_wconf 88' lang='lat' dir='ltr'>libri</span> <span class='ocrx_word' id='word_1_320' title='bbox 505 4386 565 4421; x_wconf 87' lang='lat' dir='ltr'>mss.</span> <span class='ocrx_word' id='word_1_321' title='bbox 588 4366 683 4436; x_wconf 87' lang='lat' dir='ltr'>partim</span> <span class='ocrx_word' id='word_1_322' title='bbox 702 4379 725 4420; x_wconf 85' lang='lat' dir='ltr'>et</span> <span class='ocrx_word' id='word_1_323' title='bbox 743 4373 768 4422; x_wconf 85' lang='lat' dir='ltr'>d.</span> <span class='ocrx_word' id='word_1_324' title='bbox 804 4368 848 4422; x_wconf 93' lang='lat' dir='ltr'>lib.</span> <span class='ocrx_word' id='word_1_325' title='bbox 866 4382 906 4429; x_wconf 77' lang='grc' dir='ltr'>ιν,</span> <span class='ocrx_word' id='word_1_326' title='bbox 927 4372 958 4420; x_wconf 85' lang='grc'>18</span> <span class='ocrx_word' id='word_1_327' title='bbox 980 4371 1044 4439; x_wconf 76' lang='grc' dir='ltr'><strong><em>περὶ</em></strong></span> <span class='ocrx_word' id='word_1_328' title='bbox 1061 4367 1237 4420; x_wconf 75' lang='grc' dir='ltr'><strong><em>Ναύτακα·</em></strong></span> <span class='ocrx_word' id='word_1_329' title='bbox 1250 4354 1382 4418; x_wconf 57' lang='lat' dir='ltr'>aivam*</span> 
     </span>
     <span class='ocr_line' id='line_1_41' title="bbox 167 4431 1380 4509; baseline -0.003 -18"><span class='ocrx_word' id='word_1_330' title='bbox 167 4437 263 4505; x_wconf 81' lang='lat' dir='ltr'>partim</span> <span class='ocrx_word' id='word_1_331' title='bbox 281 4436 401 4491; x_wconf 87' lang='lat' dir='ltr'>omnibus</span> <span class='ocrx_word' id='word_1_332' title='bbox 418 4437 502 4492; x_wconf 84' lang='lat' dir='ltr'>literis</span> <span class='ocrx_word' id='word_1_333' title='bbox 520 4447 544 4490; x_wconf 85' lang='lat' dir='ltr'>et</span> <span class='ocrx_word' id='word_1_334' title='bbox 557 4438 689 4506; x_wconf 69' lang='lat' dir='ltr'>quingenti</span> <span class='ocrx_word' id='word_1_335' title='bbox 697 4436 768 4490; x_wconf 85' lang='lat' dir='ltr'>Flor.</span> <span class='ocrx_word' id='word_1_336' title='bbox 803 4433 1009 4509; x_wconf 71' lang='grc' dir='ltr'><strong><em>τὴαατρατιὰν</em></strong></span> <span class='ocrx_word' id='word_1_337' title='bbox 1027 4431 1127 4508; x_wconf 77' lang='grc' dir='ltr'><strong><em>ὅτιπερ</em></strong></span> <span class='ocrx_word' id='word_1_338' title='bbox 1146 4431 1271 4504; x_wconf 71' lang='grc' dir='ltr'>ἀκμαῖον</span> <span class='ocrx_word' id='word_1_339' title='bbox 1280 4436 1327 4487; x_wconf 71' lang='grc' dir='ltr'>τοῦ</span> <span class='ocrx_word' id='word_1_340' title='bbox 1338 4445 1380 4495; x_wconf 63' lang='lat' dir='ltr'>nr</span> 
     </span>
    </p>
   </div>
   <div class='ocr_carea' id='block_1_5' title="bbox 0 0 1469 5172">
    <p class='ocr_par' dir='ltr' id='par_1_9' title="bbox 0 0 1469 5172">
     <span class='ocr_line' id='line_1_42' title="bbox 0 0 1469 5172; baseline 0 0"><span class='ocrx_word' id='word_1_341' title='bbox 0 0 1469 5172; x_wconf 95' lang='lat' dir='ltr'> </span> 
     </span>
    </p>
   </div>
  </div>
 </body>
</html>
