2926 5174
614 315 833 370 PRAEFATIO.
1262 327 1344 378 xvn

118 522 306 597 quamquam
343 497 388 569 in
429 496 651 573 dedicatione
685 524 725 573 se
751 501 924 598 gloriatur
958 513 996 577 et
1027 515 1132 580 vetus
1159 509 1343 606 exemplar

116 626 283 701 contulisse
310 634 353 698 et
381 627 521 699 multos
546 628 643 701 locos
669 653 736 703 suo
762 626 878 703 Marte
905 633 1117 730 castigasse,
1153 636 1342 733 quicquam

114 753 203 829 laude
228 752 384 849 dignum
418 755 616 850 praestitit,
650 757 712 854 qui
747 781 828 830 cum
862 759 998 855 aliquot
1023 762 1186 859 vulgaria
1211 764 1343 838 menda

111 890 311 969 gusml’aset,
354 882 479 954 multo
510 883 613 980 plura
646 885 881 982 relinqueret,
920 898 1017 961 certe
1051 913 1098 962 ex
1132 892 1231 965 libris
1256 918 1341 966 mss.

110 1044 168 1093 non
199 1016 409 1115 proficeret.
474 1008 614 1084 Primus
650 1013 711 1110 qul
754 1037 840 1088 vere
876 1015 1089 1089 emendandi
1123 1019 1219 1091 viam
1253 1020 1342 1114 iniit,

111 1148 164 1220 iirit
185 1143 398 1220 Flaccum
425 1137 612 1214 Aelana
664 1138 757 1213 Nam
790 1140 929 1215 iseum
953 1142 1122 1218 Aldinam
1149 1147 1342 1222 editionem

112 1273 251 1348 Venetis
291 1271 399 1344 1510
436 1277 598 1357 curaret,
644 1294 719 1342 non
753 1269 862 1343 modo
895 1272 1058 1345 sollerter
1091 1276 1263 1348 nonnulla
1297 1275 1343 1350 de

119 1400 297 1476 eomectura
325 1395 503 1484 correxit,
529 1393 593 1467 sed
619 1395 727 1470 etiam
753 1400 939 1496 complura
964 1425 1011 1472 ex
1027 1400 1119 1474 libro
1136 1402 1255 1499 aliquo
1276 1427 1341 1476 ms.

120 1528 276 1603 deterioris
303 1528 371 1623 illo
400 1521 549 1620 quidem
574 1522 738 1616 familiae,
765 1524 831 1599 sed
852 1536 974 1601 tamen
991 1530 1191 1603 accuratius
1209 1531 1342 1628 scripto

118 1669 146 1731 et
162 1657 372 1756 prudentius
402 1661 583 1742 correcto,
619 1652 683 1725 tali
709 1653 872 1744 omnino,
907 1656 1021 1753 qualis
1057 1656 1102 1730 de
1127 1659 1260 1732 nostris
1286 1669 1343 1733 est

120 1782 271 1876 lloaG,
314 1781 485 1881 expulsis
523 1780 706 1854 veteribus
742 1780 908 1855 sordibus
942 1783 979 1855 in
1016 1794 1159 1859 textum
1197 1787 1340 1884 recepit

120 1911 211 2011 Atque
236 1914 288 1987 sie
317 1908 463 1984 Aldina
487 1908 591 1981 lectio
617 1908 713 1983 facta
739 1919 795 1982 est
821 1910 985 2007 vulgata,
1018 1937 1126 2009 quam
1151 1939 1238 1986 mox
1264 1915 1341 1987 reli·

123 2041 164 2136 qui
183 2041 337 2116 editores
365 2035 488 2134 magis
511 2034 555 2109 de
574 2036 788 2127 coniectura,
814 2036 876 2109 ubi
893 2038 979 2136 quid
997 2039 1210 2138 displiceret,
1235 2067 1342 2140 quam

124 2169 323 2267 antiquorum
341 2165 515 2240 codicum
532 2164 721 2249 collatione
739 2166 1008 2239 emaculandum
1024 2179 1208 2266 putarunt.
1234 2169 1341 2244 Anno

126 2293 235 2371 demum
265 2299 368 2370 1546
398 2292 608 2367 Haemona
628 2292 769 2385 ,Iadica
795 2293 954 2368 medicus
980 2297 1199 2396 philologus,
1225 2324 1341 2374 emen·

127 2420 274 2500 dationem
302 2422 426 2499 Curtii
460 2419 661 2517 integrioris
693 2421 775 2494 libri
800 2422 1011 2497 lectionibus
1046 2425 1083 2497 in
1114 2427 1231 2500 lucem
1261 2451 1341 2525 pro·
1423 2458 1426 2465 ·

129 2549 246 2628 ferendis
274 2553 458 2628 adiuvare
490 2558 640 2622 conatus
667 2558 733 2622 est.
784 2546 877 2622 Nam
910 2576 991 2624 cum
1016 2551 1144 2651 Brugis
1176 2555 1214 2626 in
1239 2552 1342 2627 Flan-

130 2675 181 2753 diia
201 2682 294 2781 apud
322 2676 622 2756 Schoenhovium
649 2676 869 2751 Canonieum
894 2679 939 2751 D.
965 2679 1158 2755 Donatiani
1184 2680 1342 2755 codicem

130 2829 171 2880 us.
190 2811 406 2899 invenisset,
445 2806 521 2879 eius
557 2803 764 2881 diversitate
796 2833 818 2878 a
844 2809 984 2907 vulgari
1015 2811 1192 2907 scriptura
1222 2819 1342 2884 motus

132 2933 285 3014 editionem
313 2935 464 3013 curavit
491 2933 712 3032 Antverpiae
737 2960 768 3007 a.
799 2937 913 3026 1546,
948 2939 986 3009 in
1012 2939 1111 3010 cuius
1138 2947 1243 3010 textu
1268 2963 1342 3010 non

136 3059 286 3141 admodum
312 3067 439 3141 multa
465 3060 661 3136 secundum
686 3063 818 3135 librum
844 3062 944 3135 illum
970 3065 1155 3161 antiquum
1177 3064 1342 3156 correxit,

138 3188 179 3262 sed
203 3198 379 3296 margines
418 3190 585 3265 editionis
619 3191 723 3264 novis
756 3190 1019 3289 praeclarisque
1052 3192 1264 3266 lectionibus
1296 3215 1344 3266 ex

135 3317 224 3396 eodem
246 3327 350 3400 fonte
384 3319 529 3395 haustis
557 3319 758 3417 complevit.
813 3315 893 3408 Qua
925 3319 1035 3395 dere
1061 3321 1097 3393 in
1123 3322 1344 3419 praefatione

134 3443 320 3526 adPetrum
346 3447 535 3525 Nannium
561 3471 639 3520 sese
664 3447 805 3546 vulgari
831 3447 1038 3523 timidorum
1063 3451 1266 3523 criticorum
1283 3476 1343 3523 ex·

133 3581 280 3656 cultione
305 3589 448 3667 tuetur,
475 3574 574 3672 quod
598 3575 716 3648 iudicii
742 3576 944 3651 libertatem
964 3579 1096 3653 nemini
1113 3576 1344 3675 praecludere

133 3713 177 3775 aut
201 3720 415 3807 extorquere
451 3703 615 3777 voluerit.
667 3702 791 3801 Longe
824 3706 952 3779 fortius
984 3706 1227 3783 intermissam
1261 3707 1343 3779 scri·

133 3834 217 3922 pteris
239 3834 534 3912 emendationem
566 3832 747 3928 aliquanto
779 3842 863 3931 post
894 3859 1083 3932 aggressus
1116 3845 1170 3907 est
1202 3833 1343 3907 Franci·

132 3978 187 4033 aaa
206 3962 351 4055 Modius,
380 3960 470 4034 dum
497 3956 661 4033 Curtium
687 3960 761 4034 edit
788 3958 958 4035 Coloniae
987 3966 1059 4035 157
1064 3966 1096 4035 9.
1135 3961 1236 4034 Nam>
1254 3984 1341 4034 usus

133 4090 317 4185 marana,
352 4091 409 4164 uti
435 4087 612 4185 appellat,
649 4085 896 4166 Ooloaicaaidus
922 4100 959 4165 et
991 4088 1281 4190 Sipederpeustdus
1307 4101 1345 4163 et

133 4216 213 4289 tertio
234 4222 327 4295 libro
364 4215 526 4316 quodam
552 4240 616 4289 suo
651 4215 749 4315 (vide
781 4218 856 4290 eius
891 4217 1160 4291 annotationem
1192 4214 1239 4288 ad
1264 4238 1342 4307 vm,

135 4338 339 4446 4(1t),30)
367 4370 451 4418 cum
477 4341 565 4416 satis
592 4345 659 4416 sibi
694 4345 739 4418 de
773 4347 1001 4444 corruptione
1036 4342 1233 4440 scripturae
1267 4345 1344 4415 vul·

71 4504 73 4551 ÷
134 4476 214 4557 ldae
227 4474 478 4573 persuasisset,
504 4469 742 4571 integriorem,
768 4474 806 4546 in
824 4498 932 4571 quam
947 4468 1130 4560 inciderat,
1149 4469 1344 4544 admodum
