2926 5174
97 291 171 362 114
575 307 608 370 o.
637 305 762 358 cunrn
786 308 873 360 nuri

45 495 94 566 37
200 487 422 582 Alexandro,
440 491 501 587 qui
526 515 716 562 numerum
742 491 925 587 copiarum
951 491 1037 582 eius,
1065 501 1252 588 quantum
1275 519 1341 590 pro
1354 514 1373 561 n

96 604 157 676 cul
183 601 374 674 coniectari
400 610 553 700 poterat,
580 600 835 691 aestimabant,
861 600 924 674 vix
948 600 1117 679 fecerunt
1144 601 1272 693 fidem,
1295 615 1341 676 tot

96 713 240 786 milibus
280 712 407 802 caesis,
446 710 600 784 maiores
639 711 759 809 copias
796 735 874 783 esse
913 722 1112 808 reparatas.
1186 709 1372 786 Celerini:

99 824 215 895 omnis
250 823 398 920 periculi
430 834 467 896 et
491 823 648 894 maxime
674 820 912 893 multitudinis
940 832 1186 920 contemptor,
1214 823 1339 896 undeci-

98 935 167 1007 mis
203 934 328 1006 castris
365 933 412 1006 ad
446 932 659 1031 Euphraten
692 932 873 1029 pervenit:
914 957 984 1028 quo
1016 935 1198 1031 pontibus
1231 935 1337 1008 iuncto

99 1044 237 1141 equites
264 1044 399 1141 primos
425 1045 487 1133 ire,
513 1045 729 1142 phalangem
756 1044 857 1139 sequi
882 1043 991 1134 iubet,
1016 1042 1191 1135 Mazaeo,
1219 1045 1278 1141 qui
1301 1045 1337 1118 ad

98 1155 334 1228 inhibendum
366 1156 557 1230 transitum
590 1155 666 1227 eius
700 1180 787 1227 cum
819 1180 885 1228 sex
916 1155 1059 1228 milibus
1095 1156 1262 1252 equitum
1293 1181 1337 1229 oc·

98 1278 279 1356 currerat,
314 1293 389 1339 non
425 1290 513 1340 auso
549 1267 746 1363 periculum
780 1266 835 1337 sui
868 1266 993 1338 facere.
1046 1264 1184 1338 Paucis
1213 1266 1366 1357 deinde,is

96 1406 171 1451 non
197 1377 244 1450 ad
272 1377 438 1473 quietem,
466 1378 531 1454 sed
557 1377 604 1450 ad
630 1376 898 1476 praeparandos
926 1376 1074 1466 animos,
1099 1376 1233 1451 diebus
1260 1378 1336 1451 datis

98 1490 212 1578 militi,
240 1500 387 1562 strenue
412 1492 555 1564 hostem
580 1488 720 1585 insequi
747 1489 874 1586 coepit,
900 1498 1075 1577 metuens,
1104 1514 1154 1561 ne
1181 1489 1336 1562 interiora

98 1599 201 1696 regni
228 1596 283 1670 sni
309 1610 459 1695 peteret,
483 1599 757 1698 sequendusque
784 1609 879 1672 esset
904 1623 969 1696 per
994 1599 1075 1671 loca
1103 1600 1206 1671 omni
1232 1600 1335 1672 solitu·

101 1709 184 1781 dine
211 1720 318 1806 atque
344 1711 465 1808 inopia
492 1722 606 1784 vasta
658 1710 773 1809 Igitur
799 1720 928 1808 quarto
956 1708 1013 1783 die
1038 1702 1191 1807 praeter
1218 1711 1335 1783 Arbela
1343 1725 1362 1772 1⁴

98 1830 267 1919 penetrat
301 1820 349 1893 ad
384 1821 516 1921 Tigrin.
571 1819 665 1894 Tota
697 1822 798 1920 regio
833 1822 929 1893 ultra
963 1844 1108 1891 amnem
1135 1822 1274 1894 recenti
1295 1821 1334 1891 lu·

98 1932 223 2004 mabat
248 1931 429 2005 incendio:
456 1934 587 2031 quippe
608 1932 787 2023 Mazaeus,
814 1954 1046 2028 quaecunque
1073 1929 1230 2022 adierat,
1255 1927 1336 2005 haud

101 2068 204 2116 secus
231 2067 339 2138 quam
364 2044 479 2117 hostis
505 2044 642 2116 urebat.
680 2045 737 2117 Ac
762 2043 878 2140 primo
905 2040 1064 2137 caligine,
1092 2066 1209 2137 quam
1235 2045 1377 2115 fumust·

102 2151 287 2242 effuderat,
303 2154 518 2227 obscurante
531 2155 656 2246 lucem,
669 2151 880 2226 insidiarum
891 2162 991 2224 metu
1010 2150 1195 2226 substitit:
1224 2153 1338 2228 deinde
1372 2246 1377 2257 ·

100 2273 143 2334 ut
169 2263 411 2359 speculatores
437 2265 624 2362 praemissi
649 2276 730 2337 tuta
756 2264 875 2341 omnia
900 2261 1183 2355 nuntiaverunt,
1219 2289 1339 2364 paucos

101 2373 262 2469 equitum
297 2371 344 2443 ad
376 2373 625 2471 temptandum
660 2374 795 2448 vadum
821 2373 976 2449 fluminis
1002 2375 1216 2469 praemisit:
1253 2377 1338 2449 cuius
1375 2406 1377 2417 ·

100 2482 254 2556 altitudo
286 2482 402 2579 primo
435 2509 575 2556 summa
601 2511 775 2582 equorum
800 2495 964 2583 pectora,
999 2509 1107 2574 mori,
1129 2497 1192 2559 ·ut
1218 2489 1257 2560 in
1280 2512 1338 2560 me·
1375 2474 1377 2539 ἶ

99 2592 199 2665 dium
226 2594 369 2667 alveum
395 2605 545 2668 ventum
571 2608 642 2687 est,
676 2596 832 2670 cervices
859 2622 1001 2693 quoque
1027 2598 1227 2692 aequabat.
1277 2596 1377 2672 Necll'

100 2730 188 2777 sane
228 2706 318 2778 alius
359 2705 406 2778 ad
443 2703 599 2780 Orientis
640 2710 784 2807 plagam
824 2718 899 2780 tam
938 2707 1120 2780 violentus
1158 2710 1336 2799 invehitur,
1375 2726 1377 2731 '

102 2913 131 2959 et
148 2906 192 2959 ille
215 2922 304 2959 veram
326 2923 382 2960 esse
404 2907 578 2978 antiquissimi
595 2909 705 2962 Floreu-
739 2907 899 2960 Leid.Voss.
919 2916 931 2960 1
952 2914 980 2959 et
995 2906 1125 2960 Modiana
1136 2909 1207 2964 edit.
1225 2913 1336 2979 adpraa

101 2975 152 3028 tini
170 2975 336 3044 scripturam.
734 2979 875 3045 parandos
898 2977 1012 3042 habent,
1034 2973 1108 3028 Flor.
1138 2977 1180 3030 FI
1269 2995 1334 3030 enn-

137 3043 202 3113 Cap.
221 3052 264 3111 37,
283 3047 307 3112 ξ.
329 3053 369 3097 11.
396 3056 519 3113 qnantum
531 3048 628 3115 procat
646 3064 705 3099 coti-
741 3048 796 3098 dos.
816 3044 890 3098 Ordo
899 3045 1039 3098 verborum
1051 3043 1079 3095 in
1088 3043 1201 3102 sione
1237 3068 1244 3100 ι
1254 3046 1335 3117 poecis

100 3114 194 3164 tentori
206 3114 324 3182 poterat]
360 3113 450 3182 Vulgo
466 3124 591 3183 poterant
613 3123 706 3167 eontra
741 3115 841 3180 diebus,
859 3130 911 3165 non
929 3115 967 3165 cd
981 3144 1017 3152 —
1033 3113 1154 3180 caimos,
1175 3119 1248 3169 datis
1263 3113 1335 3178 militi,

100 3179 181 3233 libros
192 3188 305 3246 veteres,
322 3197 395 3234 meos
413 3189 485 3234 certe
497 3199 587 3235 omnes
601 3183 706 3235 ctSna-
741 3193 769 3234 et
786 3190 906 3235 extrema
926 3185 954 3233 in
974 3180 1055 3233 Bern.
1073 3180 1098 3233 Β
1118 3184 1251 3238 militibus
1268 3183 1333 3237 datis.

99 3247 242 3316 kenburgii
259 3248 333 3301 Leid.
351 3249 428 3303 Voss.
448 3257 470 3301 1.
505 3250 626 3303 Modium
643 3251 706 3304 olim
776 3287 858 3352 §.14¹
882 3286 920 3336 ad
939 3283 1044 3353 Τίῳ...]
1067 3281 1153 3336 Rem,
1171 3287 1200 3338 A
1217 3285 1285 3339 plor,
1295 3282 1333 3336 AB

99 3324 600 3463 baetti
631 3385 705 3438 ea
739 3353 887 3490 rista:
902 3351 1333 3488 :restitnerit

756 3508 820 3555 rtm;
841 3490 887 3542 sed
905 3506 927 3542 e.
944 3496 978 3542 40
996 3487 1054 3540 init.
1082 3505 1177 3543 omnes
1199 3491 1298 3545 literam
1314 3504 1333 3540 tt

100 3585 245 3639 minatione
265 3586 347 3641 aem.
364 3589 391 3640 A
413 3588 486 3642 nor.
504 3589 647 3643 aaroni
664 3607 703 3643 se.
738 3558 987 3694 ffefflssytffigffiffi
1002 3556 1332 3697 ffffigffileggffiqhg
1375 3600 1377 3617 =

100 3662 157 3707 cutl
174 3673 269 3708 sumus·
732 3705 843 3763 praeter
870 3696 969 3747 Arbela
1000 3695 1033 3747 ad
1064 3691 1164 3762 Tigrin
1196 3705 1331 3776 penetra⁸8⁰

98 3726 552 3872 φξέγξὲἕέαΐοεζέζζῇὲἓξξθῒεὲὲε
562 3726 705 3867 fgsfficffl
738 3771 862 3843 narratur
882 3762 1048 3828 Alexander,
1076 3777 1108 3813 eo
1131 3771 1255 3833 pertinet
1275 3758 1331 3833 quod

98 3877 221 3982 experiri.
257 3877 315 3930 vn,
338 3869 371 3916 35
384 3865 480 3932 facere
498 3867 566 3918 inter
583 3883 611 3918 se
628 3867 704 3934 peri·
737 3839 790 3910 stef
811 3832 844 3885 ab
866 3831 1010 3901 Euphratis
1031 3833 1148 3911 traiectu.
1171 3831 1330 3914 ¹¹⁰n.dif⁰”w

97 3947 130 3983 cu
159 3949 184 3983 m
201 3931 304 3986 virium·
660 3946 675 3975 ‚
739 3908 868 3953 orientem
892 3916 982 3952 versus
1009 3897 1107 3952 Arbela
1138 3903 1269 3966 mtendrt,
1295 3892 1330 3949 sel
1371 3914 1377 3953 ³.

134 3951 159 4066 §d
184 4007 225 4054 13.
269 4003 307 4054 cd
343 4005 549 4069 praeparandos
588 4003 703 4071 animos]
1370 3958 1377 3989 ¹

738 3969 822 4038 magis
845 3969 878 4020 ad
905 3967 1112 4045 septentrionem
1135 3985 1277 4021 conversus
1294 3979 1330 4035 per
1371 3990 1377 4031 ς

97 4065 194 4121 Adhuc
211 4067 317 4137 quidem
333 4069 414 4139 vulgo
432 4069 533 4123 editum
549 4077 591 4123 est
609 4073 647 4123 ad
662 4089 703 4122 re·
738 4037 900 4107 superi⁰r⁰m
921 4037 1141 4106 Me⁸⁰p⁰tam¹am
1159 4037 1195 4088 Μ
1213 4053 1270 4089 eam
1284 4049 1330 4105 pff
1374 4042 1377 4105 f

91 4139 233 4201 parandos
251 4139 366 4202 animos,
391 4138 465 4206 quasi
488 4157 631 4217 paucorum
649 4138 703 4191 die-

738 4113 794 4158 tem
812 4105 900 4175 Tigris
917 4104 1052 4174 pervenit,
1076 4118 1147 4171 quae
1169 4103 1251 4176 longe
1267 4114 1330 4172 snpra

97 4216 157 4254 rum
174 4202 269 4257 itinere
286 4205 378 4258 animis
397 4206 572 4260 concidissent
589 4205 702 4274 milites;

120 3467 170 3502 era.
189 3453 226 3502 tid
233 3451 408 3519 Euphratem:
424 3469 472 3504 nos
489 3471 517 3504 in
534 3453 625 3505 ordine
642 3471 703 3506 ver-

94 3469 195 3572 borum
213 3536 273 3570 mss.
290 3535 458 3587 consensum,
480 3519 509 3572 in
532 3520 633 3574 Graeca
650 3530 704 3574 ter-
736 3508 755 3568 9

737 4174 839 4228 Arbela
862 4182 911 4226 est.
952 4173 1038 4237 Quem
1060 4169 1202 4225 circuitum
1225 4191 1271 4227 cnr
1288 4184 1329 4222 im·

97 4269 146 4321 sed
163 4287 194 4322 ea
212 4272 341 4343 scriptura
363 4291 416 4327 non
434 4282 475 4328 est
492 4274 541 4327 nisi
559 4292 703 4344 paucorum
738 4242 826 4308 luerit’
844 4242 904 4311 lege
921 4238 1103 4312 apudAfflan‘
1120 4253 1168 4309 ¹¹¹³
1180 4249 1206 4310 7’
1224 4239 1330 4294 nimirum

97 4343 127 4387 et
149 4337 292 4393 infidelium
314 4342 454 4410 librorum,
477 4349 629 4396 nostrorum
645 4343 703 4412 qui·
737 4311 827 4382 ΡΜ
845 4327 929 4364 causa·

95 4403 159 4459 dem
179 4407 251 4464 Flor.
275 4409 351 4464 CEH
372 4410 453 4465 Bern.
474 4410 515 4480 B,
539 4410 621 4466 ceteri
643 4427 703 4468 eum
772 4416 899 4486 substitit]
937 4414 1064 4468 Subsistit
1080 4411 1154 4466 Flor.
1171 4410 1260 4469 ABG.

16 4772 163 4884 ἢ
