2926 5174
493 266 543 315 or
570 263 697 316 cnsrrs
724 262 833 315 max.
860 268 896 333 x,
924 262 948 310 o.
1290 250 1363 320 487

89 472 115 518 u
226 450 309 550 lpse
328 449 447 522 animo
464 448 602 521 infinita
620 451 827 546 complexus
845 458 1030 540 statuerat,
1058 451 1154 523 omni
1180 450 1227 523 ad
1242 449 1365 527 Orien·
1393 456 1414 524 3

90 642 94 651 ,
131 574 198 635 tem
223 562 402 634 maritima
427 561 573 657 regione
599 558 815 657 perdomita,
840 586 894 642 ¹ex
921 558 1025 659 Syria
1049 572 1171 658 petere
1198 563 1365 653 Africam,

131 671 334 770 Carthagini
359 672 538 744 infensus:
565 669 648 742 inde
667 669 854 744 Numidiae
881 670 1131 745 solitudinibus
1157 675 1365 772 peragratis,

128 808 267 856 cursum
295 780 406 857 Gadis
434 781 596 878 dirigere.
636 779 689 853 lbi
714 807 868 879 namque
895 785 1078 856 columnas
1096 783 1260 858 Herculis
1286 809 1365 858 esse

89 914 112 962 a
126 897 217 968 fama
251 897 476 992 vulgaverat.
529 892 719 988 Hispanias
753 891 899 984 deinde,
935 919 1023 989 quas
1058 894 1211 968 Iberiam
1239 893 1365 970 Graeci

125 1032 146 1078 a
174 1006 321 1078 flumine
361 1004 466 1076 Ibero
506 1004 702 1092 vocabant,
741 1003 859 1093 adire;
909 1015 945 1077 et
983 1008 1210 1101 praetervehi
1242 1009 1365 1107 Alpes,

95 1117 318 1215 altaliaeque
346 1140 457 1205 oram,
484 1112 579 1186 unde
606 1114 642 1184 in
668 1111 816 1210 Epirum
843 1115 962 1188 brevis
990 1141 1114 1189 cursus
1142 1130 1206 1190 est.
1252 1118 1366 1215 Igitur

122 1227 400 1327 Mesopotamiae
445 1225 670 1323 praetoribus
714 1225 919 1322 imperavit,
973 1229 1123 1300 materia
1160 1230 1197 1300 in
1228 1227 1364 1303 Libano
1453 1289 1456 1293 .

122 1351 240 1412 monte
268 1364 389 1429 caesa,
426 1337 646 1432 devectaque
673 1333 719 1407 ad
746 1336 870 1409 urbem
897 1333 1022 1435 Syriae
1050 1337 1285 1436 Thapsacum,
1312 1366 1364 1414 se·

122 1452 390 1549 ptingentarum
429 1449 567 1521 carinas
608 1445 753 1517 navium
792 1473 941 1543 ponere:
976 1451 1198 1546 septiremes
1240 1476 1363 1525 omnes

121 1587 206 1651 esse,
235 1560 436 1657 deducique
454 1556 700 1656 Babyloniam.
738 1553 950 1655 Cypriorum
969 1561 1113 1656 regibus
1139 1562 1362 1659 imperatum,

120 1683 160 1746 ut
183 1699 245 1747 aes
274 1682 515 1770 stuppamque
541 1679 578 1742 et
604 1667 685 1740 vela
710 1668 932 1763 praeberent.

118 1909 162 1962 sed
185 1908 238 1963 hoc
264 1907 294 1962 in
319 1925 373 1962 uno
399 1906 470 1960 Flor.
494 1904 520 1958 G
545 1910 627 1982 exat·
647 1917 725 1981 quem
757 1912 950 1973 gentorumgue,
970 1903 1020 1957 FG
1038 1908 1076 1958 ad
1097 1908 1161 1976 Syri
1186 1918 1313 1977 topoogos
1340 1920 1364 1963 et

117 1978 210 2030 librum
227 1995 245 2030 a
262 1979 341 2032 docto
350 1976 397 2030 sed
419 1973 517 2027 infideli
535 1972 645 2025 librarlo
663 1988 724 2022 sorr·
759 1972 907 2038 ingentium.
943 1973 1024 2026 Snalr.
1043 1974 1117 2028 Leid.
1128 1977 1227 2030 Vosal
1247 1978 1363 2030 Bern.A

118 2053 192 2116 ptum
209 2062 268 2100 esse
295 2051 414 2116 apparet.
451 2041 541 2096 Ceteri
566 2041 723 2109 Euphratis,
758 2047 787 2091 et
820 2038 872 2108 ipsi
903 2043 1060 2111 Thapsagua
1093 2054 1116 2096 et
1150 2047 1363 2114 ingeutorumque

117 2122 146 2167 ut
161 2116 268 2169 necesse
286 2116 320 2168 sit
342 2112 469 2167 excidisse
491 2111 609 2164 verbum.
645 2107 724 2170 Quod
758 2106 893 2162 exhibent.
954 2113 1075 2180 Apparet
1104 2129 1138 2165 ex
1172 2112 1212 2166 his
1243 2113 1363 2167 ludibriis

117 2200 174 2236 cum
189 2191 283 2237 mente
302 2181 419 2253 suppleri
436 2198 490 2233 non
528 2177 600 2244 ossit,
619 2192 634 2227 c
650 2175 722 2228 Flor.
758 2175 913 2245 scripturae,
932 2179 1066 2248 vulgatam
1084 2180 1223 2235 lectionem
1243 2184 1363 2253 Thapau-

116 2250 211 2332 fflfld
227 2253 378 2321 Euphratis
406 2251 472 2302 ostio
525 2247 573 2326 idi,
600 2245 671 2365 qpod
696 2252 724 2296 et
758 2262 815 2297 cum
832 2248 974 2326 ingentium
984 2249 1103 2302 nondum
1111 2259 1281 2331 persanatum
1296 2267 1362 2318 esse,

116 2328 268 2457 attat*
295 2318 474 2455 lllmetqltll
491 2315 725 2436 ttmwttttt
760 2330 879 2436 att?
903 2316 1291 2458 ttnltffpha‘atttff·
1305 2335 1364 2442 illi

116 2474 220 2510 manum
246 2461 448 2527 repraesentat,
475 2460 546 2507 certe
568 2458 658 2522 potest
683 2466 724 2503 re·
757 2450 879 2521 plerique
893 2471 984 2506 omnes
1002 2453 1063 2508 libri
1080 2455 1180 2510 invoce
1199 2459 1364 2526 ingeniorum

115 2534 293 2594 praesentare,
758 2521 935 2588 consentiant,
960 2539 1026 2592 quae
1044 2523 1136 2577 literae
1153 2525 1193 2577 illi
1213 2525 1271 2580 voci
1289 2535 1363 2579 antc-

149 2611 291 2679 Bahylona
317 2609 460 2674 subituros]
496 2605 558 2658 Hoc
583 2603 654 2657 urbis
676 2621 723 2656 no·
757 2589 855 2666 cedunt
878 2600 934 2643 oet
960 2608 1020 2644 cum
1037 2591 1083 2645 illa
1100 2593 1136 2645 ita
1163 2594 1363 2664 coniungendae

115 2695 175 2731 men
201 2690 230 2732 et
257 2681 328 2733 hanc
359 2679 471 2730 formam
497 2672 624 2726 exhibent
646 2672 722 2725 codd,
756 2657 879 2710 videntur
896 2666 926 2711 ut
944 2678 1024 2711 unum
1038 2662 1199 2714 vocabulum
1215 2665 1363 2732 septingen-

113 2745 187 2799 Leig
205 2748 284 2801 voss,
306 2755 318 2800 1
346 2747 427 2799 Rem,
446 2749 472 2796 A
498 2742 570 2795 Flos,
590 2739 653 2807 ΑΒ,
672 2741 722 2793 1100
757 2734 843 2777 terum
860 2727 995 2780 confletur.
1030 2728 1176 2781 Numerum
1202 2740 1274 2783 certe
1301 2748 1361 2785 cen·

113 2825 155 2868 est
175 2816 342 2886 integerrimi
361 2815 474 2885 quique,
499 2811 564 2863 item
580 2809 652 2862 plor,
671 2808 721 2874 DL
756 2794 888 2872 tonarium
905 2793 933 2846 in
959 2794 1010 2847 illis
1028 2796 1182 2864 fragmentis
1201 2797 1283 2850 latere
1309 2799 1362 2851 iam

113 2884 192 2936 ceteri
216 2886 401 2950 Bubiloniom,
428 2881 515 2935 nullus
543 2879 615 2948 quod
640 2875 720 2930 hodie
757 2860 800 2912 ahi
810 2861 1006 2928 intellexerunt,
1018 2864 1142 2933 quoniam
1151 2865 1275 2918 Heinsius
1284 2869 1361 2935 quin-

112 2951 199 3005 editur
216 2955 391 3021 Babylonem,
434 2949 504 3004 Vide
522 2963 589 3018 quae
612 2944 720 3014 collegi.
753 2939 905 3010 geniorum,
924 2927 1197 3012 S'chmiederusuquod
1213 2934 1305 2987 melius
1322 2934 1361 2986 vi-

111 3038 168 3073 mus
187 3022 221 3073 ad
239 3037 268 3088 v,
292 3030 314 3088 ι,
336 3029 360 3074 7·
754 2998 832 3049 detur
849 3009 1054 3067 octingentorum
1068 3010 1244 3054 coniecerunt.
1281 3002 1360 3066 Quod

753 3065 781 3116 in
798 3065 855 3118 aliis
881 3066 953 3119 libris
981 3067 1087 3120 additur
1111 3086 1172 3139 goe,
1201 3069 1240 3123 ita
1261 3071 1360 3122 factum

137 3117 270 3184 Cap.3,§.
283 3121 323 3167 17.
334 3117 467 3167 columnas
476 3109 610 3178 Herculis]
621 3105 718 3158 Nescio
770 3143 818 3186 uto
879 3136 933 3187 uod
978 3151 1036 3188 cum
1058 3146 1081 3188 e,
1099 3153 1114 3187 a
1131 3137 1220 3190 scriba
1237 3138 1360 3191 ΟΜΝΗ)

110 3182 180 3234 unde
198 3182 226 3235 51¹
244 3183 365 3235 FrelssSh·
387 3189 416 3234 el
434 3179 567 3233 snakenb·
592 3177 652 3229 edd·
672 3191 717 3226 le·
752 3152 834 3268 isset]
861 3152 900 3254 ‘id
927 3175 1057 3256 defectum
1084 3205 1249 3258 sarciendum
1276 3206 1361 3260 altera

110 3251 462 3331 nelltlingfflarlfflumems
475 3249 629 3326 ⁶⁰lu²⁷lnf⁷m⁹
642 3259 720 3314 quem
754 3270 905 3324 coniunctio
931 3272 958 3324 in
984 3272 1036 3324 fine
1063 3274 1206 3327 adderetur
1248 3276 1360 3344 posthac

109 3335 125 3370 e
143 3318 215 3372 hbrrs
233 3327 330 3372 nostris
349 3337 402 3371 non
420 3319 517 3370 habent
535 3334 583 3368 n1s1
597 3310 719 3366 Flor.H1
753 3349 868 3408 utraque
886 3340 981 3393 eoniun
1000 3350 1096 3395 eretur.
1124 3315 1310 3396 ceterdmnon
1319 3343 1360 3396 in·

109 3386 191 3440 Bem·
210 3388 235 3440 B
254 3387 371 3440 extremi
389 3385 496 3439 Ordinis·
754 3415 816 3477 epte
846 3408 951 3462 videtur
982 3357 1166 3464 dchmiederus
1198 3413 1358 3475 observasse,

144 3483 167 3548 §-
178 3488 219 3535 19.
248 3483 472 3561 septingentorum
488 3479 594 3531 cunnus
604 3475 717 3540 noviant]
755 3477 874 3530 Curtium
882 3495 948 3548 quae
956 3478 1062 3548 legisset
1070 3480 1217 3535 denavibus
1224 3490 1251 3534 et
1260 3481 1360 3534 inmari

108 3548 169 3602 Hoc
203 3567 340 3619 posuimus
368 3549 401 3600 de
433 3548 588 3602 coniectura
617 3549 717 3607 nostra,
753 3547 946 3600 mediterraneo
964 3557 992 3600 et
1008 3547 1036 3600 in
1049 3549 1187 3618 Euphrate
1204 3567 1263 3603 com
1282 3567 1359 3603 aran-

108 3617 185 3672 codd.
204 3617 326 3688 corrupti
352 3624 425 3681 sunt3
453 3618 499 3669 sed
525 3615 551 3668 iu
570 3631 601 3666 eo
628 3626 718 3690 omnes
754 3616 794 3669 dis
811 3615 849 3668 ita
863 3616 1036 3683 coniunxisse,
1055 3625 1085 3669 ut
1100 3618 1187 3671 omnia
1204 3620 1237 3670 ad
1252 3569 1360 3671 classem

109 3686 296 3753 consentiunt,
319 3686 390 3755 quod
407 3693 467 3754 post
484 3684 621 3754 imperauit
639 3681 719 3733 subn·
754 3702 806 3755 qua
814 3684 968 3738 Alexander
981 3685 1138 3739 maritimam
1149 3685 1267 3740 Orientis
1285 3704 1359 3739 oram

108 3752 181 3806 ciunt
203 3765 252 3821 ut,
282 3771 331 3806 nec
348 3760 437 3806 tamen
481 3770 557 3806 onere
580 3751 653 3822 quod
679 3766 719 3801 se·
754 3752 917 3807 subiecturus
926 3762 1003 3821 esset,
1013 3755 1135 3807 referret.
1148 3754 1208 3818 Qua
1218 3755 1289 3806 dere
1298 3753 1359 3805 vide

127 3820 198 3874 uitur
215 3831 333 3875 mutant.
368 3821 438 3873 Tum
455 3772 561 3875 iluna
579 3823 617 3872 ud
632 3819 720 3871 urbem
753 3822 834 3892 ipsius
846 3828 937 3874 notam
954 3831 982 3876 et
991 3822 1080 3876 confer
1088 3822 1200 3875 Diodor.
1219 3821 1263 3874 lib.
1272 3835 1357 3886 xvffl,

108 3839 188 3958 dgna
216 3901 240 3944 et
264 3891 412 3968 Hapsogus
434 3891 647 3960 ingratorumque
674 3886 720 3937 ad·
754 3891 1092 3957 tcumArrianoV11‚19,3
1123 3891 1149 3943 ui
1158 3890 1265 3960 quidem
1275 3906 1357 3960 prope

109 3957 207 4028 scripta
243 3976 327 4028 supra
352 3959 449 4010 lineam
474 3959 546 4011 inter
572 3959 719 4026 Hapsogus
755 3959 955 4028 Babylonema
981 3978 1044 4029 rege
1062 3967 1105 4011 tra
1126 3959 1146 4011 't
1167 3965 1276 4027 portum
1299 3974 1357 4012 esse

110 4033 136 4078 et
153 4029 250 4096 ingeni.
270 4025 402 4098 particula
418 4038 453 4091 et,
478 4027 550 4080 Flor.
568 4026 592 4079 Β
611 4027 649 4077 ad
672 4040 717 4075 ur-
751 4028 917 4095 institutum,
946 4031 992 4100 qui
1009 4027 1080 4082 mille
1106 4043 1187 4081 naves
1205 4026 1296 4096 longas
1314 4045 1357 4080 oa.

112 4094 163 4148 hem
187 4096 267 4164 Sgrie
295 4113 426 4164 capsogus
453 4106 477 4149 et
494 4098 717 4165 ingeniorumque,
752 4106 834 4172 peret,

113 4160 279 4216 cadurbem
286 4165 492 4237 Sirigtopsogos
507 4175 530 4217 et
548 4168 717 4232 ingeniorum,
787 4167 945 4236 septiremes]
982 4163 1026 4218 Sic
1048 4181 1114 4216 unus
1132 4163 1203 4216 Flor.
1223 4163 1257 4231 G,
1276 4165 1357 4218 ceteri

112 4229 135 4282 D
153 4234 191 4285 od
199 4233 266 4300 Syri
275 4234 339 4285 urbe
357 4250 486 4302 cupsogos
496 4235 717 4303 ingeniorumque,
752 4236 813 4290 libri
830 4236 961 4287 vnrents
978 4233 1021 4285 vel
1038 4243 1133 4303 septeni
1150 4234 1235 4285 remis.

113 4299 161 4352 ΕΗ
188 4300 273 4354 Bern.
291 4300 316 4352 B
349 4303 386 4354 od
401 4301 463 4369 Sgri
488 4311 613 4372 tapsogos
637 4311 660 4355 et
677 4301 719 4352 in·
788 4305 930 4371 deducique
959 4302 1144 4370 Babyloniam]
1193 4301 1270 4355 Haec
1300 4312 1357 4356 erat

112 4368 286 4437 gentorum,1
304 4369 662 4443 ongrigurbemcopsogue
680 4369 719 4421 io·
752 4381 859 4428 vetusta
876 4369 965 4438 lectio,
984 4387 1095 4440 quacum
1113 4367 1217 4423 codices
1239 4389 1299 4426 mss.
1316 4374 1356 4425 fa-
