2926 5174
513 315 560 365 nn
587 315 714 367 nnsrrs
740 315 849 368 snex.
876 319 928 387 nr,
950 318 975 370 r.
1318 308 1363 378 15

112 497 224 572 diebus
251 497 384 570 totius
418 499 502 570 anni
525 524 630 595 pares
657 526 825 593 numer95
855 503 986 600 quippe
1013 502 1132 579 Persis
1159 532 1301 605 quoque
1327 510 1364 582 in

91 608 250 683 [totidem
288 606 382 681 dies
424 607 618 706 descriptus
654 621 710 683 est
745 637 870 685 annus.
932 611 1086 688 Currum
1122 616 1251 691 deinde
1286 619 1365 693 Iovi

109 730 279 794 sacratum
308 719 493 815 albentes
518 721 701 794 vehebant
727 723 829 819 equi:
856 725 923 797 hos
943 709 1093 800 eriimiae
1106 728 1363 826 magnitudinis

108 859 216 930 equus,
243 854 372 928 quem
407 826 500 904 Solis
525 833 763 928 appellabant,
790 835 1016 930 sequebatur.
1069 836 1213 912 Aureae
1239 841 1363 937 virgae

91 954 138 1017 *et
160 944 258 1016 albae
287 950 436 1014 vestes
464 952 626 1038 regentes
653 969 765 1040 equos
800 945 1035 1019 adornabant.
1094 945 1203 1021 Haud
1236 952 1362 1047 procul

107 1063 194 1130 erant
218 1053 415 1128 vehicula
443 1050 565 1125 decem
589 1056 703 1127 multo
731 1081 818 1129 auro
846 1067 1066 1153 argentoque
1093 1061 1240 1132 caelata.
1300 1059 1361 1135 Se·

107 1166 270 1264 quebatur
296 1165 412 1236 haee
442 1163 618 1258 equitatus
645 1164 835 1239 duodecim
862 1168 1027 1264 gentium
1053 1171 1161 1243 variis
1188 1171 1297 1245 armis
1324 1183 1361 1245 et

107 1277 260 1348 moribus.
317 1273 504 1346 Proximi
534 1274 635 1348 ibant
670 1301 759 1373 quos
794 1277 927 1351 Persae
959 1277 1182 1353 Immortales
1217 1292 1360 1373 vocant,

113 1385 153 1458 ad
175 1385 292 1459 decem
324 1384 455 1458 milia.
491 1381 613 1459 Cultus
641 1388 844 1485 opulentiae
871 1389 1046 1462 barbarae
1071 1416 1145 1463 non
1172 1392 1360 1469 alies-ma·

112 1498 427 1594 gishonestabat:
455 1494 504 1566 illi
529 1520 656 1571 aureos
681 1508 838 1595 torques,
865 1500 915 1572 illi
939 1509 1079 1574 vestem
1113 1527 1201 1576 auro
1238 1502 1360 1576 distin-

108 1617 184 1682 ctam
206 1608 432 1696 habebant,
446 1606 732 1706 manicaasque·
754 1610 908 1702 tunieaS,
935 1614 1084 1708 gemmis
1112 1615 1221 1686 etiam
1256 1613 1359 1705 ador·

91 1730 198 1793 naus.
253 1718 427 1816 Exiguo
462 1717 668 1810 intervallo,
701 1746 790 1817 quos
827 1731 999 1818 cognatos
1033 1725 1128 1821 regis
1166 1726 1359 1822 appellant,

103 1829 280 1904 decernet
309 1829 488 1925 quinque
513 1830 608 1902 milia
633 1833 828 1905 hominum.
889 1831 990 1906 Haec
1023 1858 1111 1907 vero
1147 1835 1256 1908 turba
1281 1860 1358 1908 mu·

101 1936 548 2038 liebriterpropemedum
561 1942 666 2032 culta,
692 1943 784 2014 luxu
808 1943 922 2039 magis
950 1967 1058 2038 quam
1085 1943 1223 2016 decoris
1250 1947 1358 2038 armis

102 2054 283 2151 conspicua
313 2056 436 2124 erat.
506 2048 745 2151 Doryphoroe
784 2052 1009 2125 vocabantur
1053 2055 1259 2151 proximum
1299 2056 1357 2128 his

101 2188 238 2260 agmen,
275 2163 393 2236 soliti·
425 2170 564 2234 vestem
590 2164 757 2260 excipere
782 2163 949 2260 regalem.
1014 2162 1061 2236 Hi
1092 2189 1237 2237 currum
1263 2167 1357 2262 regis

100 2276 298 2365 anteibant,
337 2274 422 2370 quo
449 2271 523 2368 ipse
550 2275 710 2346 eminens
736 2274 945 2347 vehebatur.
1003 2273 1204 2372 Utrumque
1231 2301 1356 2350 currus

99 2384 180 2459 latus
207 2385 378 2459 deorum
411 2380 598 2456 simulacra
626 2410 673 2478 err
691 2409 778 2458 auro
806 2394 1027 2482 argentoque
1054 2412 1226 2484 expressa
1252 2386 1357 2471 deco·

99 2497 237 2570 rabant:
267 2493 558 2590 distinguebant
577 2497 826 2570 internitentes
853 2522 1015 2594 gemmae
1041 2499 1173 2594 iugum,
1202 2523 1250 2570 ex
1282 2523 1353 2594 quo

100 2609 301 2682 eminebant
330 2606 417 2680 duo
447 2630 554 2679 aurea
581 2609 783 2681 sumulacra
809 2609 995 2698 cubitalia,
1023 2634 1177 2706 quorum
1203 2610 1357 2684 alterum

131 2836 151 2902 §-
170 2842 208 2888 11.
226 2845 354 2904 regentes
376 2833 475 2902 equos]
505 2839 620 2888 rectores
637 2849 718 2904 equo·
753 2844 835 2888 teram
853 2825 882 2887 z‘a
896 2838 1050 2888 ulterutram
1069 2832 1355 2904 belli,Flor.DEapr.

101 2919 161 2969 rum,
178 2912 209 2956 ut
226 2903 305 2958 Suet.
329 2903 396 2956 Tit.
417 2911 444 2952 4.
752 2921 787 2956 m.
806 2907 872 2956 ulter
889 2906 918 2956 in
936 2905 1098 2969 alterutrum,
1116 2904 1187 2957 Flor.
1198 2901 1224 2955 G
1241 2919 1257 2954 a
1274 2921 1355 2973 prm.

132 2973 154 3037 ξ.
171 2979 210 3026 13.
253 2991 266 3026 e
304 2975 401 3026 iratus
431 2971 565 3023 duodecim
589 2971 717 3040 gentiam]
752 2974 819 3024 alter
837 2973 866 3023 ia
883 2973 1003 3036 alteram,
1028 2971 1141 3023 Flor.B
1164 2980 1272 3038 quorum
1289 2972 1357 3024 alter

104 3036 182 3090 Recte
198 3040 394 3095 Sehmrederus
419 3038 456 3089 de
477 3039 612 3093 duodecim
633 3038 718 3091 tribu·
753 3041 786 3103 in
805 3041 959 3091 ulterutram
982 3047 1020 3090 est
1042 3039 1109 3090 belli.
1148 3038 1182 3090 ln
1205 3037 1356 3106 vulgaribus

107 3104 153 3157 bus
162 3105 299 3162 Persarum
314 3104 717 3178 intellexitXenophICyrop.
752 3106 874 3160 adiicitur
885 3107 1122 3175 gerebatefflqim
1140 3105 1211 3174 quod
1228 3104 1255 3157 in
1272 3123 1299 3156 m
1349 3145 1355 3158 .

109 3173 326 3299 tarra
344 3173 719 3298 recesseram
751 3174 868 3297 dat
885 3171 1235 3309 mariannan
1253 3122 1356 3295 {tii

103 3263 213 3381 ριὶἷὲηαά
231 3265 385 3369 ιᾶἰνεοῖηἶζῐηι
416 3313 551 3381 pugnandi
577 3261 715 3402 rgiionem,
752 3284 896 3377 Snakenb.)
914 3313 965 3365 Ed.
982 3283 1102 3393 princeps
1119 3328 1228 3380 quoram
1245 3312 1356 3364 alteram

102 3388 217 3450 qnatenus
234 3392 285 3437 aut
304 3380 413 3437 iaculis
435 3380 589 3451 sagittisque
606 3382 717 3433 uteban·
752 3384 780 3434 in
798 3385 908 3435 alteram
926 3383 986 3434 belle
1002 3381 1127 3449 gerebant
1144 3381 1273 3449 ffqicm,
1295 3379 1356 3434 Mo-

100 3454 140 3502 tur
152 3459 196 3504 aut
211 3451 347 3506 stabilem
368 3465 493 3520 pugnam
510 3450 690 3502 conserebant.
751 3449 809 3502 dius
827 3451 1151 3518 qaorumalterampecis,
1170 3451 1281 3501 alteram
1296 3442 1356 3503 belli

128 3521 147 3586 §.
165 3526 202 3573 15.
220 3523 419 3591 Doryphoroe
436 3518 606 3587 vocabantur]
629 3519 716 3584 Dony-
769 3520 855 3570 erebus
880 3519 1001 3587 effigiem.
1041 3516 1095 3570 Sed
1118 3518 1228 3570 deorum
1250 3517 1357 3570 nomina

93 3587 163 3653 pleri
176 3589 280 3643 Aldina
311 3604 349 3642 ae
380 3584 481 3638 deinde
505 3585 634 3656 reliquae,
670 3587 717 3638 sed
749 3537 877 3656 losephus
901 3586 1019 3654 Scaliger
1045 3585 1090 3654 (iu
1108 3585 1199 3639 Addit.
1218 3584 1304 3655 operis
1322 3587 1356 3639 de

97 3654 150 3709 edit
176 3660 272 3729 prinae
342 3654 486 3722 diriphorc
515 3662 544 3708 et
569 3653 630 3707 libri
655 3671 716 3707 mss.
750 3656 883 3707 emendat.
898 3663 979 3723 temp.
1017 3653 1356 3721 .751)sinedubioreoce

94 3739 171 3779 omnes
186 3675 368 3796 <impigrae
412 3723 564 3791 scriptore,
590 3723 714 3792 derisore,
750 3722 883 3776 intellexit
900 3722 978 3775 fuisse
1015 3721 1050 3774 ini
1074 3731 1102 3776 et
1119 3722 1187 3789 Beli,
1206 3721 1261 3776 anti
1281 3722 1357 3775 uissi·

93 3791 167 3848 nullus
182 3803 260 3850 certe
281 3810 354 3848 eum
421 3787 477 3842 tina
493 3790 679 3844 terminatione
696 3791 714 3842 i.
749 3809 851 3845 morum
880 3809 972 3860 regum
994 3791 1118 3859 Assyriae
1142 3799 1170 3845 et
1194 3740 1357 3858 Babyloniae

91 3858 112 3912 A
128 3873 197 3932 paret
213 3863 369 3919 Graecam
391 3874 423 3910 oe
439 3858 629 3939 restituendam
646 3875 715 3938 esse:
751 3864 920 3940 (quamquam
937 3858 1018 3912 Belus
1040 3858 1120 3912 etiam
1137 3859 1267 3938 vetustior
1283 3857 1356 3936 llino

91 3925 526 4071 affirmata
544 3929 715 4049 liutet
749 3927 1278 4063 tlltttttt⁰tt.?.t¹t{t⁰²;tt‘t
1294 3926 1356 4060 tt?

91 4077 230 4125 mmtanter
249 4065 326 4122 libri
348 4071 383 4116 et
404 4069 491 4129 reete,
530 4063 639 4118 uoniam
655 4081 715 4116 ver·
747 4067 816 4143 piem
833 4075 862 4119 et
880 4065 998 4119 codicum
1015 4063 1157 4119 auctoritas
1182 4069 1210 4114 et
1228 4061 1354 4115 sermonis

91 4130 142 4190 bun
160 4139 214 4194 fere
248 4132 399 4209 proxime
423 4138 498 4184 antec
531 4132 587 4186 enti
616 4130 714 4187 nomini
749 4135 889 4188 insolentia
906 4136 994 4203 arguit
1012 4130 1135 4186 acurtie
1148 4148 1202 4182 non
1220 4146 1277 4182 esse
1293 4148 1354 4199 pro-

91 4203 231 4277 tdaptatun
285 4202 452 4258 vocabatur
481 4210 570 4256 autem
597 4219 715 4255 meorum
748 4201 830 4257 fecta:
849 4213 896 4256 aut
905 4201 1057 4272 simpliciter
1066 4198 1178 4252 delenda
1186 4215 1288 4265 censeo,
1307 4207 1355 4252 aut

91 4267 154 4330 Rem.
171 4279 194 4332 B
213 4277 301 4332 Flor.
327 4269 360 4323 G
383 4266 424 4319 H·
749 4273 892 4339 seeundum
914 4270 1026 4324 FlenB
1055 4266 1220 4321 scribendum
1246 4284 1355 4336 quoram

117 4345 135 4410 ξ.
151 4354 188 4402 16,
214 4357 353 4417 quorum
374 4337 488 4389 alterum
504 4339 584 4406 Nini,
604 4341 714 4392 alteram
750 4337 860 4396 alteram
881 4341 965 4405 Nini,
993 4341 1104 4390 alteram
1122 4346 1179 4389 eret
1195 4336 1263 4388 Beli.
1302 4334 1355 4387 At·

92 4417 211 4492 aalma]
230 4410 338 4471 Codd.
350 4421 421 4459 mss.
430 4408 546 4461 nonnulli
555 4425 664 4478 quoram
674 4409 715 4461 al·
750 4425 801 4478 que
818 4412 869 4464 hoc
885 4425 956 4462 nunc
972 4403 1094 4477 praetuli.
