2926 5174
93 239 166 313 328
559 260 592 324 Q·
621 257 745 311 cuarn
769 258 854 312 num

89 444 188 519 urbis
215 445 495 520 absolverentur.
547 444 677 545 Ingens
710 444 862 517 militum
893 452 1078 517 certamen
1108 442 1200 516 inter
1226 441 1301 541 ipsas

89 558 216 647 suerat,
243 569 284 630 ut
309 582 413 630 suum
440 559 589 655 quisque
614 582 743 630 munus
771 557 870 655 (nam
894 556 1052 629 divisum
1076 551 1170 652 erat)
1193 554 1302 652 primus

91 668 306 767 ostenderet.
358 666 499 742 Incolae
524 693 641 741 novae
667 668 747 740 urbi
774 665 849 738 dati
880 667 1031 765 captivi,
1067 692 1159 764 quos
1188 663 1332 738 addar

91 780 206 878 pretio
233 780 384 853 dominis
411 780 593 869 liberavit,
626 804 779 876 quorum
804 780 938 876 posteri
964 803 1064 850 nunc
1090 802 1228 877 quoque
1248 801 1302 850 non

94 889 191 989 apud
224 916 286 965 eos
317 902 392 964 tam
423 891 532 991 longa
563 902 681 964 aetate
712 902 860 988 propter
889 890 1102 964 memoriam
1133 887 1302 962 Alexandri

93 1003 336 1097 exoleverunt
851 1085 856 1092 ¹

43 1113 104 1209 29,
193 1112 245 1186 At
269 1139 335 1185 rex
362 1110 587 1211 Scytharum,
614 1114 714 1185 cuius
740 1123 818 1185 tum
844 1111 939 1184 ultra
956 1110 1110 1184 Tanaim
1134 1111 1329 1210 imperiumn

90 1235 184 1316 erat,
220 1234 319 1299 ratus
351 1249 429 1297 eam
460 1224 604 1315 urbem,
646 1249 753 1321 quam
787 1224 824 1296 in
856 1224 934 1320 ripa
964 1223 1082 1296 amnis
1115 1220 1301 1296 Macedones

91 1334 341 1426 condiderant,
379 1337 468 1438 suis!
484 1335 687 1434 impositam
714 1360 792 1409 esse
819 1333 1034 1424 cervicibus,
1069 1334 1219 1407 'fratrem
1243 1329 1301 1406 Gar·

89 1448 220 1544 thasim
246 1448 389 1521 nomine
416 1473 497 1520 cum
521 1473 650 1546 magna
679 1447 838 1545 equitum
865 1471 973 1520 manu
997 1446 1098 1518 misit
1125 1443 1173 1518 ad
1191 1443 1300 1517 dirucn

91 1557 280 1648 dameam,
307 1559 502 1656 proculque
528 1584 632 1632 amne
654 1557 919 1631 submovendas
936 1555 1178 1631 Macedonum
1200 1555 1300 1655 copias

88 1669 297 1765 Bactrianos
324 1667 455 1742 Tanais
482 1671 527 1742 ab
555 1665 716 1768 Scythis,
748 1693 837 1767 quos
864 1668 1074 1768 Europaeos
1101 1678 1246 1757 vocant,
1265 1664 1317 1737 dit

88 1779 211 1877 vidit
240 1779 340 1855 idem
370 1780 496 1854 Asiam
528 1791 565 1854 et
596 1778 780 1879 Europam
811 1780 891 1853 finis
923 1780 1107 1853 interfluit.
1162 1778 1316 1855 Ceterum!

89 1889 305 1992 Scytharum
336 1916 425 1990 gens
460 1890 558 1965 haud
589 1893 714 1990 procul
740 1891 891 1965 Thracia
924 1893 993 1966 sita
1024 1892 1071 1964 ab
1100 1888 1244 1967 Oriente
1267 1886 1298 1960 nd

89 2000 375 2103 Septentrionem
402 2028 440 2077 se
466 2003 591 2102 vertit,
618 2000 948 2100 Sarmatarumqne,
974 2013 1016 2077 ut
1043 2002 1190 2100 quidam
1214 1997 1296 2075 cradi·

89 2113 183 2210 dere,
210 2139 283 2188 non
309 2113 469 2204 finitima,
495 2113 559 2187 sed
586 2139 669 2212 pars
697 2126 761 2189 est.
813 2114 962 2189 Rectam
988 2113 1119 2188 deinde
1143 2114 1315 2214 regionem*

91 2315 217 2381 Tanaim,
243 2332 296 2385 qua
312 2315 368 2385 ipsa
385 2315 561 2386 appellatione
578 2323 606 2370 et
627 2317 689 2370 effe-
724 2316 769 2370 Sic
792 2316 880 2370 locum
901 2316 1051 2383 emendavi,
1079 2316 1126 2386 qui
1147 2321 1209 2386 past
1224 2311 1298 2366 Aldm

89 2392 161 2437 ctum
178 2391 206 2436 et
224 2398 329 2436 causam
350 2384 475 2454 perpetui
491 2384 588 2438 erroris
605 2402 689 2456 agno-
724 2385 803 2455 vulgo
820 2385 857 2440 sic
878 2385 975 2466 legitur
995 2395 1068 2438 recta
1086 2387 1180 2438 deinde
1195 2383 1298 2452 rapina

88 2470 152 2506 scas.
724 2455 815 2520 aliam,
833 2471 891 2507 cum
908 2473 937 2508 ιιι
953 2453 1071 2525 principe
1089 2453 1183 2506 fuisset
1198 2470 1220 2504 r.
1229 2453 1252 2504 d.
1261 2464 1298 2516 rta-

123 2524 199 2590 §.2⁷.
218 2521 549 2590 Incolae-daticoptivi]
567 2521 691 2592 Intellige
725 2523 842 2587 aliam,
869 2522 895 2575 in
921 2521 1017 2575 Merui.
1044 2524 1204 2575 alannum.
1237 2514 1298 2572 codd

89 2588 295 2660 Cyropohtanor
312 2596 340 2641 ct
355 2589 524 2644 Memacenos
545 2600 574 2644 et
595 2589 691 2644 tertiae
725 2599 814 2644 autem
823 2589 1016 2660 snakenburgii
1030 2589 1140 2661 quidem
1153 2603 1239 2644 omncs
1250 2592 1299 2638 rata

88 2658 159 2712 urbis
177 2676 230 2711 non
247 2657 395 2712 nominatae
412 2657 491 2724 cives,
511 2658 691 2729 quosservitio
726 2661 819 2712 deinde
836 2661 940 2729 rep-iane
956 2661 1049 2726 aliam,
1066 2658 1133 2712 item
1142 2650 1299 2730 sicBerndli⁸

88 2726 208 2780 hberavit
225 2742 308 2796 eoque
320 2726 447 2780 beneficio
459 2726 509 2779 sibi
523 2727 690 2796 obstringere
723 2728 794 2780 Flor.
811 2726 953 2794 ABCEH3
977 2728 1023 2780 sed
1047 2727 1111 2797 quid
1137 2725 1197 2779 hnic
1218 2721 1301 2777 laedon

87 2795 214 2918 tilla
232 2795 689 2917 {tffldtltlutittlhdtd
722 2795 920 2935 §bittit
934 2794 1184 2935 iliniitpfflli
1199 2802 1301 2915 iiiii

86 2933 173 2986 narios
190 2942 218 2986 et
233 2903 409 2986 Mdoedonum
428 2949 531 3002 quoque
549 2932 689 2986 nonnullos
724 2948 789 3000 vm,
808 2939 841 2988 30
858 2932 916 2987 init.
933 2950 983 3003 pro
1000 2939 1091 2986 nostru
1109 2934 1135 2986 in
1154 2926 1301 3002 gertrudim

86 3001 180 3055 militia
190 2999 309 3054 dimissos
323 3009 351 3054 et
364 2999 691 3054 barborumadiacentium
725 3007 793 3072 trutg.
830 3001 899 3055 Nam
917 3017 983 3072 quae
1006 2999 1157 3054 emendatio
1173 3017 1190 3052 a
1206 2992 1302 3051 rainl

87 3070 131 3142 qui
148 3070 257 3135 vellent,
276 3086 371 3123 novam
389 3069 481 3122 urbem
489 3068 691 3123 incoluisseme-
723 3069 859 3141 proposita
882 3078 935 3122 est:
961 3079 1031 3122 recta
1057 3070 1165 3138 reqione
1190 3068 1218 3120 in
1241 3065 1303 3119 alim

86 3137 187 3192 moriae
204 3137 330 3210 prodidit.
725 3169 759 3180 -
777 3140 827 3191 coit
848 3137 913 3190 nihil
935 3138 1015 3191 habet
1031 3154 1084 3207 qno
1101 3153 1131 3190 se
1148 3132 1303 3195 commendet

104 3226 191 3276 ‘nanc
219 3222 318 3288 qaoque
344 3208 407 3273 aaa]
447 3204 557 3259 Dictum
582 3224 632 3277 pro
659 3224 691 3260 ae
725 3223 774 3260 nec
791 3205 1012 3277 quodTellierius
1030 3204 1114 3258 edidit
1131 3215 1203 3258 recta
1219 3203 1303 3281 rapiant

86 3293 155 3328 nanc
197 3277 295 3341 uadem,
323 3282 353 3327 ut
375 3291 454 3344 snpra
471 3291 492 3327 c.
506 3280 538 3327 23
561 3285 585 3328 et
606 3275 693 3328 Xerxi
726 3277 858 3329 Alaunam
872 3275 1183 3329 aitraIstrumiacentem
1197 3273 1304 3326 autina

87 3360 147 3395 non.
214 3341 289 3396 odius
307 3343 353 3395 has
372 3341 471 3396 Siculas
495 3359 579 3412 nugas
601 3351 689 3410 vocat,
726 3345 809 3397 Asiae
828 3350 878 3397 cet.
895 3342 976 3396 ullam
992 3340 1047 3395 veri
1065 3340 1258 3396 similitudinem
1271 3337 1304 3391 ht·

86 3418 115 3464 et
128 3409 210 3464 edidit
225 3412 442 3482 quorampocteri
456 3427 554 3480 qaoque
567 3414 690 3480 nondam,
725 3414 779 3466 bet.
821 3411 892 3466 Nam
923 3419 954 3464 ut
984 3410 1105 3465 omittam
1131 3408 1192 3464 eiici
1215 3409 1311 3467 verbm,

86 3478 194 3549 ingenio
211 3496 261 3549 pro
276 3479 408 3533 codicibus
417 3497 486 3532 usus.
513 3477 691 3535 Soak.nescio
725 3483 794 3547 colit,
812 3481 882 3551 quod
900 3497 947 3550 per
963 3479 1066 3533 radices
1083 3478 1148 3532 satis
1164 3485 1248 3532 tntum
1263 3479 1304 3527 cst:

86 3548 157 3600 unde
174 3565 248 3600 auam
268 3546 409 3602 lectionem
430 3547 559 3619 accepen't
582 3566 691 3628 quaram
725 3550 841 3603 nondum
857 3549 962 3602 fuerunt
982 3547 1027 3601 illa
1043 3554 1133 3600 aetate
1148 3545 1235 3600 Alani
1263 3543 1305 3620 lta·

80 3617 185 3686 posteri
202 3633 271 3669 nanc
305 3635 338 3669 aa
356 3633 386 3669 ae
404 3619 690 3688 nondam,ets1aeque
725 3634 777 3688 que
794 3616 895 3671 correxi
914 3617 985 3687 quod
1009 3615 1087 3668 facile
1109 3613 1137 3668 in
1186 3613 1305 3684 '‘potui

86 3685 178 3738 scabra
201 3691 250 3737 cst.
286 3634 371 3738 dodi.
393 3683 477 3737 nostri
502 3702 556 3738 non
577 3685 689 3753 variant,
724 3695 753 3739 ct
770 3685 921 3756 vulgaribus
938 3682 1102 3738 librariorum
1119 3699 1202 3738 errori
1261 3694 1304 3755 0013

86 3751 136 3806 nisi
161 3752 234 3825 quod
255 3751 283 3806 in
304 3751 375 3805 Flor.
394 3750 445 3806 CH
466 3753 587 3805 BemB
609 3761 640 3807 ut
662 3755 691 3808 in
724 3762 832 3824 ruptum
857 3753 970 3807 videtur.
1012 3751 1097 3823 Supra
1118 3766 1165 3819 vr,
1189 3758 1203 3806 6
1228 3758 1254 3803 at
1270 3761 1303 3818 qut

85 3822 163 3876 Voss.
181 3828 196 3874 2
219 3839 270 3874 nan
295 3819 441 3887 omittitur,
464 3819 492 3873 in
509 3821 534 3874 Ε
552 3829 615 3876 anta
638 3832 691 3876 tam
726 3823 865 3892 (Scythae)
883 3824 911 3875 in
920 3823 1030 3890 Europa
1040 3830 1109 3886 sant,
1128 3822 1225 3873 alaavo
1235 3817 1302 3871 rta-

86 3890 202 3962 ponitur.
725 3894 782 3949 ciac
803 3894 883 3945 latere
905 3893 942 3944 ad
957 3891 1142 3958 Borysthenem
1165 3897 1239 3958 atqua
1255 3882 1301 3937 iudt

120 3957 300 4038 Cap.29,§.1.
323 3959 360 4010 At
377 3957 597 4026 rcaScytltaram.
621 3957 691 4012 Con·
725 3963 764 4013 ad
782 3961 903 4025 Tanaim,
925 3960 1007 4012 aliam
1023 3974 1133 4025 amnon,
1155 3965 1223 4009 recta
1233 3953 1300 4029 pltat

85 4026 246 4080 iunctionem
264 4025 290 4078 in
311 4023 438 4105 principio
456 4024 558 4079 addidit
575 4026 690 4096 Modius,
726 4029 843 4085 attinent.
868 4027 926 4080 Has
942 4025 1022 4096 igitur
1038 4026 1113 4078 sedes
1129 4033 1222 4078 rectam
1274 4033 1300 4069 ιθ·

86 4093 307 4164 adstipulantibus
328 4093 460 4147 codicibus
487 4093 583 4148 nostris
607 4102 690 4149 omni·
725 4115 781 4149 aem
813 4096 884 4149 ultra
913 4095 1010 4148 Istrum
1039 4093 1167 4146 iacentem
1194 4103 1255 4160 appe

86 4162 143 4214 bns.
169 4162 242 4215 Idem
251 4161 349 4233 primus
362 4161 511 4214 Carthasim
521 4162 602 4230 dedit,
612 4180 690 4234 quem
724 4164 792 4218 sicut
817 4182 838 4219 c
858 4171 891 4219 39
918 4170 958 4217 est
983 4163 1074 4230 inpane
1100 4161 1209 4231 spatium
1231 4161 1297 4232 tollit

86 4237 166 4282 antea
177 4229 341 4299 Charcamm,
359 4230 467 4303 posthac
478 4231 612 4285 Cartasim
628 4233 690 4287 scri-
725 4235 849 4303 capionis,
858 4233 875 4286 i.
885 4249 908 4285 e.
918 4240 1004 4286 terrae
1013 4228 1140 4283 orientem
1153 4241 1234 4281 versut
1245 4222 1296 4274 <hrt

86 4304 203 4367 pserunt
725 4310 792 4357 ctae.
819 4301 933 4355 Omnem
949 4300 1016 4352 hanc
1031 4297 1167 4378 reginum
1180 4288 1294 4366 perturb*

121 4368 144 4439 ᾗ.
162 4373 187 4419 4.
215 4366 324 4423 Rectam
341 4371 433 4426 deinde
452 4372 582 4442 maionem
600 4370 689 4424 aliam.
723 4371 822 4427 tionem
850 4367 996 4441 ignorantia
1021 4374 1185 4437 antiquorum
1203 4358 1291 4415 ΕΜ
