2926 5174
184 290 256 360 416
653 310 686 372 o.
711 308 834 360 curru
858 309 944 360 auu

182 519 289 591 quarn
323 491 420 566 vada
450 492 648 591 aperiente,
688 493 843 591 speciem
878 471 972 564 vasti
1008 492 1126 566 maris
1164 494 1309 567 fecerat.
1352 489 1427 565 Necr

181 629 247 702 pro
280 605 396 702 spatio
430 630 601 701 aquarum
632 605 704 676 late
736 603 978 701 stagnantium
1012 603 1199 702 impetum
1233 606 1406 694 coercebat

182 715 247 788 sed
274 716 374 811 quasi
400 715 437 787 in
465 726 583 787 artum
609 714 818 787 coeuntibus
843 715 939 812 ripis,
965 724 1115 788 torrens
1145 726 1185 788 et
1212 716 1318 789 elisus
1340 717 1405 790 fere·

181 827 306 900 batur:
347 827 555 923 occultaque
591 852 681 898 saxa
714 827 830 899 inesse
863 825 1109 929 ostendebant
1143 827 1308 925 pluribus
1339 828 1403 901 locis

181 938 298 1012 undae
324 963 564 1036 repercussae.
604 936 808 1010 Terribilior
831 949 909 1011 erat
932 938 1043 1011 facies
1072 938 1186 1036 ripae,
1214 963 1321 1035 quam
1343 940 1437 1037 equiu

180 1050 316 1147 virique
343 1051 619 1148 compleverant.
661 1047 813 1122 Stabant
838 1050 1002 1146 ingentes
1024 1060 1220 1123 vastorum
1241 1075 1406 1149 corporum

180 1163 302 1253 moles
329 1172 367 1235 et
392 1160 437 1233 de
462 1160 638 1233 industria
663 1159 821 1236 irritatae
848 1158 1030 1233 horrendo
1058 1159 1220 1236 stridore
1247 1187 1346 1236 aures
1367 1163 1404 1234 s·

179 1274 352 1371 tigabant.
404 1272 497 1345 Hinc
529 1273 661 1363 amnis,
700 1272 782 1344 hinc
815 1273 928 1345 hostis
955 1273 1105 1369 capacia
1139 1273 1285 1370 quidem
1310 1275 1405 1349 bonae
1418 1293 1436 1338 11

179 1386 255 1484 spei
281 1396 427 1483 pectora
460 1395 496 1458 et
530 1410 636 1482 saepe
663 1409 702 1457 se
729 1396 878 1482 experta
908 1384 1106 1482 improviso
1141 1394 1265 1459 tamen
1290 1411 1404 1485 pavore

179 1507 439 1596 percusserant.
493 1493 632 1595 Quippe
658 1497 840 1569 instabiles
875 1506 971 1567 rates
998 1520 1068 1567 nec
1094 1494 1203 1595 dirigi
1229 1497 1277 1570 ad
1301 1499 1405 1597 ripam,

179 1634 245 1683 nec
271 1620 350 1682 tuto
378 1608 545 1706 applicari
572 1633 677 1705 posse
704 1606 906 1680 credebant.
964 1604 1082 1680 Erant
1105 1609 1145 1681 iu
1171 1608 1294 1683 medio
1319 1634 1404 1682 amne
1416 1625 1434 1673 12

178 1720 316 1793 insulae
343 1721 498 1810 crebrae,
524 1721 562 1792 in
587 1745 675 1815 quas
702 1731 739 1793 et
764 1717 843 1790 Indi
869 1728 907 1790 et
922 1715 1142 1792 Macedones
1160 1731 1303 1812 nantes,
1327 1723 1403 1795 leva·

179 1832 225 1904 tis
253 1856 359 1928 super
387 1831 504 1928 capita
529 1832 646 1921 armis,
673 1830 884 1904 transibant.
936 1827 990 1899 lbi
1015 1830 1114 1904 levia
1139 1833 1279 1929 proelia
1303 1858 1404 1906 conse·

179 1943 367 2032 rebantur,
408 1953 444 2014 et
475 1952 626 2039 uterque
663 1968 731 2015 rex
762 1964 894 2039 parvae
934 1939 985 2011 rei
1022 1938 1232 2016 discrimine
1265 1968 1402 2017 summae

179 2056 430 2154 experiebatur
465 2064 642 2127 eventum.
706 2050 873 2126 Ceterum
906 2052 943 2123 iu
977 2049 1225 2128 Macedonum
1263 2057 1401 2130 exercitu
1413 2071 1431 2118 1³

179 2168 380 2241 temeritate
411 2176 518 2263 atque
545 2164 693 2237 audacia
718 2164 873 2260 insignes
904 2163 1005 2236 fuere
1033 2161 1277 2262 Symmachus
1302 2178 1337 2240 et
1357 2164 1401 2239 M·

179 2304 306 2369 canor,
345 2278 481 2353 nobiles
513 2279 677 2366 iuvenca,
717 2285 755 2348 et
786 2284 958 2372 perpetua
991 2277 1156 2370 partium
1183 2275 1400 2351 felicitatead

180 2389 421 2488 spernendum
447 2417 552 2463 omne
578 2387 773 2488 periculum
804 2386 951 2459 accensi.
1005 2383 1097 2474 Quis
1128 2387 1281 2463 ducibus
1306 2406 1430 2487 prom-1⁴

179 2501 331 2600 ptissimi
356 2502 525 2574 iuvenum
552 2501 683 2574 lanceis
709 2496 817 2571 modo
844 2497 971 2570 armati
996 2507 1243 2574 transnavere
1267 2503 1303 2574 in
1326 2502 1399 2573 insu·
1462 2553 1463 2561 .

178 2614 266 2703 lam,
307 2638 413 2710 quam
444 2615 611 2711 frequens
647 2612 761 2684 hostis
798 2610 960 2699 tenebat3
997 2611 1212 2709 multosque
1244 2611 1400 2699 ludorum,

178 2724 277 2796 nulla
302 2748 340 2795 re
366 2726 491 2797 melius
519 2750 625 2821 quam
651 2721 800 2795 audacia
826 2722 970 2812 armati,
996 2721 1274 2798 interemerunt.
1311 2723 1399 2797 Abire
1411 2733 1429 2782 1⁵

180 2860 262 2908 cum
287 2834 401 2932 gloria
432 2847 614 2935 poterant,
653 2835 683 2907 si
715 2859 873 2930 unquam
906 2833 1094 2906 temeritas
1132 2836 1223 2909 felix
1249 2834 1400 2909 inveniret

178 3060 232 3120 set,
260 3069 344 3106 sermo
371 3053 405 3105 ad
422 3053 592 3107 masculinum
618 3070 700 3124 genus
727 3053 780 3106 ele·
813 3052 988 3106 Macedonum
1002 3068 1082 3104 aures
1106 3053 1235 3109 continuo
1248 3051 1344 3108 barritu
1355 3048 1399 3105 fat'·

178 3121 270 3193 phanti
298 3121 420 3175 declinat.
469 3121 522 3174 Sed
554 3142 604 3176 aas
622 3140 681 3176 com
728 3122 779 3175 uod
813 3131 889 3191 gatae
907 3129 935 3173 et
946 3119 1068 3173 turbatas
1088 3121 1165 3189 dicit,
1184 3141 1242 3176 non
1253 3128 1335 3176 aerem
1343 3136 1399 3172 exer·

177 3190 296 3270 sequitur
325 3190 420 3243 nititur
445 3190 515 3244 Flor.
546 3140 650 3257 DEMI,
686 3140 780 3262 reliqui
814 3190 932 3255 citatum,
968 3190 1040 3259 quod
1073 3189 1152 3243 nimis
1179 3191 1314 3262 poeticum
1340 3186 1399 3242 etin

177 3274 353 3312 enimomnes
371 3260 656 3329 mendosenaaqaom,
674 3259 778 3312 FlorB
813 3257 939 3311 historico
966 3257 1089 3327 ineptum
1114 3268 1194 3312 esset.
1239 3259 1340 3313 Deinde
1357 3257 1399 3311 tac

177 3344 299 3397 unquam.
813 3329 907 3391 amnis,
926 3327 1077 3379 tinctostis
1091 3327 1204 3381 mutatis
1213 3328 1317 3381 sedibus
1332 3326 1399 3396 leger

213 3403 237 3460 5.
256 3401 278 3448 9.
307 3405 329 3447 et
354 3398 432 3448 elisus
450 3398 601 3464 ferebatur]
646 3396 718 3449 Infra
736 3410 778 3461 IX,
814 3396 877 3447 dum
894 3394 1021 3446 librorum
1034 3412 1203 3450 msscausa:
1223 3396 1289 3450 editi
1306 3401 1400 3468 (praeter

178 3469 195 3518 8
203 3465 322 3533 flamina
348 3467 466 3532 capuciis
488 3468 553 3535 ripis
578 3467 687 3519 coercita
710 3475 734 3517 et
750 3467 779 3516 ia
815 3463 903 3530 Mod.)
921 3464 981 3515 linc
998 3464 1095 3531 hostis,
1114 3467 1292 3519 tineamus.

177 3534 781 3603 angustioremalveameltsatorrenteraquas
850 3534 873 3600 ξ.
901 3538 940 3585 12.
981 3532 1048 3584 levio
1078 3536 1185 3601 proelia
1212 3529 1398 3594 concordante]

178 3603 312 3667 invehant,
341 3609 381 3653 est
404 3601 486 3671 igitur
509 3620 684 3674 compressus,
712 3601 781 3654 mola
815 3601 904 3669 Vulgo
931 3601 1115 3669 conserebant,
1150 3603 1198 3656 sed
1224 3603 1308 3657 nostri
1331 3612 1399 3654 oum

177 3687 304 3740 aquarum
322 3669 453 3723 concitata
470 3672 562 3724 fluens.
598 3672 641 3724 Ex
658 3672 708 3723 hac
725 3671 782 3739 Hy·
834 3678 921 3722 raeter
937 3667 1086 3721 Flor.DFl
1109 3673 1320 3726 conserebantur.
1350 3665 1400 3721 stc

178 3737 265 3818 daspis
278 3747 478 3792 naturanomen
496 3740 609 3793 fluminis
624 3738 782 3792 sanseritum
814 3689 1030 3806 lutzenburgus
1062 3737 1098 3790 de
1124 3740 1314 3795 terminatione
1335 3732 1398 3797 wll

176 3809 321 3861 denvatum
349 3808 430 3860 tradit
454 3808 574 3861 Ritterus
601 3825 694 3878 geogr.
721 3806 781 3862 Vol.
816 3816 843 3861 et
868 3807 940 3877 quod
970 3812 1086 3858 annotat
1113 3824 1174 3862 esse
1201 3810 1359 3865 concnam
1379 3818 1398 3855 ¹¹

176 3883 318 3946 V11p.3l.
815 3876 874 3929 edd.
892 3882 957 3927 vett.
982 3871 1080 3926 falsum
1103 3884 1158 3943 est,
1187 3897 1248 3932 nam
1271 3869 1397 3950 quaseqv‘r

221 3946 243 4012 ξ.
273 3951 312 3998 10.
356 3955 486 3999 vastorum
521 3963 656 4013 corporum
690 3948 779 4012 moles]
816 3947 875 3998 dem
896 3940 993 3998 contuli
1019 3942 1124 3998 habent
1146 3948 1315 4002 contactam
1335 3953 1397 4010 ΜΝ

176 4012 340 4082 Elephanton
367 4013 508 4083 significat,
541 4030 654 4083 quorum
680 4014 779 4067 clamor
812 4015 846 4068 ad
855 4013 930 4066 Mod.
945 4010 1211 4082 quiconserebanrur
1227 4014 1334 4088 scripsit,
1347 4009 1396 4065 siml

177 4083 277 4135 stridor
298 4090 408 4135 vocatur
425 4083 506 4136 etiam
531 4100 548 4135 a
568 4081 694 4151 scriptore
715 4082 778 4135 belli
812 4082 864 4136 iam
880 4098 971 4151 margo
988 4079 1048 4133 Iun.
1067 4082 1242 4140 exhibuerat.
1299 4122 1304 4129 -

177 4148 259 4203 Afric.
282 4166 305 4201 c.
331 4157 361 4203 72
385 4159 413 4202 et
435 4158 482 4219 84,
508 4159 535 4204 et
557 4168 573 4203 a
596 4149 688 4203 Curtio
710 4150 778 4204 infra
847 4156 871 4217 3.
891 4158 930 4203 14.
957 4150 1031 4202 calla
1049 4156 1195 4208 remetitur
1213 4171 1289 4226 quara
1307 4145 1394 4225 oudcd!

178 4235 236 4286 cap.
254 4225 295 4271 49.
322 4219 375 4271 Sed
393 4237 470 4274 aures
482 4220 639 4289 fatigabant
649 4236 697 4288 pro
707 4220 779 4288 vulg.
813 4221 917 4287 amatr]
953 4217 1018 4270 Mas.
1037 4236 1133 4275 omnes
1152 4222 1191 4276 sic
1208 4214 1395 4287 exhibent&

179 4302 261 4338 ouras
284 4288 356 4356 quod
373 4287 443 4342 Aldo
466 4290 591 4353 debetur,
614 4286 779 4340 scribendum
813 4290 897 4358 magis
915 4304 991 4357 qaum
1008 4288 1086 4366 quod
1104 4293 1249 4361 probarem
1269 4288 1393 4345 duma

178 4360 221 4406 est
238 4370 297 4405 cum
318 4364 426 4426 propter
447 4358 565 4411 codicum
585 4355 701 4409 omnium
718 4374 780 4410 con·
813 4374 941 4411 consensu
959 4355 1085 4410 codmum
1108 4361 1187 4415 otio
1203 4360 1294 4415 relicta
1316 4359 1377 4411 estet

180 4435 297 4488 censum,
324 4431 380 4476 tum
408 4426 557 4480 contentiae
583 4442 668 4478 causa.
709 4425 780 4479 Nam
848 4429 871 4494 §.
890 4431 930 4479 16.
958 4426 1091 4480 temeritas
1126 4431 1194 4502 dac]
1223 4426 1392 4499 Pleriquom
