2984 5176
126 263 180 312 XII
630 262 848 314 PRAEFATIO.

124 468 200 516 rem
225 468 298 514 non
325 442 514 539 pertinent,
541 443 605 516 sed
630 444 805 516 infinitam
830 456 994 517 veterum
1011 445 1235 518 librariorum
1253 445 1364 518 licen·

125 571 213 642 tiam
244 567 510 658 demonstrant,
547 570 584 642 in
610 569 842 669 appendicem
875 571 989 644 reieci.
1051 570 1230 643 Videntur
1264 574 1362 644 enirn

126 694 173 767 ad
206 694 461 793 plenitudinem
497 699 614 793 operis
651 698 871 772 necessariae
903 723 998 788 esse,
1037 699 1241 794 habentque
1275 724 1362 771 eum

125 847 239 911 usum,
266 832 307 893 ut
333 832 370 895 et
396 823 625 918 cognationes
652 823 814 897 codicum
835 824 964 898 certius
984 824 1179 921 distinguas
1198 835 1235 896 et
1252 825 1361 898 libra·

124 949 259 1021 riorum
284 948 426 1044 ingenia
451 947 644 1047 solitasque
676 951 852 1026 scribendi
878 951 1122 1025 aberrationes
1149 977 1359 1047 cognoscas,

124 1101 201 1147 rem
232 1076 269 1146 in
302 1073 502 1147 exercenda
533 1075 742 1151 Latinorum
776 1079 947 1152 librorum
982 1077 1101 1148 critice
1136 1078 1280 1150 minime
1307 1080 1360 1152 in-

125 1202 256 1274 utilem.
308 1206 432 1304 Neque
459 1217 579 1279 tamen
605 1207 674 1277 hoc
699 1231 721 1277 a
747 1230 804 1278 me
831 1205 992 1277 obtinere
1018 1206 1135 1300 potui,
1170 1214 1211 1275 nt
1237 1208 1360 1278 omnia

125 1330 267 1404 omnino
294 1334 456 1406 codicum
482 1356 566 1406 mss.
599 1341 636 1402 et
665 1357 761 1403 nunc
792 1331 945 1428 primum
972 1342 1009 1403 et
1035 1332 1119 1402 olim
1145 1330 1360 1404 collatorum

125 1457 302 1530 scribendi
320 1460 479 1532 ludibria
504 1482 760 1556 proponerem:
787 1457 896 1528 immo
923 1483 1065 1529 omnem
1090 1458 1183 1530 hanc
1209 1456 1360 1555 diligen-

125 1582 211 1652 tiam
236 1585 273 1656 in
298 1583 511 1659 Florentinis
537 1583 847 1678 Bernensibusque
882 1593 919 1655 et
950 1584 1009 1681 qui
1036 1609 1058 1655 a
1084 1581 1359 1680 snakenburgio

126 1710 245 1782 collati
272 1723 357 1785 sunt
383 1712 481 1785 libris
518 1711 676 1784 continui
711 1710 756 1782 ab
782 1709 825 1781 iis
851 1710 967 1799 libris,
1006 1709 1051 1782 de
1078 1736 1229 1806 quorum
1255 1737 1359 1785 accu-

124 1846 203 1908 rata
230 1840 418 1912 collatione
451 1863 579 1936 pamm
610 1845 769 1927 constat,
804 1836 960 1909 abstinui
994 1836 1145 1932 ideoque
1170 1837 1199 1909 F
1200 1839 1360 1912 reinshe·

123 1964 280 2038 mianum
305 1967 405 2038 illum
430 1967 638 2039 thesaurum
654 1963 911 2038 incertissimas
927 1963 1149 2035 auctoritatis
1167 1990 1239 2035 non
1259 1968 1360 2062 expi-

123 2090 205 2182 lavi,
232 2102 373 2166 tantum
398 2092 495 2190 quod
521 2091 673 2166 Palatini
702 2095 722 2163 l
750 2090 876 2163 ceteris
903 2089 1105 2187 diligentius
1132 2092 1250 2163 collati
1275 2118 1362 2166 cum

125 2217 260 2314 aliquot
289 2219 503 2292 Florentinis
535 2219 784 2315 cognationem
818 2217 1029 2290 lectionibus
1061 2218 1276 2291 annotandis
1305 2245 1360 2294 se·

125 2342 210 2416 dulo
236 2354 445 2442 persecutus
473 2370 562 2417 sum.

228 2470 301 2545 Sed
335 2471 501 2569 quoniam
533 2472 727 2545 verborum
762 2469 882 2542 critice
913 2480 950 2543 et
983 2472 1215 2568 grammatica
1248 2471 1360 2545 inter·

123 2600 277 2695 pretatio
304 2600 379 2671 sine
405 2623 525 2672 rerum
551 2597 796 2694 exploratione
816 2596 960 2669 minime
980 2598 1152 2694 procedit,
1179 2624 1360 2674 commen-

123 2726 296 2797 tariorum
321 2751 394 2798 non
420 2726 550 2822 exigua
574 2749 658 2822 pars
684 2725 722 2795 in
747 2723 855 2796 rebus
881 2723 1057 2796 historicis
1085 2735 1121 2797 et
1146 2728 1359 2822 geographi-

124 2852 174 2925 cis
201 2863 237 2925 et
263 2862 447 2925 auctorum
474 2862 653 2942 veterum,
685 2851 745 2948 qui
780 2849 958 2923 derebus
984 2849 1182 2923 Alexandri
1209 2853 1360 2950 scripse·

123 2988 225 3070 runt,
265 2982 531 3078 comparatione
565 2990 741 3053 versatur.
805 2974 1028 3074 Quamquam
1066 2977 1104 3048 in
1142 3004 1185 3050 eo
1225 3005 1360 3075 genere

124 3132 266 3180 omnem
292 3109 548 3181 verbositatem
573 3100 615 3179 ac
643 3106 687 3179 de
713 3106 821 3177 rebus
848 3103 991 3177 incertis
1017 3129 1084 3176 nec
1109 3105 1157 3176 ad
1182 3106 1359 3201 liquidum

123 3232 358 3330 perducendis
385 3232 591 3331 disputandi
616 3230 798 3303 libidinem
824 3231 1035 3326 compressi,
1073 3230 1158 3303 dum
1185 3231 1358 3306 adiuvare

126 3356 535 3448 decantationem,
574 3382 647 3429 non
681 3358 796 3454 ipsam
827 3356 1012 3429 historiam
1047 3383 1212 3431 enarrare
1240 3361 1356 3455 cupio.

126 3482 231 3573 Quod
258 3510 328 3581 quo
354 3486 467 3581 magis
501 3508 726 3580 assequerer,
770 3483 931 3556 tabulam
964 3456 1238 3583 geographicam
1266 3485 1357 3558 desi·

123 3609 304 3708 gnandam
337 3611 498 3707 libroque
532 3610 766 3684 adiiciendam
799 3612 940 3702 curavi,
979 3612 1136 3684 maximo
1172 3637 1243 3707 quo
1278 3613 1355 3684 fieri

123 3735 241 3833 potuit
272 3736 391 3809 studio
426 3736 622 3811 secundum
653 3737 978 3811 recentissimorum
1012 3749 1198 3811 auctorum
1235 3739 1355 3810 obser·

123 3864 285 3936 vationes
321 3863 572 3960 compositam,
616 3888 683 3937 nec
717 3873 839 3947 tamen
874 3889 897 3937 a
928 3864 1150 3939 coniectandi
1188 3866 1353 3960 periculis

123 3990 282 4066 hberam.
335 3987 429 4063 Satis
457 3990 551 4062 enim
577 3999 728 4080 constat,
754 3990 834 4063 illas
860 4000 976 4071 terras
1002 3992 1070 4064 hac
1096 4002 1214 4064 astate
1237 3993 1354 4063 minus

125 4140 203 4188 esse
229 4118 407 4213 cognitas,
443 4141 550 4213 quam
574 4118 719 4190 fuerunt
744 4118 959 4204 veteribus,
983 4128 1020 4190 et
1047 4118 1083 4190 in
1111 4117 1354 4191 describendis

124 4242 217 4338 regis
243 4242 441 4316 Alexandri
465 4243 650 4317 itineribus
677 4243 853 4340 quaedam
878 4245 925 4317 ob
952 4255 1140 4321 auctorum
1166 4244 1354 4317 dissensio·

125 4393 208 4441 nem
233 4379 462 4468 nostramque
492 4372 653 4444 locorum
686 4371 946 4468 ignorationem
979 4397 1045 4469 pro
1077 4371 1221 4445 incertis
1255 4370 1354 4445 dere·
