2984 5176
132 301 206 372 484
602 318 636 382 1.
663 317 787 371 eanrn
811 318 897 371 num
953 334 997 439 3

128 498 294 570 poenitentia
310 498 442 551 exercitus
459 503 587 550 movetur.
633 501 691 568 (12)
719 498 790 562 Quin
816 497 895 553 etiam
913 495 1093 550 Asiaticorum
1119 494 1234 548 militum
1251 494 1355 548 11111111

127 579 262 643 advocata,
281 592 371 629 eorum
388 593 416 629 se
433 575 542 646 posthae
558 592 638 647 opera
655 593 762 630 usurum
776 575 852 640 dicit,
872 592 937 645 quos
954 591 989 627 ne
1006 572 1085 626 initio
1102 570 1212 642 quidem
1230 588 1356 635 servorun,

128 655 174 707 sed
191 653 286 706 civium
304 653 361 706 loco
388 651 518 706 habuerit.
561 656 620 722 (13)
639 653 700 717 Quo
726 653 798 707 facto
816 653 976 706 Macedones
1004 656 1157 703 maerentes
1175 657 1248 703 totos
1273 665 1300 701 11
1314 646 1357 716 regi

128 731 228 783 dedunt
253 728 401 799 puniendos
426 738 560 799 utcunque
586 729 658 783 velit.
695 731 749 783 Sed
773 732 889 783 maxima
915 729 975 781 hinc
1002 730 1101 781 lacuna
1130 736 1170 779 est
1188 726 1357 796 elepantissini

127 809 222 876 operis,
241 825 319 877 quam
337 809 449 860 collectis
468 809 593 873 omnihus,
613 825 679 876 quae
697 810 770 876 apud
786 808 899 875 reliquos
918 815 1047 872 auctores,
1066 805 1199 873 imprimis
1219 804 1356 865 Arrianae,

126 885 286 949 Diodorum,
305 884 489 950 Plutarchum,
517 885 650 952 lepuntur,
680 886 779 937 sarcire
798 893 905 937 conatus
924 892 962 936 est
980 884 1050 935 idem
1067 882 1283 946 Freinshemius,
1301 881 1357 931 docte

128 962 230 1030 quidem
248 963 347 1027 hercle,
374 963 421 1014 sed
438 963 475 1014 itu
494 971 522 1014 ut
537 963 617 1023 facile
634 963 747 1029 sentias,
775 969 899 1033 quantum
925 961 993 1012 inter
1015 967 1127 1012 ederem
1154 958 1358 1027 eloquentiane

127 1048 245 1090 nostram
263 1039 432 1090 surditionem
450 1040 552 1090 intersit
571 1039 717 1091 discrimen.

199 1120 257 1180 (14)
275 1113 428 1166 Alexander
445 1114 524 1168 morti
550 1114 687 1184 proximus
705 1132 721 1167 a
738 1122 798 1169 toto
816 1112 946 1181 exercitu,
973 1115 1037 1166 dum
1055 1111 1155 1183 singuli
1172 1110 1285 1177 milites,
1309 1107 1358 1161 ulti·

127 1208 199 1242 mum
216 1190 290 1243 illum
307 1189 401 1257 vauri,
419 1199 590 1261 praetereunt
608 1192 717 1259 lectum,
735 1191 929 1262 persalutatur,
947 1207 998 1244 nee
1014 1189 1102 1244 multo
1120 1195 1184 1259 post
1202 1185 1357 1257 extinguitur.

128 1269 274 1336 (undecimo
293 1269 335 1320 die
357 1270 453 1321 mensis
471 1269 544 1321 Iunii
570 1287 596 1322 a.
614 1291 637 1322 a.
657 1268 719 1323 Chr.
747 1279 800 1321 nat.
820 1275 879 1335 323,
898 1286 955 1321 cum
981 1268 1088 1320 emisset
1116 1271 1357 1319 111113211111

127 1354 191 1412 octo,
213 1345 312 1413 Olymp.
334 1351 391 1411 114,
412 1351 434 1397 1.
453 1355 517 1398 ectr.
536 1347 667 1399 Archonte
689 1346 827 1414 Hepesia.)
864 1350 916 1411 (15.
938 1348 980 1410 16)
999 1343 1111 1397 Summo
1128 1359 1252 1396 maerore
1268 1350 1295 1394 et
1309 1340 1357 1393 Ma·

127 1422 239 1475 cedones
257 1430 285 1473 et
302 1420 401 1473 Persae
418 1421 580 1491 affliguntur,
599 1422 675 1475 simul
693 1440 766 1489 cura,
786 1421 851 1493 quid
868 1420 962 1474 deinde
980 1419 1014 1474 sit
1031 1420 1162 1473 futurum.
1201 1421 1261 1488 (17)
1278 1417 1356 1488 Impri-

126 1497 174 1551 mis
192 1497 366 1567 Sisygambis,
383 1497 467 1551 Darei
484 1506 577 1566 mater,
596 1516 685 1552 casum
702 1500 773 1552 hunc
791 1497 908 1569 graviter
924 1498 989 1563 lert,
1014 1514 1045 1550 ec
1061 1496 1245 1550 voluntariam
1262 1503 1357 1549 mortem

126 1573 191 1628 obit.
227 1577 286 1642 (18)
304 1574 404 1627 Auctor
421 1575 566 1629 Alexandri
583 1575 695 1630 virtutes
712 1575 794 1645 ipsius
811 1582 920 1628 naturae
936 1573 1072 1645 proprias,
1097 1573 1165 1627 vitia
1183 1573 1306 1627 fortunae
1319 1579 1357 1624 aut

125 1650 220 1704 aetatis
238 1651 316 1704 fiaisse
334 1650 453 1720 exponit.

195 1731 251 1794 (19)
271 1727 434 1783 Consecutus
452 1730 539 1797 duces,
558 1729 684 1782 affluente
701 1728 780 1782 etiam
791 1727 959 1782 multitudiue
976 1727 1100 1793 militum,
1120 1727 1264 1781 Perdiccas
1282 1729 1357 1798 (prae

119 1805 209 1875 fectus
219 1807 330 1875 equitum
340 1809 480 1860 amicorum
497 1808 802 1873 siceMacedonicorum)
822 1805 942 1871 consulit,
961 1822 1039 1876 quem
1056 1804 1166 1858 interim
1181 1806 1246 1857 dum
1255 1804 1357 1856 Alexan·

126 1881 166 1934 dri
184 1889 304 1951 speratus
322 1899 337 1934 1
354 1883 465 1936 Roxane
488 1884 556 1937 filius
574 1882 731 1949 adoleverit,
758 1883 838 1936 rebus
855 1897 976 1954 praeesse
1000 1881 1092 1934 velint.
1130 1881 1357 1951 (20)·Pr0ponun-

125 1967 169 2011 tur
187 1959 305 2012 diversae
322 1959 483 2027 sententiae,
506 1960 636 2027 Nearchi,
659 1967 689 2012 ut
706 1959 851 2013 Alexandri
868 1976 884 2011 e
901 1957 1011 2012 Barsine
1030 1959 1198 2027 (Memnonis
1216 1958 1311 2010 Rhodii
1325 1957 1356 2007 vi·

125 2039 187 2102 ilua,
207 2040 280 2105 aprud
296 2037 457 2091 Damascum
475 2048 566 2107 capta,
591 2039 642 2090 vid.
664 2037 737 2090 Cart.
755 2038 799 2090 lih.
817 2044 832 2090 3
852 2037 929 2104 ectr.)
953 2035 1020 2088 iilius
1038 2035 1169 2088 Hercules
1188 2051 1237 2087 rex
1254 2032 1356 2086 decimo

123 2122 186 2181 tur,
213 2113 374 2180 Ptolemaei,
406 2121 436 2166 ut
462 2113 601 2168 concilium
626 2113 774 2184 principum
799 2112 915 2167 virorum
941 2111 1014 2181 quasi
1040 2109 1140 2164 mortui
1167 2109 1239 2180 regis
1263 2108 1356 2161 nomine

124 2191 310 2261 rempublicam
329 2190 503 2257 administret,
520 2191 640 2245 Aristoni
657 2190 778 2261 denique,
797 2198 828 2244 ut
845 2191 879 2244 ad
896 2188 1059 2254 Perdiccam,
1080 2203 1160 2258 quem
1179 2187 1238 2256 ipse
1251 2185 1356 2238 Alexan·

124 2268 171 2319 der
188 2268 266 2320 anulo
283 2267 384 2320 tradito
401 2284 576 2322 successorem
594 2267 643 2321 sibi
661 2267 848 2334 destinaverit,
876 2264 1014 2337 imperium
1040 2265 1186 2318 deferatur.
1221 2262 1290 2316 lllud
1307 2261 1356 2333 qui·

124 2344 184 2395 dem
201 2345 359 2413 deprecatur
375 2344 431 2415 ipse
440 2345 585 2400 Perdiccas.
613 2348 671 2413 (21)
690 2345 826 2415 Meleager
840 2352 927 2396 autem
945 2346 1029 2413 (uetus
1048 2344 1102 2394 dua
1120 2342 1237 2410 agminis
1248 2342 1356 2410 peditum

123 2420 366 2488 Macedonicorum)
394 2423 558 2490 reprehensis
576 2421 709 2488 omnibus,
736 2421 862 2492 imprimis
888 2438 954 2490 opus
976 2436 1032 2473 esse
1058 2426 1164 2485 censet,
1193 2425 1224 2471 ut
1249 2416 1355 2471 thesauri

123 2496 189 2566 regii
208 2496 366 2563 dividantur,
386 2498 486 2569 etipse
504 2500 538 2552 ad
556 2516 600 2552 111
619 2497 779 2569 diripiendos
796 2497 917 2568 erumpit.
954 2500 1010 2565 (22)
1029 2500 1061 2549 Ι1
1080 2512 1112 2548 11
1130 2496 1213 2549 turba
1230 2495 1354 2549 11111111-

123 2574 251 2626 eedouum
269 2573 458 2641 Arrhidaeum,
478 2574 621 2630 Alexandri
639 2577 755 2643 fratrem,
774 2575 995 2645 praetereundum
1012 2589 1069 2625 esse
1087 2580 1185 2641 negat,
1205 2573 1238 2625 ad
1257 2586 1356 2640 eamque

122 2649 288 2715 sententiam,
306 2650 404 2704 frustra
422 2651 589 2705 dissuadente
606 2652 735 2719 Pithone,
754 2653 849 2722 vulgus
866 2652 1042 2704 Macedonum
1059 2648 1179 2702 inclinat.
1206 2647 1356 2702 Arrhidaeus

123 2745 139 2778 a
156 2725 294 2795 Meleagro
324 2728 477 2796 adducitur,
509 2746 610 2799 rexque
636 2729 774 2800 Philippus
800 2729 936 2781 salutatur.
977 2729 1035 2794 (23)
1054 2730 1156 2778 Verum
1183 2724 1312 2796 principes
1334 2721 1357 2774 in

122 2819 218 2856 nomen
235 2803 280 2855 filii
298 2804 443 2858 Alexandri
461 2822 476 2858 e
493 2805 607 2859 Roxane
624 2805 708 2859 futuri
724 2805 828 2873 iurant,
846 2812 1000 2875 tutoresque
1017 2803 1042 2855 ei
1059 2801 1198 2856 destinant
1215 2800 1357 2854 Perdiccam

122 2887 150 2933 et
167 2878 341 2933 ieonuatum.
377 2881 499 2934 Phalanx
520 2900 570 2952 pro
589 2881 713 2953 Philippo
731 2899 803 2935 arma
820 2881 906 2952 capit,
935 2887 991 2948 (24)
1009 2887 1038 2932 11
1055 2896 1147 2950 pugna
1173 2878 1206 2930 fit
1223 2878 1292 2930 cirea
1308 2895 1357 2930 cor·

122 2974 171 3026 pus
188 2957 272 3026 regis,
300 2974 378 3028 aegre
396 2958 422 3010 in
448 2975 571 3029 praesens
589 2959 743 3029 composita.
788 2957 917 3029 Equitum
934 2974 1031 3026 magna
1056 2974 1117 3026 pars
1134 2971 1171 3007 ex
1198 2955 1265 3007 urbe
1289 2951 1357 3021 fugit

123 3035 181 3102 (25)
199 3035 233 3085 ad
252 3051 317 3104 quos
335 3034 413 3088 etiam
423 3035 570 3104 Perdiccas,
588 3036 662 3090 cuius
678 3037 750 3089 vitae
767 3035 873 3089 nomine
889 3035 960 3105 regis
977 3032 1095 3104 Philippi
1113 3035 1213 3084 abusus
1231 3030 1357 3099 Meleager

122 3109 259 3163 insidiatus
278 3118 361 3177 esset,
389 3129 445 3164 sese
461 3112 564 3182 recipit.
601 3114 660 3181 (26)
678 3111 779 3165 Milites
804 3111 966 3183 perturbati,
994 3111 1065 3181 quod
1084 3110 1118 3161 ab
1142 3107 1278 3179 equitibus
1295 3124 1356 3160 com·

121 3194 210 3239 meatu
227 3186 483 3253 intercludebantur,
508 3191 565 3257 (27)
583 3188 737 3260 perficiunt,
759 3196 790 3242 ut
807 3189 890 3261 legati
912 3190 946 3242 de
963 3187 1128 3241 restituenda
1146 3184 1290 3238 eoncordia
1304 3182 1357 3235 mit·

121 3269 221 3315 tantur.
258 3263 378 3316 Tandem
396 3263 433 3316 ita
451 3266 587 3332 convenit,
615 3273 646 3318 ut
664 3267 753 3334 (ambo
770 3283 846 3336 reges
864 3273 967 3332 essent,
995 3281 1055 3318 cum
1071 3261 1200 3333 Philippo
1229 3262 1356 3314 futuruse

121 3337 233 3391 Roxane
251 3339 318 3392 filius
336 3342 492 3409 Alexandri)
511 3349 539 3395 et
556 3343 689 3396 tutoribus
707 3343 800 3396 tertius
817 3345 959 3397 adderetur
975 3340 1119 3409 Meleager.

190 3416 249 3483 (28)
268 3415 364 3486 Neque
390 3427 480 3472 tamen
498 3418 622 3472 diuturna
648 3419 714 3472 haec
730 3419 780 3473 fuit
798 3420 947 3488 consensio,
974 3419 1021 3471 sed
1038 3434 1098 3470 cum
1114 3416 1171 3470 fata
1198 3416 1238 3470 ita
1255 3417 1355 3479 ferrem,

119 3496 150 3542 ut
167 3491 309 3545 maximum
326 3493 477 3564 imperium,
506 3495 548 3548 eui
566 3495 653 3566 plures
679 3512 799 3566 praeesse
816 3496 929 3564 vehent,
956 3494 1032 3549 bellis
1049 3493 1172 3547 civilibus
1196 3493 1355 3556 dilaberetur,

120 3584 182 3619 mox
199 3566 338 3623 Perdiccas
357 3571 465 3625 consilia
482 3573 516 3624 de
533 3572 652 3626 tohendo
670 3572 809 3642 Meleagro
825 3571 927 3642 agitare
944 3570 1040 3642 eoepit.
1077 3573 1137 3640 (29)
1156 3571 1224 3626 Eius
1241 3569 1355 3625 insu'uctu

119 3642 147 3695 in
165 3643 284 3697 sollemni
301 3646 456 3702 lustratione
474 3649 604 3702 exercitus
621 3666 669 3702 rex
686 3656 819 3703 trecentos
836 3648 940 3716 milites,
958 3648 1004 3720 qui
1021 3665 1081 3701 cum
1098 3647 1241 3720 Meleagro
1258 3647 1354 3702 sedido

118 3735 180 3772 nem
199 3721 252 3774 orsi
269 3731 359 3791 erant,
387 3724 512 3778 trucidari
533 3724 620 3780 iubet:
645 3743 709 3779 mox
735 3725 792 3796 ipse
808 3725 945 3796 Meleager
970 3723 1107 3778 occiditur.
1144 3729 1207 3794 (30)
1234 3726 1305 3779 hum
1326 3725 1353 3776 de

119 3796 248 3850 communi
266 3800 374 3855 consilio
401 3801 552 3872 provinciae
570 3801 639 3855 iuter
655 3801 785 3873 principes
808 3804 886 3856 duces
912 3802 951 3855 ita
968 3801 1183 3869 distribuuntur,
1209 3810 1243 3856 ut
1264 3817 1353 3856 summ

117 3889 159 3926 res
176 3891 258 3944 penes
283 3893 360 3947 reges
386 3887 415 3932 et
432 3877 602 3946 Perdiccam,
629 3896 721 3931 eorum
738 3886 871 3945 tutorem,
898 3885 976 3932 esset.
1012 3880 1071 3947 (31)
1090 3876 1200 3949 Corpus
1217 3875 1352 3933 Menandri

118 3949 230 4020 septimo
258 3952 362 4007 demum
380 3954 422 4008 die
445 3962 565 4008 curatum
590 3954 777 4010 aPtolemaeo
799 3955 828 4008 in
845 3954 1013 4027 Aegyptum,
1040 3954 1223 4010 Alexandriae
1248 3956 1351 4011 eandm

118 4026 194 4094 dum,
214 4026 360 4085 deducitur.
387 4032 499 4093 Veneno
517 4031 591 4085 illum
609 4039 730 4102 necatum
748 4032 828 4086 luisse
845 4034 879 4086 ab
896 4032 972 4099 Iolla,
989 4029 1129 4101 Antipatri
1145 4032 1214 4101 filio,
1232 4040 1290 4088 tum
1303 4029 1350 4105 qui·

117 4102 178 4155 dem
195 4104 263 4157 fama
280 4111 495 4178 percrebruerat,
513 4126 578 4163 mox
594 4116 707 4180 propter
723 4109 871 4179 potentiam
887 4108 956 4164 illius
972 4107 1088 4162 familiae
1105 4108 1237 4182 elanguit.

69 4270 89 4340 1
220 4217 374 4352 Iisdem
407 4266 481 4356 fere
509 4281 634 4356 diebus
663 4279 839 4359 Cleander
865 4294 901 4357 et
928 4280 1078 4358 Sitalces
1106 4294 1145 4357 et
1172 4286 1369 4383 omuga-1

117 4388 227 4463 thone
253 4388 420 4464 Heracon
447 4394 719 4492 superveniunt,
753 4396 813 4493 qui
840 4395 1116 4470 Parmenionem
1139 4396 1243 4471 iussu
1267 4394 1346 4494 regit
