2926 5174
464 323 512 372 nu
539 321 665 374 cnsrrs
692 324 800 374 anax.
827 323 876 390 vr,
904 320 944 367 42.
1250 303 1322 374 281

96 522 118 570 15
130 530 239 603 quoque
252 505 389 581 diceret.
423 505 520 579 Dum
546 509 743 608 corripitur,
771 508 856 581 dum
883 507 1086 604 obligantur
1112 508 1214 598 oculi,
1241 507 1326 580 dum

128 619 213 692 vestis
236 621 383 710 exuitur,
409 617 496 692 deos
522 621 668 719 patrios,
682 621 841 718 gentium
867 621 945 692 iura
970 619 1204 715 nequicquam
1230 618 1326 717 apud

129 728 228 802 surdas
252 756 353 804 aures
378 731 578 805 invocabat.
631 730 701 805 Per
728 733 871 805 ultimos
899 730 1027 803 deinde
1052 731 1245 822 cruciatus,
1271 741 1325 804 ut·

91 892 93 897 -
127 852 190 938 pote
218 853 251 915 et
283 841 489 933 damnatus,
525 853 561 916 et
591 843 739 916 inimicis
771 844 808 914 in
833 844 985 940 gratiam
1011 843 1104 940 regis
1131 844 1325 940 torquenti·

94 969 115 1016 1⁶
127 951 184 1042 bus,
206 953 382 1026 laceratur.
434 953 488 1026 Ac
514 956 629 1053 primo
656 979 870 1052 quamquam
895 954 977 1026 hinc
1002 954 1104 1051 ignis,
1130 954 1224 1027 illinc
1249 981 1326 1029 ver-

127 1062 198 1154 bera,
220 1065 286 1139 iam
299 1091 370 1138 non
384 1064 430 1138 ad
444 1067 697 1162 quaestionem,
724 1063 788 1138 sed
814 1064 861 1138 ad
886 1090 1039 1162 poenam
1063 1066 1326 1163 ingerebantur,

127 1199 179 1247 non
202 1202 320 1250 vocem
345 1177 471 1267 mod0,
511 1176 574 1250 sed
602 1180 709 1251 etiam
734 1179 887 1276 gemitus
913 1177 1038 1250 habuit
1064 1177 1101 1248 in
1126 1188 1325 1274 potestate;

91 1302 113 1349 lt
126 1286 172 1358 sed
192 1299 374 1386 postquam
399 1290 638 1362 intumescens
665 1314 794 1388 corpus
809 1289 985 1362 ulceribus
1000 1290 1222 1388 flagellorum
1236 1290 1327 1362 ictus

123 1396 204 1470 rudis
230 1401 364 1473 ossibus
390 1400 549 1474 incussos
569 1403 661 1476 ferre
678 1429 751 1477 non
768 1411 920 1500 poterat,
947 1402 977 1474 si
991 1401 1177 1474 tormentis
1193 1402 1327 1474 adhibi·

124 1509 468 1601 turimodumessent,
482 1511 658 1586 dicturum
685 1541 734 1606 se,
761 1538 851 1611 quae
878 1513 967 1589 scire
982 1523 1202 1611 expeterent,
1228 1515 1326 1611 polli-

124 1631 210 1693 cetur.
248 1621 317 1696 Sed
341 1624 449 1696 finem
475 1627 672 1720 quaestioni
697 1628 784 1716 fore,
809 1626 926 1715 iurare
953 1649 1014 1697 eos
1040 1648 1105 1721 per
1130 1625 1328 1698 Alexandri

91 1746 112 1794 u
124 1732 250 1807 salutern
260 1736 412 1826 volebat,
438 1737 683 1833 removerique
694 1749 859 1812 tortores.
891 1737 940 1810 Et
957 1747 1109 1832 utroque
1126 1738 1326 1835 impetrate,

91 1857 112 1906 ¹⁹
125 1840 250 1940 Cretera,
283 1848 410 1944 inquit,
446 1850 500 1923 dic
535 1850 617 1948 qnid
649 1875 701 1923 rne
735 1851 815 1924 veles
849 1851 965 1924 dicere.
1020 1846 1085 1919 Illo
1120 1847 1327 1946 indignante

123 1953 268 2032 ludificari
294 1984 383 2049 eum,
410 1985 604 2056 rursusque
630 1972 822 2035 revocante
847 1971 1013 2049 tortores
1038 1969 1179 2058 tempus
1206 1971 1328 2059 petere

123 2070 224 2165 coepit,
242 2070 326 2143 dum
343 2072 516 2169 reciperet
530 2073 703 2170 spiritum,
730 2082 857 2146 cuncta
872 2097 962 2169 quae
976 2073 1081 2145 sciret
1098 2072 1326 2146 indicaturus.

90 2188 111 2238 n
203 2180 344 2256 Interim
370 2184 516 2280 equites,
530 2185 768 2258 nobilissimus
796 2185 953 2281 quisque,
968 2195 1004 2257 ot
1029 2185 1053 2256 ii
1077 2186 1242 2276 maxime,
1269 2185 1328 2282 qui

123 2285 367 2368 Parmenionem
393 2296 592 2392 propinqua
619 2298 831 2394 cognatione
857 2297 1121 2396 contingebant,
1139 2306 1329 2396 postquam

122 2397 276 2479 Philotam
303 2407 460 2503 torqueri
485 2407 580 2480 fama
606 2408 833 2506 vulgaverat,
864 2411 981 2507 legem
1006 2406 1243 2481 Macedonum
1268 2435 1328 2483 vc·

122 2510 180 2604 riti,
211 2544 278 2614 qua
304 2529 447 2591 cautum
474 2529 564 2611 crat,
600 2530 641 2592 ut
666 2522 855 2619 propinqui
890 2546 1028 2610 eorum,
1064 2520 1124 2617 qui
1148 2521 1224 2617 regi
1249 2520 1330 2592 insi-

125 2619 197 2697 diati·
215 2641 345 2721 essent,
380 2656 461 2704 cum
486 2632 572 2730 ipsis
598 2643 830 2723 necarentur,
863 2633 921 2705 alii
947 2657 986 2705 se
1011 2631 1246 2720 interficiunt,
1273 2632 1331 2703 alii

123 2732 151 2804 ln
172 2737 285 2815 devios
310 2753 449 2816 montes
476 2755 668 2840 vastasque
695 2742 903 2818 solitudines
929 2744 1079 2840 fugiunt,
1105 2742 1241 2837 ingenti
1267 2768 1331 2838 per

123 2852 183 2920 ton
206 2865 319 2926 castra
344 2865 481 2927 terrore
508 2853 653 2945 diffus03
682 2856 795 2930 donec
821 2881 897 2945 rcX,
923 2853 1079 2927 tumultu
1106 2851 1258 2950 cognito,
1285 2852 1331 2924 le·

124 2982 187 3052 gem
210 2965 252 3038 de
280 2965 449 3063 supplicio
476 2967 746 3040 coniunctorum
771 2967 971 3040 insontibus
997 2963 1178 3036 remittere
1205 2961 1326 3038 edixit.

124 3217 168 3332 γὲ.
187 3224 222 3271 15.
260 3222 330 3274 Dorn
360 3221 515 3289 corripitur,
544 3223 611 3273 dom.
653 3220 699 3273 Sic
732 3220 803 3274 Nam
821 3219 871 3272 etsi
882 3218 1021 3290 aliquando
1038 3218 1122 3288 inquit
1131 3216 1233 3270 adiecto
1243 3216 1333 3270 dativo

150 3301 185 3362 ugo
200 3289 274 3347 editi:
302 3289 346 3341 sed
363 3289 392 3341 in
408 3289 482 3342 codd.
502 3305 562 3341 mss.
579 3289 699 3342 omnibus
732 3288 839 3360 legitur,
858 3287 930 3341 cuius
948 3287 1055 3340 rationis
1073 3286 1194 3356 exempla
1210 3285 1335 3338 Forcelli-

124 3349 222 3409 ameitur
238 3357 314 3411 alteri
332 3361 391 3411 dnm
400 3356 548 3410 coniunctio
558 3367 588 3410 et.
613 3357 700 3421 Quam
733 3377 782 3411 nus
799 3364 826 3410 et
844 3355 991 3410 Schellerus
1008 3356 1035 3408 in
1053 3355 1142 3409 lexicis
1159 3354 1269 3407 laudant
1283 3354 1335 3409 Ca-

124 3418 206 3486 quidem
228 3444 258 3480 eo
279 3427 336 3480 loco
358 3427 419 3479 ferri
442 3444 496 3479 non
516 3443 591 3496 posse
613 3434 698 3496 patet,
733 3427 792 3482 tull.
812 3441 846 3493 X,
864 3432 896 3478 27
925 3426 1009 3496 inquii
1028 3426 1149 3506 puellae,
1172 3432 1200 3477 et
1224 3422 1278 3477 Cic.
1302 3425 1336 3477 ad

123 3502 160 3540 nec
182 3491 301 3548 Modiana
326 3495 411 3562 ratio,
436 3501 467 3546 ut
492 3494 605 3564 primum
625 3496 698 3561 Tam,
733 3501 792 3549 Att.
804 3504 868 3560 v,1.
886 3496 940 3560 En,
959 3496 1054 3564 inquit,
1071 3494 1144 3555 mibi,
1162 3493 1256 3564 quibus
1266 3494 1336 3547 addo

123 3553 197 3612 deinde
212 3565 351 3616 seeundum
368 3579 522 3616 consensum
539 3563 659 3616 codicum
676 3574 700 3616 et
733 3563 842 3618 tertium
861 3562 916 3617 Cic.
934 3571 1002 3616 orat.
1018 3581 1045 3643 p.
1059 3561 1130 3614 Mur.
1141 3569 1174 3615 29
1192 3564 1274 3632 inquit
1291 3563 1336 3614 ille

125 3625 170 3703 dem
193 3632 331 3699 scribatur,
361 3631 525 3702 probabitur.
568 3631 699 3701 Equidem
724 3633 875 3704 fortissimo
892 3633 948 3684 viro
967 3649 1054 3685 renror
1070 3633 1210 3711 mopister,
1235 3629 1336 3683 nullum

123 3707 190 3811 prore
206 3701 318 3754 editione
340 3701 377 3753 Et
393 3699 474 3771 priori
492 3703 552 3752 ctum
569 3699 698 3769 praemisi.
733 3710 822 3756 tamen
849 3700 934 3754 locum
962 3699 1042 3768 novi,
1077 3701 1122 3753 ub1
1149 3697 1336 3770 praemittatur

125 3779 183 3836 ⁸ure
198 3770 229 3821 ad
246 3770 380 3840 vulgatam
397 3770 491 3837 redeo,
511 3776 538 3821 et
555 3768 620 3823 tollo
638 3785 700 3821 con·
734 3769 846 3823 dativus.

123 3835 267 3891 unctionem.
769 3841 792 3906 ς.
804 3844 846 3891 20.
868 3855 954 3890 eornm
972 3839 1018 3906 qni
1034 3837 1091 3906 regi
1107 3836 1229 3888 insidiati
1243 3843 1335 3887 essent.

147 3911 219 3970 utpote
242 3917 265 3959 et
292 3909 430 3959 damnatus
464 3915 495 3958 et.
548 3904 701 3958 Omiserunt
736 3906 939 3961 Coniunctivum
957 3915 1050 3969 essent,
1068 3920 1147 3974 quem
1162 3901 1232 3954 ratio
1245 3909 1336 3971 postu-

123 3966 176 4032 prim
202 3985 224 4026 et
254 3974 367 4027 editores
401 3974 579 4039 recentiores,
622 3973 700 4039 male,
736 3976 787 4040 lat,
816 3991 905 4028 omnes
932 3973 993 4027 libri
1017 3971 1069 4025 mci
1095 3989 1125 4025 ac
1151 3970 1284 4023 Snalrenb.
1307 3979 1336 4023 et

122 4049 168 4116 narn
181 4049 207 4094 et
222 4042 354 4096 invenitur
369 4042 397 4095 in
414 4042 489 4096 codd.
508 4041 613 4112 optimis
638 4045 700 4106 (no-
735 4043 860 4097 Modiana
878 4042 959 4095 editio
977 4041 1110 4094 exhibent.
1145 4038 1234 4108 Vulgo
1252 4050 1335 4092 erant.

123 4108 168 4159 llus
215 4111 301 4163 uidem
334 4112 412 4164 Bern.
440 4112 467 4163 A
493 4109 564 4163 Flor.
588 4108 699 4177 ABOG,
735 4114 789 4165 Pro
811 4129 842 4165 co
864 4112 934 4182 quod
957 4118 998 4162 est
1021 4128 1078 4162 cam
1096 4111 1106 4160 i
1125 4109 1163 4160 sis
1181 4117 1337 4160 necarentur

123 4129 294 4256 Snalrerlhurgii
311 4179 408 4248 tribus,
426 4178 485 4232 Pal.
503 4181 532 4246 3)
550 4186 578 4231 ct
595 4179 630 4232 ad
647 4177 700 4231 elc-
735 4180 877 4234 deteriores
901 4179 961 4232 libri
978 4178 1049 4231 Flor.
1073 4127 1191 4228 udum
1212 4175 1292 4227 Bern.
1311 4176 1335 4229 B

122 4251 218 4305 &antrum
235 4248 358 4301 sermonis
374 4247 498 4319 pertinet.
734 4259 936 4303 conneeorentor
954 4248 1059 4299 habent.

147 4313 165 4377 ἓ.
181 4322 219 4369 18.
239 4316 344 4370 Cratero
353 4319 444 4388 inquit.
462 4316 507 4369 Sic
516 4316 699 4386 corrigendum
769 4320 848 4387 leqem
871 4320 902 4369 dc
923 4315 1051 4384 supplicio
1078 4314 1270 4365 coniunctorum
1295 4314 1336 4366 in-

122 4384 202 4452 Rutari,
220 4401 279 4437 eum
294 4385 426 4456 hucusque
444 4402 534 4438 omnes
552 4385 607 4439 sine
617 4385 698 4438 offen·
733 4387 849 4440 sonitibus
865 4385 999 4437 remittere.
1036 4380 1146 4435 Correxi
1163 4381 1232 4445 hunc
1248 4379 1337 4436 locum

122 4455 282 4523 benefactor,
300 4464 343 4507 ont
354 4455 463 4509 Cratero
472 4455 557 4525 inquit
565 4454 698 4525 legissent.
733 4454 814 4527 paulo
832 4451 963 4519 audenus,
981 4450 1048 4504 nihil
1064 4457 1154 4504 tamen
1171 4466 1187 4503 a
1204 4448 1337 4506 veteribus
