2926 5174
60 288 133 358 492
534 307 572 370 e
597 307 721 358 crnru
744 306 832 357 Bm

59 487 168 539 secent
202 485 557 554 higinus-fidncia.
580 485 1288 560 qmminprnpensisimregisgntiahaberepo·

58 572 145 629 terat,
171 563 528 632 mgnsudinfflgniom
551 563 766 634 mulinum,
791 563 916 633 quinque
942 563 1083 616 nlmtum
1104 561 1177 616 milia
1199 581 1288 636 exgm

59 640 231 710 regianpin
257 640 621 710 mdmaexmilium
646 639 1286 710 mriommnu‚in13uropamendit

58 716 902 788 Impridancnimlmcalfnidimbusinpmoepstnetus,
921 717 1286 787 &spumaqueepudreger

58 800 149 857 venia,
175 795 300 845 &aas
317 794 383 846 inm
400 795 481 864 ipsius
499 795 526 847 in
543 794 636 846 alienis
653 795 747 864 opibus
772 793 925 846 subsidium
943 793 1156 864 drumspioere
1177 804 1284 864 coeperat

59 884 89 923 et
106 871 296 925 acuentem.
314 869 913 941 qnmnoneunremendmpormtim,
932 882 963 922 et
982 871 1061 940 apud
1078 869 1285 926 ceteroaneeoe

58 947 1184 1013 auctoriatcm.tmnocmlnnninhlaoedmscdiumnom‚seduloeoluent
1211 948 1283 1019 Itaque

59 1025 348 1094 spemsuisladcbst,
371 1024 1284 1096 Athenienseaadrmtusuocoguitu.oopiisqueetpeeuniis,quu

58 1103 211 1163 adducam
229 1120 318 1155 oomn
335 1101 1132 1173 inpees,protinusnmeonsiliaquesodam1oeoeoe.
1156 1100 1284 1172 llanspud

58 1179 186 1250 populum
202 1179 352 1250 irnpefflum
369 1192 397 1232 ct
414 1180 549 1243 mobilem,
566 1179 741 1250 perhomincs
757 1177 898 1248 improbos
917 1186 950 1231 et
968 1176 1284 1245 mritinemles‚onnis

58 1256 677 1328 semuneribusoonsecmummexistimm

12 1399 34 1468 7
162 1395 276 1493 Igitur
302 1398 449 1494 triginta
474 1398 628 1471 naribus
653 1395 801 1473 Sunium
825 1397 1107 1486 transmittunt,
1134 1395 1309 1494 (pronon-11

59 1509 191 1580 torium
216 1520 271 1580 est
284 1509 427 1581 Attieae
452 1509 603 1604 terrae‚)
628 1508 724 1581 unde
740 1522 888 1605 portum
914 1508 1023 1580 urbis
1041 1517 1167 1606 petere
1191 1505 1281 1580 decre
1326 1482 1328 1565 l

59 1638 198 1691 verant.
250 1617 317 1691 His
343 1621 510 1718 cognitis,
540 1645 608 1691 rex
633 1617 792 1717 Harpalo
816 1617 1184 1717 Atheniensibusque
1205 1620 1299 1692 iuxtat
1325 1568 1328 1637 l

62 1731 212 1803 infestus
238 1731 390 1803 classem
423 1731 542 1829 parari
566 1730 682 1821 iubet,
714 1729 879 1802 Athenas
914 1732 1091 1827 protinus
1125 1733 1281 1829 petiturus

60 1839 167 1930 Quod
201 1842 387 1915 consilium
430 1867 513 1914 cum
546 1843 639 1913 clam
676 1842 803 1939 agitat,
837 1841 988 1914 litterae
1025 1843 1061 1914 ei
1102 1841 1299 1929 reddum·

59 1952 258 2052 Harpalum
283 1955 436 2028 intrasse
453 1953 598 2050 quidem
622 1952 795 2042 Athenas,
890 1954 980 2024 unia
1008 1953 1214 2026 conciliasse
1235 1950 1282 2024 sibi

60 2066 260 2164 principum
284 2068 442 2139 animos:
468 2092 565 2154 mox,
591 2065 739 2138 concilio
764 2062 822 2161 ple
847 2063 1041 2155 ishabitn,
1068 2066 1205 2163 iussum
1217 2061 1282 2136 urbe

60 2175 235 2250 excedere
261 2177 308 2250 ad
336 2175 491 2251 Graecos
516 2178 646 2249 milites
678 2175 901 2274 pervenisse,
938 2176 1078 2272 quibus
1105 2177 1144 2249 in
1169 2173 1283 2250 Cretan

60 2289 234 2377 traiectis,
270 2288 474 2385 aquodam
500 2289 718 2362 Thimbrone
750 2289 1015 2383 interemptum
1052 2313 1122 2386 per
1155 2284 1283 2362 insidias

60 2397 126 2470 His
160 2400 276 2472 laetus
315 2401 352 2471 in
378 2399 561 2499 Europam
598 2398 795 2473 traiiciendi
833 2399 1033 2471 eonsilium
1075 2400 1207 2474 omisit:
1238 2390 1301 2468 sedl

61 2509 196 2599 exules,
222 2522 365 2607 praeter
391 2536 463 2603 eos,
490 2512 550 2609 qui
576 2512 669 2583 civili
695 2512 867 2608 sanguine
888 2512 1036 2607 aspersi
1065 2523 1180 2602 erant,
1203 2504 1284 2602 recipi

62 2621 108 2692 ab
135 2622 300 2694 omnibus
328 2619 546 2696 Graecorum
573 2622 786 2712 civitatibus,
812 2621 892 2717 quis
917 2622 1021 2718 pulsi
1050 2635 1177 2713 erant,
1199 2617 1284 2694 iussit

61 2731 108 2803 Et
136 2729 280 2822 Graeci,
315 2732 413 2806 haud
437 2736 514 2807 ausi
540 2736 727 2832 imperium
752 2733 955 2830 aspernari,
993 2759 1217 2831 quamquam
1236 2727 1302 2802 sol-⁵

59 2842 258 2916 vendanum
284 2843 404 2941 legum
420 2844 458 2916 id
475 2846 686 2943 principium
703 2870 780 2917 esse
799 2842 1012 2935 censebant,
1042 2847 1146 2919 bona
1163 2862 1284 2944 quoque

94 3044 158 3115 Cap.
178 3052 203 3110 7,
221 3049 246 3107 ,Q
263 3051 289 3098 3.
324 3063 381 3097 cum
399 3048 466 3098 clam
483 3047 580 3166 aqitolq
614 3045 660 3099 Sic
695 3047 742 3099 bus
766 3046 843 3098 deest
868 3042 897 3096 in
927 3044 1012 3096 eodd
1042 3047 1180 3101 omnibus.
1218 3046 1286 3111 ΜΝ

58 3112 181 3184 plerique
199 3121 228 3166 et
245 3112 339 3182 optimi
357 3114 446 3177 codd,
464 3132 530 3166 unus
580 3114 659 3168 or.C
694 3112 832 3167 emendari
857 3113 952 3182 quibus
980 3115 1011 3165 in
1034 3115 1148 3170 Cretum
1165 3111 1285 3168 mim!

59 3199 117 3234 cum
134 3184 201 3234 clam
228 3184 356 3250 officeret,
388 3183 474 3234 nullus
501 3184 574 3252 quod
598 3191 661 3252 post
694 3186 806 3253 quodum
824 3181 984 3234 Thimbrone
1001 3185 1194 3255 imeremptwn
1204 3179 1285 3253 perh:
1325 3230 1328 3243 .

59 3250 133 3303 Mod
147 3249 229 3302 hodie
247 3251 304 3304 fere
314 3250 401 3303 editur
413 3254 474 3303 dum
483 3253 568 3320 uyitat
584 3253 660 3304 clam.
695 3254 788 3305 sidias.
825 3250 963 3303 Traiectos
998 3269 1056 3321 pro
1075 3244 1285 3322 maamad?

58 3323 91 3371 In
108 3322 219 3388 seqq.ei
236 3320 311 3371 abest
327 3321 361 3372 ab
379 3319 499 3371 omnibus
512 3336 661 3388 mssprae-
694 3318 840 3371 vidDraln
856 3316 1161 3389 adLiv.xxx11‚e,1.
1186 3319 1227 3374 Ne
1240 3330 1286 3370 ren·
1326 3330 1328 3337 ·

59 3395 102 3439 ter
120 3405 200 3439 unum
209 3388 327 3453 Flor.A;
347 3389 394 3439 sed
402 3387 457 3440 eius
467 3387 661 3440 auctoritassa·
694 3389 786 3441 berem
812 3387 967 3467 quibuscum
995 3419 1035 3428 —
1072 3392 1213 3444 troioetm
1238 3385 1286 3438 hest

59 3454 93 3508 tis
103 3453 198 3507 idonea
207 3455 285 3509 nobis
295 3464 337 3508 est
347 3458 382 3509 ad
388 3456 553 3509 retinendam
559 3472 659 3508 vocem
695 3473 774 3510 causa
790 3456 840 3508 hut
855 3455 931 3523 quod
949 3457 1081 3510 nondum
1098 3459 1174 3530 apud
1191 3451 1286 3512 curtim

97 3526 212 3601 pecunia
242 3526 406 3594 conciliasse]
457 3524 572 3578 Videtur
598 3541 660 3578 eon-
694 3523 917 3600 praepositionem
936 3541 998 3576 cum
1043 3525 1184 3582 ronomini
1199 3519 1286 3578 relatio

58 3593 159 3646 iunctm
177 3593 270 3646 deesse
288 3592 315 3644 ni
329 3593 461 3646 scribatur
470 3595 661 3646 conciliatis-
694 3592 868 3665 postpositam
886 3591 989 3644 mveni.
1059 3593 1285 3649 emtione*

59 3662 164 3716 animis.
695 3671 752 3716 tem
775 3680 792 3714 a
825 3658 940 3713 hbrariis
967 3663 1105 3717 eonfimdi
1141 3663 1206 3717 satis
1226 3655 1286 3714 uult¹

93 3731 184 3800 quibus
201 3731 230 3783 in
250 3730 355 3783 Oretum
378 3731 493 3783 traiectis
511 3732 572 3797 eet]
607 3729 661 3783 Lo-
695 3730 818 3801 exempla
834 3736 904 3782 sunt.
943 3730 1068 3792 Ωυίᾶαηι
1095 3732 1210 3805 denique
1229 3725 1286 3782 etin

59 3817 104 3854 cus
122 3800 159 3852 sic
176 3799 317 3852 exhibetur
329 3797 357 3850 in
371 3798 493 3868 optimis:
512 3800 602 3870 qtcibus
620 3801 661 3851 in-
695 3797 866 3871 praeponitur
882 3795 997 3865 nomini,
1017 3799 1078 3853 vid
1096 3816 1166 3868 vm,
1183 3807 1225 3866 28,
1238 3800 1270 3851 lt·

58 3873 197 3937 rer'ceptum
215 3869 369 3922 trucidatum
388 3885 405 3920 α
428 3870 540 3937 quodum
556 3877 661 3920 curtem
730 3872 753 3937 5.
772 3876 796 3921 4.
831 3867 968 3919 consilium
992 3871 1089 3922 omisit
1140 3865 1239 3941 Optimi
1253 3857 1286 3915 *θ’

58 3939 235 4005 interemptum
257 3953 307 4006 per
329 3936 458 4001 insidias;
484 3934 528 3987 alii
545 3953 594 4005 pro
627 3951 660 3989 co
696 3936 760 4007 oqui
781 3934 881 3990 codices
903 3935 1008 4002 enuit,
1038 3955 1053 3990 s
1114 3941 1203 3993 maisit
1220 3945 1286 3988 m

60 4005 133 4074 quod
150 4012 191 4057 est
208 4007 376 4073 interceptam
399 4003 479 4058 etiam
515 4003 584 4057 riore
601 4004 661 4057 loeo
695 4014 737 4058 est
753 4013 782 4058 et
798 4003 899 4056 habent
929 4001 1007 4057 Flor.
1026 4004 1160 4062 DEGHI
1183 3996 1285 4061 ΒΜ

59 4073 157 4126 habent
174 4074 278 4126 intorem
299 4083 350 4125 tum
367 4073 480 4126 Bernss
494 4022 565 4127 llor.
575 4071 660 4139 CEH,
729 4075 775 4145 qui
791 4073 860 4125 civili
876 4073 1012 4150 sanquine
1020 4079 1136 4146 aspersi
1148 4075 1233 4154 erm]

59 4140 113 4206 alii,
132 4141 231 4194 Voss2
251 4091 318 4195 addo
336 4143 471 4209 intentum,
488 4160 538 4214 pro
556 4151 661 4220 auctore
694 4142 847 4196 Alexander
883 4157 913 4192 m
948 4139 1055 4197 litten's
1097 4146 1172 4218 apud
1199 4172 1203 4180 ·
1280 4169 1286 4183 ·

92 4209 191 4262 cebant
212 4212 311 4264 viatore
340 4210 412 4263 Flor.
429 4211 456 4263 D
478 4210 506 4264 in
531 4226 659 4279 margrne,
694 4225 780 4278 xvm,
798 4215 814 4263 8
832 4205 906 4274 πλὴν
924 4214 990 4262 τῶν
1011 4216 1134 4287 ἐναγῶν
1156 4213 1223 4270 dide
1249 4200 1286 4261 Sol

74 4276 131 4330 lor.
150 4274 175 4328 G
197 4285 224 4330 et
241 4278 351 4333 voest
385 4278 412 4331 in
429 4287 520 4346 textu,
547 4277 659 4332 alone
694 4279 764 4349 apud
786 4277 900 4330 eundem
918 4277 966 4332 lib.
985 4295 1076 4352 xvn,
1107 4293 1160 4342 109
1182 4275 1285 4351 excipu-

60 4346 174 4417 υἱωνός,
193 4345 264 4400 Flor.
281 4348 334 4401 ΕΗ
351 4365 410 4400 cum
427 4347 539 4401 Bernss
558 4349 659 4400 victore.
694 4355 738 4400 tur
756 4347 784 4399 οἱ
800 4344 942 4418 ἱερόσυλοι
960 4356 1013 4403 καὶ
1031 4363 1149 4426 φονεῖς,

60 4408 332 4486 Praepositioaquae
342 4422 382 4469 est
394 4416 421 4468 in
430 4415 507 4469 editis
522 4423 583 4468 ante
602 4417 660 4485 qui·
729 4418 752 4483 5.
771 4421 795 4468 5.
829 4417 1024 4476 solvendam
1038 4427 1133 4498 leym„
1149 4430 1220 4480 mets
1233 4414 1285 4471 edssl
