2926 5174
134 1479 158 1547 4
179 1530 182 1537 ,

182 274 237 344 :ut
568 298 593 348 ,ε
659 292 692 354 o.
720 291 845 343 cunrn
869 291 954 342 aum

80 452 83 457 Ι
174 473 385 565 'meminerit
417 499 440 547 a
470 474 561 550 mdis
593 487 762 572 acceptum
793 474 910 548 babere
940 499 975 548 se
1007 498 1157 572 reparare.
1219 469 1346 567 Atque
1369 470 1417 562 illi,
1430 492 1450 543 n

185 586 269 658 cum
294 585 427 658 multos
459 585 643 658 imminere
677 594 800 656 tantae
826 585 904 682 spei
929 593 1132 673 cernerent,
1167 581 1323 679 singulis
1349 582 1417 653 ami-

184 721 310 769 corum
336 695 536 768 Alexandri
568 695 614 768 ob
648 694 793 767 nimiam
825 695 927 793 regni
961 695 1196 793 cupiditatem
1230 690 1418 782 adulantes,

174 816 360 895 statuunt,
374 806 552 879 neminem
578 830 656 879 esse
682 805 859 904 potiorem
885 831 992 902 quam
1003 805 1308 902 Abdalonymum
1326 827 1418 898 quen·

174 917 279 1005 dam,
305 917 416 1013 longa
442 917 585 1013 quidem
611 915 824 1013 cognatione
850 916 953 1014 stirpi
978 917 1096 1014 regiae
1124 937 1335 1002 annexum,
1368 911 1418 985 sed

182 1027 231 1101 ob
266 1027 425 1126 inopiam
463 1026 709 1101 suburbanum
748 1026 894 1098 hortum
934 1026 1066 1124 exigua
1100 1024 1286 1096 colentem
1330 1023 1416 1120 stipe

184 1134 304 1211 Causa
330 1138 362 1210 ei
389 1138 625 1235 paupertatis,
653 1137 745 1209 sicut
771 1137 964 1235 plerisque,
989 1135 1151 1235 probitas
1181 1144 1283 1206 erat:
1319 1134 1447 1205 inter-tl

179 1257 313 1344 tuaque
340 1247 439 1345 operi
466 1246 604 1337 diurna,
632 1247 821 1344 strepitum
848 1272 1053 1337 armorum,
1071 1246 1132 1342 qui
1159 1254 1282 1317 totam
1308 1243 1417 1316 Asiam

182 1367 424 1448 concusserat,
450 1382 524 1430 non
550 1357 776 1430 exaudiebat.

287 1465 416 1540 Subito
444 1467 571 1540 deinde
599 1467 798 1564 dequibus
825 1477 909 1538 ante
937 1466 1170 1556 dictumest,
1199 1491 1287 1538 cum
1314 1465 1446 1563 reginen

182 1578 296 1650 vestis
328 1577 526 1675 insignibus
559 1579 704 1651 hortum
734 1577 890 1668 intrant,
922 1603 1028 1675 quem
1058 1578 1154 1649 forte
1182 1577 1329 1650 steriles
1354 1576 1416 1648 her·

182 1687 248 1760 bas
281 1687 414 1783 eligens
440 1686 713 1787 Abdalonymus
746 1689 974 1787 repurgabat.
1026 1687 1120 1760 Tum
1151 1711 1243 1784 rege
1272 1712 1316 1760 eo
1342 1686 1446 1758 salua

181 1807 270 1888 tato,
298 1796 389 1879 alter
414 1823 461 1870 ex
487 1798 560 1870 his:
600 1797 754 1889 Habitus,
779 1799 904 1896 inquit,
930 1800 983 1872 lic
1007 1797 1115 1889 uestis,
1141 1822 1246 1897 quem
1274 1795 1415 1871 cerubin

179 1908 262 1981 meis
287 1907 456 1999 munitm,
491 1933 566 1981 cum
591 1909 652 1983 isto
677 1909 830 2009 squalore
848 1908 1095 2007 permutandus
1121 1906 1182 1980 tibi
1207 1921 1270 1981 est.
1324 1906 1414 1981 Ablue

179 2040 300 2116 corpus
326 2017 437 2091 illuvie
464 2010 667 2119 aaemisque
698 2019 852 2093 sordibus
883 2018 1091 2114 squalidum:
1127 2043 1212 2116 cape
1241 2018 1335 2117 repis
1359 2013 1418 2088 ani·

178 2152 287 2219 mum,
319 2141 350 2200 et
375 2128 412 2200 in
437 2154 511 2200 eam
526 2131 719 2228 fortunam,
754 2154 822 2228 qua
847 2129 970 2226 dipnus
995 2153 1039 2220 es,
1065 2129 1165 2202 istam
1192 2127 1417 2204 continentiam

172 2241 301 2339 perfer·
340 2237 389 2321 El
413 2263 488 2310 cum
510 2239 546 2311 in
571 2240 678 2339 repuli
702 2240 782 2314 solio
807 2240 1071 2330 residebrs,aitae
1095 2240 1256 2340 necisque
1283 2239 1418 2314 manian

180 2334 502 2453 ciliumsdominus,
537 2374 614 2423 caue
640 2350 843 2424 obliviscaris
868 2350 967 2423 buius
991 2362 1109 2441 status,
1144 2349 1183 2422 in
1211 2376 1281 2450 quo
1308 2347 1418 2446 acopis

213 2543 238 2606 s.
257 2545 297 2593 19.
320 2550 397 2609 utque
420 2541 471 2607 illi]
507 2539 553 2593 Sic
575 2538 639 2593 edit.
656 2539 730 2594 Mod.
757 2547 786 2592 et
816 2538 919 2594 codices
935 2558 995 2593 mss.
1014 2555 1103 2592 omnes
1121 2545 1151 2591 et
1169 2539 1238 2592 edit.
1257 2539 1417 2611 princepa,a

176 2624 267 2661 omnes
298 2610 372 2662 codd.
400 2607 485 2661 nostri
520 2616 548 2661 et
580 2608 737 2662 snakenbur
757 2608 782 2675 '',
817 2626 870 2679 qua
890 2608 1010 2661 Merulae
1034 2625 1088 2660 non
1117 2607 1258 2678 discrepat
1287 2607 1338 2660 nisi
1361 2603 1416 2687 quod

176 2693 284 2746 prorsus
311 2684 398 2743 recte,
433 2695 492 2729 cum
520 2678 555 2729 ad
584 2677 663 2729 finem
689 2685 784 2730 tenet
815 2677 938 2730 mendose
955 2679 997 2729 stc
1014 2675 1122 2728 omittit.
1150 2675 1209 2728 Sed
1226 2676 1317 2729 Aldus
1333 2688 1416 2746 pnmus

177 2743 306 2801 narrauo:
324 2745 405 2815 vulgo
422 2755 457 2797 ut.
814 2744 960 2815 genitivum
983 2746 1060 2797 restis
1083 2743 1173 2797 omisit
1197 2760 1318 2815 eumque
1337 2738 1415 2821 reliq'

213 2815 360 2879 adulantes]
381 2812 465 2866 Codd.
484 2812 590 2882 quidem
607 2829 697 2866 omnes
716 2816 783 2866 uda·
816 2815 872 2866 sine
889 2813 943 2866 ulla
960 2811 1126 2865 dubitatione
1144 2813 1234 2866 secuti
1244 2822 1317 2880 sunt,
1326 2811 1414 2865 Medius
1458 2832 1460 2849 ι

179 2880 294 2935 lantibus
312 2881 450 2947 mendose,
475 2882 547 2951 quod
570 2882 603 2934 ab
622 2898 653 2935 eo
670 2881 783 2950 primurn
816 2882 920 2952 quidem
939 2881 975 2934 sic
992 2889 1023 2933 ut
1040 2881 1120 2932 etiam
1138 2882 1183 2933 bic
1202 2881 1345 2934 omitteret
1368 2877 1413 2928 Pu·

177 2947 307 3016 scriptum
336 2948 442 3002 ridetur
472 2949 517 3020 qui
542 2950 576 3002 ad
601 2966 784 3019 praegressum
817 2958 878 3003 tant
899 2949 969 3001 enim
994 2947 1188 3002 nominativum
1216 2966 1280 3002 esse
1305 2947 1371 3001 restis
1390 2949 1412 2994 el

175 3017 289 3084 stupetis
322 3016 489 3088 participium
520 3019 639 3070 referret.
683 3017 783 3071 Parum
817 3017 933 3073 scholion
956 3016 1011 3070 eius
1030 3017 1100 3087 quod
1118 3023 1160 3069 est
1179 3018 1300 3072 babitus.
1328 3014 1412 3068 Verum

174 3083 316 3205 probabilis
334 3084 423 3155 opinio
430 3086 544 3140 Acidalii
561 3086 675 3152 videtur,
693 3089 783 3156 sinpu-
817 3095 848 3140 ut
866 3103 944 3157 supra
962 3087 1181 3155 insipniarepiae
1201 3089 1286 3140 vestis
1301 3083 1414 3157 demur,

184 3154 208 3205 is
241 3155 366 3206 amicos
397 3157 567 3207 adulantibus
599 3154 782 3224 corrigendum
817 3155 854 3209 ric
880 3157 906 3208 h.
929 3154 948 3206 l.
973 3156 1076 3207 babitus
1098 3155 1179 3206 uestis
1211 3155 1328 3220 dicitur,
1356 3165 1416 3220 quaa

175 3218 365 3287 existimantis,
383 3239 445 3274 nam
462 3222 508 3274 illa
525 3223 581 3292 ipsa
598 3241 651 3276 vox
668 3225 781 3302 sinpulis
816 3224 902 3277 cultus
920 3221 1009 3292 regiae
1025 3221 1119 3274 vestis:
1143 3222 1256 3276 babitus
1282 3221 1349 3274 enim
1368 3230 1419 3290 pro-¹
1432 3238 1455 3279 rs

175 3304 228 3366 npn
245 3288 327 3340 habet
345 3307 398 3368 quo
421 3298 493 3343 recte
516 3291 645 3344 referatur
668 3291 781 3361 nis1ge-
814 3293 872 3361 prie
890 3296 973 3345 forma
990 3297 1100 3343 externa
1117 3297 1166 3352 cst,
1186 3298 1275 3361 atque
1292 3290 1331 3344 ita
1344 3302 1385 3353 111,
1398 3278 1458 3351 b'l'

174 3363 288 3407 mt1vum
306 3374 448 3410 amicorum
471 3361 620 3412 Alexandri
641 3359 780 3413 addideris.
815 3367 841 3425 3,
860 3364 889 3414 in
907 3377 935 3413 eo
952 3361 1030 3412 uestis
1048 3359 1137 3411 babitu
1154 3357 1270 3428 legitur,
1289 3359 1416 3426 undepau-

175 3421 261 3474 Recte
278 3423 384 3478 omnino
401 3425 514 3480 Aldinus
540 3427 626 3481 editor
643 3430 780 3482 adulantes
814 3427 891 3482 latim
920 3444 951 3480 eo
975 3426 1081 3480 devenit
1103 3433 1135 3478 ut
1158 3444 1216 3479 non
1241 3436 1301 3481 tam
1322 3433 1416 3486 vestem.

174 3489 300 3548 restituit.
834 3515 896 3550 uam
913 3496 1038 3549 vestitum
1055 3494 1227 3564 significaret.
1266 3496 1348 3551 Bern.
1361 3492 1382 3546 B
1397 3496 1417 3541 el

210 3575 287 3626 quam
305 3560 523 3631 Abdalonymum]
548 3563 673 3617 Edebant
699 3564 779 3634 vulgo
812 3513 886 3619 ibor.
906 3563 932 3617 G
949 3581 1025 3632 quam
1043 3565 1148 3616 habent.

174 3627 382 3681 Abdolominum.
418 3629 472 3682 Sed
494 3634 695 3685 Abdalom'mum
717 3632 780 3686 seri-
849 3637 928 3688 istam
947 3633 1129 3684 continentiam
1140 3633 1251 3700 perfer]
1291 3631 1337 3687 Sic
1353 3630 1416 3684 voa

173 3693 242 3747 bunt
259 3695 359 3749 codices
385 3696 779 3766 Leid.Voss.1,Bern.uter-
815 3708 828 3753 1
849 3711 878 3754 et
896 3717 984 3754 omnes
1002 3700 1072 3753 Flor.
1091 3717 1139 3769 pro
1156 3699 1234 3769 vulg.
1254 3703 1365 3771 prosa,
1386 3711 1417 3750 m-

175 3778 227 3831 que
252 3771 280 3815 et
297 3763 361 3817 Flor
383 3765 566 3834 ABDEFHI,
591 3767 658 3820 sicut
681 3770 780 3822 dudum
814 3769 941 3836 ctissime;
965 3777 1006 3821 est
1023 3767 1090 3820 enim
1109 3784 1158 3837 pro
1176 3769 1315 3836 mansfer,
1338 3767 1416 3820 imma

173 3840 215 3883 est
237 3832 307 3910 apud
324 3831 454 3886 Iustinum
471 3849 517 3901 xl,
538 3843 583 3902 10;
608 3836 649 3889 cui
667 3837 779 3906 scriptu-
812 3845 897 3890 tatam
915 3838 986 3890 aller.
1021 3836 1110 3888 Etiam
1133 3833 1199 3887 edit.
1224 3836 1350 3907 princeps
1365 3835 1416 3904 pst?

171 3915 218 3953 rae
236 3900 301 3952 nihil
318 3899 366 3954 nisi
385 3900 487 3955 Graeca
509 3904 599 3957 littera
620 3921 638 3972 y
659 3905 779 3956 addenda
812 3907 885 3976 quod
907 3913 948 3958 est
988 3907 1069 3974 erfer,
1091 3920 1145 3955 non
1157 3909 1264 3981 μιγὲν
1283 3905 1352 3959 siam
1367 3899 1416 3956 aa

172 3976 221 4020 est.
256 3968 328 4022 Hinc
351 3970 431 4024 etiam
457 3970 570 4025 Diodori
587 3969 778 4040 Βαλλιόνυμοε
812 3974 941 4047 expressis
980 3972 1056 4025 tteris
1074 3970 1185 4040 seripsrt.
1225 3974 1319 4027 Abest
1342 3980 1416 4025 umen

171 4048 249 4102 xvn,
268 4044 301 4091 46
324 4039 502 4092 emendandus
519 4049 568 4092 est.
812 4043 845 4095 ab
863 4043 909 4096 illo
926 4041 1053 4095 librorum
1070 4057 1131 4093 mss.
1152 4055 1291 4096 consensu
1309 4040 1416 4094 Leidet

207 4102 273 4172 Cap.
292 4112 322 4172 4,
342 4110 364 4174 5.
383 4114 425 4160 22.
461 4117 513 4160 tum
531 4123 591 4175 repe
609 4108 668 4186 cet]
705 4109 778 4162 Tunc
810 4110 891 4163 Bern.
909 4122 948 4176 A,
973 4127 1007 4162 ex
1031 4108 1124 4179 quibus
1145 4106 1215 4160 nihil
1239 4127 1257 4163 a
1275 4110 1349 4180 vulg.
1366 4102 1416 4162 sui·

173 4171 245 4240 quod
262 4171 289 4224 in
306 4173 383 4227 editis
401 4185 507 4246 praeter
523 4175 598 4229 Mod.
616 4173 727 4244 legitur,
749 4177 777 4229 in
811 4186 891 4248 ptura
908 4178 1039 4232 diversum
1056 4182 1178 4229 notatum
1198 4185 1253 4230 eat.

171 4254 225 4291 uno
243 4245 346 4293 tantum
362 4243 475 4297 Flor.B
500 4251 555 4311 est,
579 4258 663 4313 neque
685 4252 777 4314 aptum
845 4249 921 4300 tuias
945 4249 1039 4313 status]
1079 4245 1165 4296 Abest
1194 4256 1287 4299 status
1314 4264 1331 4299 a
1355 4239 1415 4298 codd

169 4305 205 4358 ad
223 4308 406 4365 narrationem.
502 4379 504 4382 .
527 4334 529 4339 ⁴
810 4315 890 4368 Bern.
908 4316 935 4367 A
952 4315 1022 4368 Flor.
1036 4312 1121 4379 ABG,
1139 4311 1167 4363 in
1186 4314 1317 4384 margine
1335 4306 1415 4368 eodm

205 4375 321 4446 totitas,
340 4379 437 4450 nquit,
456 4381 498 4434 lic
514 4381 606 4447 vestis,
625 4386 708 4450 quem]
732 4381 776 4437 Sic
811 4382 837 4436 G
854 4384 938 4438 aliena
961 4400 1040 4438 manu
1062 4378 1245 4454 adscriptum,
1271 4400 1327 4436 nee
1348 4375 1415 4436 inin
