2984 5176
173 290 247 361 334
328 329 336 342 ·
641 306 674 368 Q·
703 304 826 356 coarn
851 306 936 357 aum

172 489 246 566 Sibi
285 492 379 564 enim
418 487 465 562 ad
506 489 576 562 aha
613 489 762 586 gloriam
794 486 991 562 concedere
1023 484 1121 559 deos.
1183 483 1398 560 Consultanti
1412 501 1437 550 n

171 602 253 675 inde
280 626 361 673 cum
386 601 528 690 iisdem,
563 624 719 696 quonam
745 598 853 672 modo
879 599 1012 672 flumen
1039 598 1251 687 transirent,
1288 621 1398 695 super-

172 712 272 786 venit
297 710 527 800 Aristander,
565 736 638 784 non
671 712 759 784 alias
791 711 941 784 laetiora
974 720 1060 782 exta
1090 708 1228 783 vidisse
1253 733 1295 782 se
1319 709 1399 781 affir-

171 849 288 913 mans,
328 823 451 919 utique
487 821 664 920 prioribus
702 822 808 918 longe
847 820 1005 910 diversa3
1050 830 1128 892 tum
1164 818 1398 893 sollicitudinis

173 959 298 1008 causas
325 934 541 1031 apparuisse,
566 957 662 1005 nunc
688 958 835 1030 prorsus
861 933 1003 1030 egregie
1028 931 1172 1004 litatum
1198 956 1288 1005 esse.

123 1046 169 1116 32
275 1041 442 1117 Ceterum
473 1069 564 1140 quae
597 1044 748 1117 subinde
779 1045 943 1117 nuntiata
974 1053 1058 1116 sunt
1088 1043 1184 1140 regi,
1221 1043 1433 1115 continuasse

172 1156 330 1229 felicitati
355 1180 475 1228 rerum
507 1156 582 1229 eius
614 1156 858 1253 imposuerant
888 1155 1015 1228 labem.
1067 1150 1336 1244 Menedemum,
1366 1162 1430 1225 utu

174 1293 283 1366 supra
322 1267 456 1339 dictum
496 1277 565 1355 est,
612 1267 758 1340 miserat
795 1264 842 1337 ad
881 1262 1117 1338 obsidendum
1156 1262 1396 1362 Spitamenen,

172 1378 382 1452 Bactrianae
415 1376 621 1451 desectionis
653 1386 844 1449 auctorem.
898 1374 968 1465 Qui
999 1384 1183 1472 comperto
1210 1375 1325 1449 hostis
1349 1375 1396 1449 ad·

172 1499 303 1578 ventu,
346 1514 392 1561 ne
426 1489 537 1560 muris
571 1488 669 1561 urbis
704 1485 963 1578 includeretur,
1007 1487 1110 1559 simul
1144 1487 1261 1561 fretus
1297 1486 1395 1585 excipi

172 1625 295 1701 posse,
331 1626 401 1697 qua
427 1611 619 1673 venturum
646 1598 795 1689 sciebat,
828 1597 990 1672 consedit
1015 1599 1186 1671 occult-us.
1241 1595 1393 1672 Silvestre
1404 1613 1422 1661 s

171 1715 240 1786 iter
265 1722 390 1809 aptum
415 1709 549 1783 insidiis
577 1710 739 1809 tegendis
765 1720 858 1782 erat:
884 1710 934 1782 ibi
958 1708 1081 1781 Dahas
1107 1705 1280 1782 condidit.
1319 1707 1393 1806 Equi

172 1824 274 1897 binos
300 1833 456 1895 armatos
481 1823 626 1913 vehunt,
652 1847 804 1919 quorum
827 1822 978 1896 invicem
999 1821 1128 1919 singuli
1152 1831 1304 1918 repente
1322 1819 1391 1893 desi·

172 1936 277 2007 liunt:
298 1934 471 2029 equestris
491 1958 632 2031 pugnae
652 1932 813 2006 ordinem
832 1933 990 2005 turbant.
1030 1931 1216 2029 Equorum
1230 1928 1388 2006 velocitati
1399 1945 1417 1994 ³³

173 2071 238 2145 par
271 2045 455 2117 hominum
485 2045 685 2142 pernicitas.
737 2042 814 2116 Hos
842 2040 1044 2140 Spitamens
1070 2045 1202 2117 saltum
1229 2043 1388 2116 circumire

173 2158 288 2230 iussos
314 2156 448 2252 pariter
474 2165 510 2228 et
536 2181 558 2228 a
585 2156 766 2246 lateribus,
803 2165 840 2227 et
865 2181 887 2229 a
911 2157 1040 2247 fronte,
1073 2166 1109 2228 et
1136 2181 1158 2230 a
1184 2166 1290 2253 tergo
1313 2152 1387 2227 hosti

175 2265 340 2341 ostendit.
391 2264 623 2340 Menedemus
650 2267 806 2363 undique
831 2267 998 2359 inclusus
1023 2293 1070 2340 ne
1087 2292 1240 2340 numero
1267 2265 1437 2365 quidemn

174 2403 258 2477 par,
301 2375 363 2449 diu
394 2388 514 2450 tamen
548 2379 699 2469 resistit,
735 2379 938 2469 clamitans,
973 2378 1061 2450 nihil
1092 2377 1190 2450 ahud
1224 2397 1387 2475 superesse

175 2492 335 2563 locorum
367 2487 492 2560 fraude
528 2487 703 2588 deceptis,
739 2515 847 2586 quam
880 2489 1052 2562 honestae
1086 2489 1213 2563 mortis
1246 2487 1388 2562 solatium

176 2627 223 2673 ex
247 2599 404 2671 hostium
430 2599 548 2672 caede.
600 2599 722 2698 Ipsum
747 2601 958 2698 praevalens
992 2626 1102 2697 equus
1129 2601 1304 2691 vehebat,
1335 2606 1416 2694 qu0³⁵

175 2712 316 2811 saepius
342 2711 379 2784 in
406 2736 537 2785 cuneos
560 2710 794 2784 barbarorum
812 2712 933 2785 effusis
950 2711 1098 2786 habenis
1117 2722 1264 2786 evectus
1281 2730 1389 2806 magna

175 2835 295 2922 strage
321 2847 382 2896 eos
409 2822 560 2896 fuderat.
614 2820 687 2897 Sed
713 2848 794 2895 cum
817 2849 929 2896 unmn
947 2848 1070 2896 omnes
1087 2833 1264 2921 peterent,
1290 2819 1437 2895 multistt.

175 2934 381 3009 vulneribus
410 2934 601 3033 exsanguis
627 2933 828 3034 Hypsidem
854 2933 1034 3031 quendam
1060 2959 1107 3007 ex
1139 2935 1262 3008 amicis
1292 2936 1390 3008 horta
1435 2932 1437 3007 i

173 3058 232 3121 tus
260 3055 325 3136 est,
351 3045 450 3118 utin
476 3071 607 3142 equum
633 3071 738 3149 suum
763 3046 982 3137 ascenderet,
1010 3055 1047 3119 et
1071 3070 1110 3120 se
1135 3047 1223 3145 fuga
1249 3046 1391 3145 eriperet
1435 3026 1437 3091 f

174 3158 273 3232 Haec
300 3167 465 3255 agentem
491 3158 610 3229 anima
635 3156 778 3249 defecit,
817 3182 1016 3257 corpusque
1050 3183 1097 3231 ex
1130 3182 1224 3255 equo
1260 3151 1391 3232 defluxit

174 3271 212 3342 in
237 3280 379 3342 terram.
432 3267 612 3368 Hypsides
638 3279 782 3367 poterat
808 3269 951 3367 quidem
977 3269 1150 3367 effugere,
1187 3267 1254 3343 sed
1279 3267 1419 3342 amiss0³¹

175 3504 263 3572 addit)
290 3504 321 3556 id
345 3505 418 3556 eleae
441 3505 493 3557 sibi
514 3506 551 3558 ad
574 3504 685 3572 glorium
713 3520 774 3556 con·
808 3504 890 3558 libris.
925 3507 1020 3575 ltaque
1041 3503 1155 3558 fortasse
1178 3503 1246 3559 haec
1264 3522 1322 3559 eum
1336 3499 1392 3575 prio·

173 3576 263 3627 cedere
289 3574 358 3625 deos.
392 3571 543 3642 Madvigius
564 3570 593 3625 in
618 3570 711 3625 litteris
738 3572 772 3624 ad
806 3573 878 3627 ribus
895 3572 933 3626 ita
950 3572 1145 3643 coniungenda,
1172 3581 1205 3628 ut
1226 3574 1314 3628 turbat
1328 3565 1394 3626 ωπί·

172 3639 292 3695 medatis
307 3641 432 3710 (dimisit)
444 3642 522 3693 Talia
539 3642 591 3694 sibi
607 3644 645 3694 ad
658 3643 772 3710 plotium
806 3648 892 3712 gatus.

173 3712 311 3765 concedere
328 3711 388 3762 eleos
405 3708 550 3779 proposuit.
650 3706 654 3713 ’
842 3712 865 3777 ξ.
883 3717 925 3766 34.
961 3711 1008 3763 diu
1033 3718 1118 3764 tamen
1138 3710 1248 3765 resistit.
1282 3707 1394 3779 vngm

207 3781 231 3848 §-
254 3785 295 3833 29.
336 3779 494 3831 consultanti
525 3780 594 3831 inde.
635 3776 718 3832 Codd.
745 3785 774 3830 et
807 3778 884 3833 editt.
902 3780 1006 3845 restitit,
1027 3795 1077 3831 nos
1094 3777 1218 3833 Modium
1283 3777 1393 3832 umus

173 3848 233 3902 edd.
260 3845 387 3918 principes
413 3847 489 3913 mibi,
516 3846 600 3899 Aldus
625 3853 654 3899 et
678 3844 774 3918 reliqui
808 3847 883 3901 codd.
900 3847 1032 3914 meliores,
1049 3846 1124 3901 Laid.
1141 3848 1254 3905 Vosal
1296 3847 1340 3901 lor.
1354 3838 1392 3896 ΑΒ

174 3918 266 3970 deinde
297 3915 439 3981 dedcmnt,
471 3931 539 3967 unus
564 3913 635 3967 Flor.
656 3915 682 3967 E
699 3916 773 3982 ¹inde,
807 3917 889 3969 Bern.
906 3916 933 3968 A
952 3932 1012 3968 cum
1029 3913 1086 3968 aliis
1103 3916 1246 3970 nonnullis.

175 3986 245 4056 quod
263 3999 350 4037 merae
367 3981 532 4037 coniecturae
548 3982 775 4053 videbaturprae·
843 4003 867 4069 §-
885 4007 926 4054 36,
962 4000 1108 4069 [symm
1149 4003 1270 4055 amdam,
1303 3996 1343 4053 gi,
1355 3990 1393 4048 Al.

174 4063 252 4108 mre·
652 4104 657 4117 ·
808 4069 857 4122 dus
875 4068 974 4139 primus
991 4067 1116 4135 edidit,s
1168 4070 1316 4139 HiJrsidetr,
1335 4062 1392 4136 Ρῐὶῠ·

209 4138 274 4209 Cap.
292 4144 339 4203 32,
358 4139 380 4206 ξ.
396 4144 437 4191 31.
473 4154 525 4208 qua
550 4144 682 4190 uenturum
709 4137 775 4190 scie·
808 4153 851 4190 res
871 4130 1017 4207 suspicietis
1035 4141 1174 4207 qmndom,
1192 4135 1314 4191 utestin
1330 4128 1392 4188 codd·

175 4208 225 4261 but.
256 4208 314 4269 Quo
333 4207 518 4259 emendaverat
535 4203 678 4273 Acidaliae,
697 4205 773 4258 codd.
808 4204 942 4276 plerisque
959 4203 1088 4271 omnibus,
1107 4194 1392 4261 documentum

174 4283 202 4328 et
219 4274 342 4346 antiquae
360 4274 487 4329 editiones
505 4291 586 4344 quem.
810 4281 823 4327 1
843 4275 988 4344 suspiciens
996 4275 1030 4342 by
1049 4275 1131 4328 sidem
1145 4276 1283 4345 quendem.
1303 4268 1391 4351 Infit?

209 4348 231 4410 ξ.
249 4350 290 4397 33.
320 4359 377 4411 por
393 4345 531 4397 lominum.
553 4340 642 4413 Vulgo
655 4358 710 4413 por
727 4350 773 4407 est,
808 4343 942 4464 {lagides
959 4291 1142 4412 autdapidei
1154 4350 1206 4409 est,
1223 4336 1392 4411 adflante·

176 4411 221 4464 sed
247 4422 285 4465 eet
310 4413 385 4465 abest
411 4411 445 4464 ab
471 4409 578 4482 optimis
604 4417 633 4463 et
656 4407 774 4480 plurimis
809 4361 867 4464 mq
893 4409 928 4465 id.
946 4410 1028 4466 Bern.
1046 4409 1072 4463 A
1087 4410 1160 4466 Flor.
1178 4410 1250 4465 AFI.
