2926 5174
573 306 788 358 PRAEFATIO.
1235 311 1289 362 XV

67 515 130 560 ram
155 488 216 560 sub
243 487 402 563 nomine
428 486 522 560 Petr.
548 485 705 561 Danielis
731 497 938 587 excerptam
969 490 1038 588 legi
1070 491 1106 562 in
1133 490 1288 565 editione

63 613 353 689 Freinshemiana.
410 613 534 687 Altera
559 615 681 689 classis
707 626 763 690 est
787 617 960 690 librorum
985 628 1225 692 correctorum
1251 629 1287 693 et

62 753 315 839 corruptorum,
356 766 448 838 quos
480 742 516 814 in
540 742 747 817 universum
778 743 972 818 deteriores
998 746 1108 818 libros
1135 747 1285 843 appello.

59 867 120 943 Sed
147 895 187 942 ea
210 870 452 967 interpolatio
477 869 542 943 hos
570 871 670 966 quasi
696 870 829 969 gradus
856 872 980 962 habet,
1012 883 1055 945 ut
1081 874 1183 946 alteri
1209 899 1286 970 par-

57 998 113 1069 tim
137 997 250 1069 minus
286 1022 403 1094 saepe
430 995 615 1070 discedant
645 998 690 1070 ab
722 998 884 1095 integris,
919 999 1050 1097 partim
1081 1000 1144 1073 ubi
1178 1000 1287 1073 disce·

55 1125 151 1214 dunt,
183 1124 282 1196 haud
310 1149 400 1196 raro
426 1125 517 1197 bene
544 1150 585 1197 ac
610 1124 806 1223 prudenter
832 1127 1025 1224 corrigant,
1061 1128 1163 1201 alteri
1189 1129 1287 1200 nulla

54 1253 146 1350 quasi
170 1253 347 1351 religione
378 1251 538 1325 obstricti
571 1253 711 1351 saepius
747 1278 789 1325 ac
824 1252 899 1327 sine
934 1279 1041 1327 causa
1067 1256 1112 1328 ab
1139 1256 1286 1352 integris

58 1381 183 1469 abeant,
209 1381 404 1476 verbaque
430 1390 658 1471 commutent,
685 1389 932 1479 transponant,
959 1382 1135 1455 omittant
1177 1379 1285 1459 Cuius

58 1507 329 1604 interpolationis
361 1506 441 1602 quis
476 1507 611 1603 primus
642 1518 767 1582 auctor
792 1508 914 1599 suerit,
950 1507 1090 1583 difficile
1116 1520 1172 1583 est
1198 1509 1284 1583 divi·

52 1659 139 1707 nare.
189 1633 377 1730 Equidem
402 1634 527 1731 putavi
551 1635 588 1707 in
613 1635 741 1732 prioris
761 1636 925 1708 editionis
942 1639 1160 1734 praefatione
1176 1637 1284 1711 firisse

52 1759 189 1834 doctum
213 1760 406 1859 quendam
432 1759 561 1833 Italum
587 1787 635 1834 ex
659 1763 777 1859 priore
802 1772 905 1860 parte
931 1766 1061 1840 saeculi
1077 1788 1140 1856 xv,
1166 1767 1284 1838 nullus

52 1888 139 1961 enim
164 1890 250 1963 liber
282 1889 401 1962 huius
433 1889 583 1961 familiae
609 1890 785 1962 vetustior
816 1899 873 1962 est
905 1915 948 1963 ea
973 1902 1110 1965 aetate:
1141 1917 1207 1965 nec
1233 1918 1285 1964 re·

53 1992 187 2114 darguit
209 2017 304 2090 hanc
335 2014 580 2088 coniecturam
606 2040 723 2088 meam
749 2015 987 2109 Muetzellius,
1022 2018 1108 2092 dum
1133 2019 1285 2118 probare

53 2142 176 2234 studet,
199 2143 466 2242 interpolatum
491 2131 633 2216 textum
658 2143 730 2214 iam
756 2143 850 2215 circa
875 2168 906 2217 a.
938 2147 1033 2219 1200
1060 2171 1165 2222 aerae
1189 2144 1285 2218 Chri·

55 2271 180 2344 stianae
210 2280 417 2345 tractatum
449 2279 485 2342 et
516 2295 727 2368 expressum
760 2295 839 2344 esse
872 2296 894 2343 a
919 2269 1083 2372 Philippo
1116 2271 1285 2348 Gualtero

56 2396 88 2468 in
110 2396 391 2472 Alexandreide.
443 2394 536 2469 Nam
562 2398 690 2494 quibus
716 2399 802 2473 locis
827 2396 865 2469 id
892 2397 1136 2475 demonstrare
1162 2401 1285 2492 voluit,

59 2549 121 2596 non
146 2527 257 2600 effecit
284 2535 330 2599 ut
359 2524 613 2622 persuaderet:
647 2552 758 2599 unum
790 2526 859 2598 hoc
894 2525 1049 2600 dubitari
1075 2530 1203 2626 possit,
1239 2554 1286 2600 an

63 2649 173 2726 doctus
205 2655 263 2727 ille
290 2653 411 2726 Italus
443 2652 534 2725 libro
566 2653 684 2751 aliquo
719 2654 917 2749 antiquiore
950 2654 1171 2729 emendatius
1204 2656 1285 2728 seri-

64 2788 114 2874 pto
137 2807 219 2854 usus
245 2783 310 2872 sit,
346 2778 637 2877 quandoquidem
662 2806 736 2853 non
761 2805 896 2878 paucae
923 2783 1159 2856 correctiones
1186 2808 1285 2881 prae-

68 2907 169 2980 sertim
192 2909 228 2981 in
253 2906 521 3007 posterioribus
547 2908 645 2981 libris
676 2918 752 2981 tam
784 2908 992 2982 commodae
1018 2918 1120 3001 sunt,
1155 2910 1219 2983 vix
1244 2920 1284 2982 ut

74 3031 106 3103 ab
126 3036 316 3110 recentiore
345 3033 471 3107 critico
497 3034 692 3132 excogitari
717 3034 877 3132 potuisse
895 3035 1094 3108 videantur.
1135 3035 1285 3110 Verum·

78 3163 171 3232 tamen
206 3164 324 3262 magis
370 3159 530 3234 adducor
567 3172 609 3235 ut
645 3162 745 3236 illum
780 3160 1045 3237 emendatorem
1080 3188 1145 3236 suo
1180 3187 1285 3235 usum

76 3306 133 3358 esse
160 3289 301 3387 ingenio
340 3287 544 3362 existimem
578 3288 705 3361 callido
747 3300 784 3362 et
818 3290 1032 3382 exercitato,
1079 3291 1173 3387 quali
1207 3301 1285 3362 tum

73 3407 147 3485 haud
177 3418 281 3513 pauci
316 3417 523 3488 litterarum
553 3424 813 3491 restauratores
848 3417 927 3491 Itali
959 3418 1137 3492 valebant.
1189 3417 1284 3489 Dua-

73 3558 132 3640 rum
154 3542 259 3638 igitur
286 3542 460 3616 classium
483 3541 708 3635 deteriorum,
735 3569 824 3640 quos
845 3546 995 3643 appello,
1022 3544 1194 3617 librorum
1213 3569 1285 3616 una

73 3673 113 3735 est
133 3671 233 3765 paulo
268 3669 532 3768 praestantior,
570 3670 608 3742 in
643 3696 751 3769 quam
780 3673 896 3746 refero
926 3672 1020 3747 Flor.
1046 3670 1124 3748 DF
1123 3669 1184 3747 GI.
1237 3669 1284 3743 Iis

73 3796 255 3869 accensendi
284 3807 372 3869 sunt
404 3807 443 3869 et
467 3795 643 3873 Palatinas
671 3801 691 3869 1
726 3797 822 3896 apud
847 3798 1143 3890 Freinshemium‚
1179 3824 1285 3897 quem

72 3921 208 4010 proxime
234 3923 283 3996 ad
308 3923 402 3998 Fer.
422 3921 462 3997 D
488 3923 656 3999 accedere
682 3927 844 4022 cognovi,
871 3937 908 4000 et
932 3927 1177 4002 Fuaclretiaaas
1198 3928 1285 3999 item

73 4046 148 4138 apud
169 4048 464 4140 Freinshemium,
492 4060 529 4123 et
553 4065 618 4127 tres
642 4051 797 4127 Parieiai
821 4079 931 4152 supra
956 4080 978 4127 a
1002 4054 1106 4126 nobis
1133 4079 1283 4129 comme·

72 4176 185 4267 morati,
210 4201 366 4274 quorum
391 4199 506 4249 unum
531 4178 579 4276 (n.
608 4178 723 4276 5718)
749 4204 829 4253 esse
846 4181 1062 4256 Ethoccnam
1083 4177 1121 4250 in
1143 4182 1279 4254 varian-

72 4294 141 4372 tium
163 4304 357 4377 lectionum
388 4303 509 4376 libello
535 4303 825 4379 Freinsh'cmiano
861 4305 1071 4404 cognovisse
1104 4308 1208 4380 nobis
1234 4308 1285 4380 vi·

74 4418 182 4502 demur.
233 4429 503 4503 Additamentis
530 4457 576 4504 ex
602 4432 729 4506 Iustini
753 4432 904 4508 historia
922 4431 1130 4529 desumptis,
1157 4432 1284 4530 quibus
