2926 5174
109 292 185 367 ’318
599 313 632 376 0.
652 313 775 366 curru
799 315 884 367 uum

110 498 200 571 risse
225 495 276 569 ait
302 519 350 586 se,
376 495 533 570 insidiari
560 498 592 570 ei
617 496 883 596 Dataphernem
897 507 934 571 et
947 495 1129 586 (latenem,
1156 504 1197 568 ut
1221 494 1326 569 vivum

111 605 321 682 Alexandro
346 606 531 681 traderent
556 610 748 708 agitantes,
790 636 812 682 a
838 618 951 683 semet
982 617 1177 705 occupatos
1204 631 1277 680 esse
1298 616 1326 678 et

112 719 251 797 vinctos
278 720 401 792 teneri.
453 719 585 795 Bessus
604 732 705 796 tanto
719 722 856 812 merito,
883 731 925 793 ut
951 719 1131 809 credebat,
1157 719 1359 817 obligatusa

110 831 241 928 partim
266 830 399 928 gratias
425 833 508 928 agit,
534 833 664 929 partim
690 835 817 909 avidus
845 832 1010 931 explendi
1038 830 1201 928 supplicii
1219 827 1328 903 adduci

112 967 174 1016 eos
198 941 307 1015 iubet.
358 942 413 1014 llli
438 944 602 1018 manibus
629 970 694 1017 sua
720 957 848 1045 sponte
873 945 1040 1043 religatis,
1067 967 1090 1015 a
1115 941 1327 1039 participibus
1339 958 1360 1004 11

112 1053 248 1125 consilii
273 1054 526 1128 trahebantur:
563 1076 658 1152 'quos
685 1057 816 1132 Bessus
848 1058 940 1129 truci
966 1056 1069 1130 vultu
1094 1052 1240 1126 intuens
1263 1077 1327 1125 oon·

111 1165 240 1263 surgit,
275 1165 438 1237 manibus
470 1192 543 1240 non
576 1179 848 1267 temperaturus.
900 1170 1019 1266 Atque
1045 1166 1096 1238 illi
1123 1164 1328 1238 simulatione

112 1277 244 1349 omissa
270 1277 534 1351 circumsistunt
560 1305 651 1370 eum,
679 1292 716 1353 et
741 1283 873 1354 fresne
898 1287 1160 1378 repugnantem
1178 1275 1327 1364 vinciunt,

111 1387 251 1485 direpto
279 1413 326 1460 ex
352 1388 466 1487 capite
492 1391 593 1488 regni
618 1391 762 1489 insigni,
795 1394 1019 1488 lacerataque
1045 1398 1166 1479 veste,
1195 1410 1326 1485 quame

112 1500 233 1598 spoliis
264 1501 370 1573 occisi
404 1501 507 1599 regis
532 1501 707 1575 induerat.
760 1503 824 1578 Ille
850 1503 936 1577 deos
962 1501 1015 1575 sui
1042 1499 1188 1572 sceleris
1214 1499 1356 1571 ultorem

112 1611 238 1685 adesse
265 1613 463 1703 confessus,
499 1613 645 1703 adiecit,
679 1640 752 1689 non
779 1612 897 1687 Dareo
924 1614 1062 1710 iniquos
1088 1611 1218 1701 fuisse,
1244 1632 1327 1707 quen

112 1723 163 1795 sio
188 1723 456 1815 ulciscerentur,
493 1724 557 1799 sed
583 1724 791 1798 Alexandro
816 1725 1008 1822 propitios,
1034 1723 1136 1796 ouius
1163 1721 1327 1795 victoriam

112 1859 253 1932 semper
279 1835 387 1909 etiam
416 1837 530 1909 hostis
562 1834 766 1911 adiuvisset.
818 1833 1012 1909 Multitudo
1044 1860 1091 1906 an
1123 1833 1326 1908 vindicatura
1336 1842 1355 1893 11

111 1945 263 2020 Bessum
288 1949 410 2039 fuerit,
437 1948 612 2022 incertum
639 1959 709 2038 est,
734 1948 803 2021 nisi
828 1948 893 2038 illi,
921 1947 980 2045 qui
1006 1947 1217 2037 vinxerant,
1251 1946 1326 2018 iussu
1358 1987 1363 1995 ·

465 2130 476 2153 V

147 2167 170 2233 ξ.
188 2171 230 2220 22.
254 2176 391 2238 occupatos
409 2168 605 2221 esseetoioctos
624 2167 713 2220 teneri.
748 2167 798 2221 AB
815 2165 889 2218 Leid.
914 2183 972 2220 eum
991 2163 1046 2218 aliis
1068 2165 1204 2220 nonnullis
1222 2174 1249 2220 et
1263 2163 1327 2218 tribu

113 2233 269 2290 coniunctio
282 2246 330 2289 eta
341 2234 414 2288 libris
431 2235 504 2288 mstis
522 2235 641 2289 omnibus
658 2235 714 2288 fero
747 2234 873 2288 Parisinis
891 2235 994 2305 iurique
1011 2234 1128 2302 habent,
1146 2251 1198 2290 neo
1215 2253 1247 2289 eo
1261 2241 1328 2286 tanen

111 2303 197 2369 abest,
215 2303 495 2374 patrocinaturemeis
513 2303 583 2358 solus
600 2302 671 2357 Flor.
680 2303 713 2355 Β.
749 2303 831 2358 secius
848 2302 1013 2356 librariorum
1029 2319 1148 2356 errorem
1165 2303 1288 2358 existimo.
1323 2364 1328 2375 ⁸

147 2373 170 2439 §.
189 2378 230 2425 24.
249 2374 351 2443 ·Atque
377 2374 426 2426 illi.
468 2371 513 2427 Sic
538 2389 639 2431 omnes,
653 2370 715 2425 libri
784 2390 861 2442 quom
879 2389 892 2424 e
909 2374 999 2441 spoliis
1017 2404 1051 2413 —
1068 2372 1202 2426 induerat.
1236 2367 1328 2436 Intelliq

112 2438 164 2492 mei
180 2440 261 2493 etium
273 2449 327 2494 tres
336 2439 448 2493 Parisini
462 2448 490 2493 et
498 2440 579 2494 editio
587 2441 716 2493 Modiana
748 2439 841 2562 nequit
857 2439 965 2509 vulgata
983 2458 1060 2511 quom
1077 2442 1173 2521 spoliis
1193 2437 1329 2506 occisircqit

112 2513 285 2579 (quamquam
302 2508 483 2563 Saulu'unum
500 2510 605 2564 Voss?
625 2517 715 2562 aucto-
749 2512 777 2562 iu
797 2519 885 2575 uerat,
912 2509 1003 2578 itaque
1025 2508 1134 2561 Medius
1161 2510 1242 2562 edere
1264 2501 1330 2575 coepit

110 2595 169 2632 rem
190 2577 296 2644 laudat)
323 2594 373 2648 pro
399 2577 509 2648 vulgato
535 2589 571 2632 ot.
614 2577 715 2631 Recte:
749 2579 1082 2656 quamspoliumiuduerot,
1098 2577 1330 2648 oonieoturspuruffl

111 2664 174 2700 nam
191 2645 227 2699 sio
244 2646 327 2701 solere
344 2645 372 2698 in
388 2645 520 2726 principio
533 2645 634 2717 periodi
642 2647 714 2699 illam
748 2645 894 2718 probabili,
926 2645 1050 2716 quoniam
1076 2645 1187 2711 Curtius
1213 2663 1247 2700 eo
1268 2643 1330 2717 verbo

113 2713 325 2769 coniunctionem
341 2733 404 2786 poni
421 2714 636 2768 animadvertisse
651 2713 714 2767 mihi
748 2733 803 2786 non
820 2714 903 2767 utitur
920 2714 948 2767 in
964 2731 1073 2767 nomem
1090 2714 1229 2794 singulari.
1255 2711 1331 2778 quidm

112 2783 216 2847 videor,
242 2784 352 2838 utfinis
370 2784 407 2837 rei
426 2783 525 2837 dudum
542 2801 606 2855 prae
625 2792 715 2836 cratae
748 2783 848 2854 recepit
873 2784 944 2854 quod
969 2782 997 2835 in
1018 2782 1088 2836 illius
1115 2791 1198 2837 etiam
1224 2779 1330 2838 codicibus

113 2870 173 2907 oum
189 2851 215 2905 vi
233 2853 346 2923 quadam
370 2851 530 2906 subiiciatur.
566 2802 636 2906 vide
660 2851 714 2905 Ciu
749 2852 828 2905 fuisse
854 2859 920 2921 puto
946 2869 1023 2923 quum
1046 2855 1179 2919 espole'e's.
1216 2852 1260 2908 Sio
1278 2853 1331 2904 01111

111 2921 140 2975 in
157 2920 228 2974 Bull.
247 2930 314 2984 orat.
337 2928 393 2975 20.
413 2929 427 2976 G
447 2925 469 2989 §.
489 2928 529 2974 15.
566 2922 650 2991 Atque
668 2938 714 2989 eqo
749 2920 824 2973 Leid.
843 2923 918 2973 Voss.
939 2928 950 2971 1
970 2920 1049 2973 Bern.
1068 2921 1094 2973 A
1112 2920 1188 2976 Flor.
1203 2922 1253 2975 AB
1268 2914 1330 2995 Parit

112 3008 130 3044 a
141 2992 230 3059 primo
248 2994 330 3059 cupite
348 2992 414 3059 leqis
432 2993 560 3059 usquead
576 3000 714 3042 extremum
749 2989 782 3055 B,
801 3007 860 3043 oum
882 2987 946 3041 item
962 2987 990 3040 in
1007 2987 1064 3041 aliis
1081 2987 1156 3043 Flor.
1176 2989 1253 3044 CEH
1267 2988 1331 3042 Pens-

111 3060 713 3198 tsttttttstrueremus·
750 3057 869 3195 0111·
884 3056 1230 3196 1111111110
1276 3123 1331 3179 aa

111 3195 182 3248 Item
205 3195 261 3250 Cio.
279 3197 312 3248 de
331 3195 375 3248 off.
399 3211 442 3263 111,
461 3201 494 3248 25
513 3213 551 3266 pr.
587 3196 672 3265 Atque
690 3197 714 3248 is
748 3197 890 3262 victorious]
909 3198 993 3246 Vetus
1011 3195 1167 3266 corruptela
1184 3195 1213 3249 in
1230 3195 1275 3249 hoc
1289 3192 1331 3244 loo

112 3272 251 3333 autequam
269 3266 397 3331 constitit,
416 3266 468 3317 ictu
485 3264 613 3331 fulminis
632 3265 714 3333 (1010-
748 3271 852 3316 versata
869 3270 919 3329 est,
937 3260 1182 3332 cuiuselegantiam
1195 3261 1332 3318 librarium

131 3333 213 3398 revit,
240 3350 288 3402 pro
311 3349 343 3385 eo
362 3333 435 3402 quod
452 3339 494 3385 est
519 3333 549 3385 Is
566 3350 640 3398 uero,
667 3331 713 3385 ubi
748 3331 943 3386 intellexerunt.
963 3331 1059 3384 Proeo
1087 3328 1331 3404 uodestqoemltu.

109 3351 242 3469 lleusing.
272 3399 355 3453 simile
385 3400 533 3471 exemplum
563 3400 654 3454 laudat
679 3418 714 3453 ex
749 3399 823 3454 ABC
842 3400 918 3453 Voss.
938 3407 950 3452 1
970 3399 1054 3453 Paris.
1099 3399 1122 3454 Ο
1146 3402 1248 3455 habent
1266 3411 1331 3472 quotu

113 3466 222 3537 epist2
249 3466 309 3521 libri
330 3483 359 3535 V,
382 3471 438 3537 §.7
467 3470 552 3538 Atque
577 3471 635 3535 ille,
663 3487 715 3538 quo
749 3469 804 3522 sine
822 3485 908 3535 sensu,
926 3466 953 3521 ni
971 3467 1120 3538 corrigatur
1134 3473 1264 3540 quonium,
1279 3464 1331 3520 llor·

113 3536 213 3589 iniuria
230 3553 303 3589 nemo
325 3555 440 3607 unquam
456 3569 491 3579 -
508 3539 715 3606 improbissimus
748 3537 772 3590 E
791 3540 842 3608 qui,
859 3537 941 3590 Bern.
958 3537 982 3589 B
1000 3539 1073 3605 quio,
1110 3555 1163 3592 uae
1180 3554 1224 3592 res
1241 3544 1285 3602 001,
1299 3528 1331 3586 sel

113 3605 177 3659 civis
195 3606 305 3674 effecum
323 3615 369 3672 eet,
388 3623 467 3658 eume
476 3609 604 3659 consulem
618 3608 714 3674 offecit.
766 3621 893 3659 ronomen
911 3621 1004 3658 causae
1020 3555 1244 3675 significationem
1263 3603 1330 3658 hebet

113 3673 167 3727 Sed
184 3679 273 3733 umen
290 3673 369 3727 etiam
387 3684 410 3727 et
421 3673 563 3744 aliquando
580 3675 714 3729 fortiorem
747 3624 835 3743 lllagis
852 3673 941 3740 etiam,
960 3674 1030 3743 quod
1047 3684 1115 3729 mx
1132 3692 1225 3730 omnes
1239 3670 1330 3728 110011·

112 3743 180 3797 hane
204 3738 421 3815 dqnffiutonem
445 3742 544 3811 habet,
575 3743 635 3796 vide
661 3759 713 3812 vn,
747 3744 813 3796 bent
839 3745 887 3796 sed
909 3744 1063 3796 Alexandro
1090 3746 1226 3813 propitios
1260 3735 1330 3810 (1101

112 3818 156 3879 24,
175 3817 217 3867 40.
741 3812 859 3881 propitio
876 3819 936 3864 suos
957 3810 1037 3864 libros
1060 3811 1145 3865 tradit
1162 3808 1330 3875 exhiberent

110 3880 351 4019 utttttttt]
358 3879 715 4018 θ111111111’111
747 3897 820 4000 1111
837 3876 1330 4003 lfflbdldofflmnll‘llloi

112 4019 221 4088 iuriqui,
239 4036 310 4072 nuno
320 4017 400 4070 redeo
410 4018 444 4070 ad
453 4025 616 4071 constantem
634 4016 715 4071 libro·
747 4015 832 4068 Paris.
846 4016 920 4070 ABG
938 4018 1109 4083 adiuvissent,
1127 4034 1191 4071 oum
1207 4034 1239 4071 00
1254 4023 1280 4068 ut
1292 4008 1328 4064 eiu·

111 4103 170 4139 rum
188 4085 349 4158 scripturam.
384 4086 454 4138 Nam
473 4085 530 4139 soni
556 4085 714 4155 asperitatis,
749 4084 867 4154 gularem
887 4086 966 4138 tostis
990 4092 1102 4138 servent
1139 4086 1219 4141 Unus
1242 4071 1328 4157 Flonl'

111 4171 179 4224 quae
196 4154 321 4226 imprimis
338 4171 380 4207 me
397 4152 493 4221 movit,
518 4153 594 4207 nimis
616 4153 716 4207 ineerta
749 4156 834 4206 testes
852 4155 1026 4221 adiuvissent,
1044 4153 1116 4207 Flor.
1136 4153 1163 4206 D
1181 4156 1259 4208 tortio
1272 4149 1326 4204 011

112 4222 180 4277 ratio
198 4232 246 4276 est.
283 4223 324 4278 cf.
341 4224 375 4275 ad
385 4229 493 4292 caplt.
512 4222 613 4292 Regiae
630 4221 715 4292 digni-
749 4224 825 4274 visse.
861 4221 914 4274 Sed
936 4229 1008 4275 recte
1025 4221 1111 4275 Aldus
1137 4225 1213 4277 cuiue
1233 4218 1325 4287 sorita,

113 4289 177 4344 tatis
193 4290 295 4361 insigne
317 4291 385 4344 tiara
407 4297 482 4344 reeta
507 4290 582 4360 ὀρθή
605 4290 659 4344 sive
677 4296 716 4342 κί-
750 4307 781 4344 00
818 4290 871 4343 uod
887 4297 927 4342 est
945 4292 1086 4357 insecutos,
1113 4307 1195 4360 quem
1216 4306 1249 4344 ne
1266 4289 1325 4342 01111

115 4354 199 4436 dapes*
210 4367 260 4413 est.
277 4361 378 4414 Verum
390 4358 466 4412 multi
483 4360 584 4415 codices
602 4366 631 4411 et
644 4377 715 4482 iquos
751 4307 859 4428 quidem
876 4357 989 4413 editores
1006 4360 1189 4415 deseruerunt.

114 4427 298 4496 integerrimos
316 4426 486 4498 eognovimus
503 4430 584 4483 Bern.
601 4429 629 4481 A
667 4427 716 4481 lor.
