2926 5174
517 313 566 363 nn
593 311 719 365 oneris
745 313 853 364 anax.
879 317 916 382 x,
943 309 969 363 5.
1279 290 1352 362 491

115 495 296 596 quondam
335 495 509 569 adversus
544 496 726 571 libidinem
765 497 890 587 animi,
943 496 1091 568 arbitrio
1130 494 1239 568 scorti
1276 494 1353 566 aliis

114 633 225 707 regna
251 606 369 698 daret,
399 608 477 680 aliis
506 607 679 681 adimeret
704 608 827 680 vitam.

93 744 96 784 t
217 717 352 791 Iisdem
377 721 451 794 fere
479 719 606 791 diebus
633 719 769 791 litteras
797 720 925 817 accipit
951 718 996 791 de
1022 718 1129 791 rebus
1154 718 1191 790 in
1209 717 1355 816 Europa
1383 721 1404 790 6

93 842 150 905 tet
161 829 249 908 Asia
274 831 396 926 gestie,
425 830 512 902 dum
538 831 614 927 ipse
632 829 772 903 Indiam
798 831 949 927 subegit.
990 827 1155 927 Zopyri0,
1182 829 1354 903 Thraciae

113 942 359 1040 praepositus,
387 967 469 1014 cnm
497 941 762 1038 expeditionem
788 943 825 1014 in
852 938 961 1014 Getas
988 940 1137 1029 faceret,
1164 951 1354 1039 tempesta·

113 1053 206 1125 tibus
232 1053 470 1150 procellisque
498 1052 617 1124 subito
645 1054 785 1144 coortis,
813 1078 895 1125 cum
921 1060 999 1124 toto
1027 1052 1185 1125 exercitu
1212 1078 1355 1150 oppres·

92 1181 173 1238 'rsus
200 1175 290 1237 erat.
345 1161 424 1252 Qua
457 1164 603 1262 cognita
634 1162 753 1254 clade,
780 1162 932 1237 Seuthes
968 1160 1129 1261 Odrysas
1164 1163 1359 1260 populares.

116 1300 196 1348 suos
237 1273 287 1345 ad
328 1273 564 1347 defectionem
605 1276 834 1371 compulerat.
913 1274 1057 1346 Amissa
1095 1272 1354 1371 propemodum

116 1383 280 1474 Thracia,
309 1410 355 1457 ne
382 1381 534 1458 Graecia
560 1385 703 1483 quidem
729 1386 782 1430 Ἠ

117 1551 280 1622 [tumultibus
300 1552 457 1606 inconeussa
475 1552 578 1606 mansit
613 1552 684 1606 Nam
703 1551 868 1618 Alexander,
894 1551 987 1620 punita
1004 1559 1168 1621 satraparum
1190 1552 1355 1621 quorundam

117 1627 267 1696 insolentia,
298 1646 390 1699 quam,
418 1631 481 1682 dum
499 1630 526 1682 in
554 1637 674 1683 extremo
692 1630 758 1682 orbe
776 1630 903 1681 Indorum
919 1627 998 1680 armis
1016 1626 1157 1692 attinetur,
1184 1645 1232 1698 per
1257 1646 1357 1681 summa

117 1705 208 1759 scelera
225 1714 311 1776 atque
329 1705 428 1776 flagitia
446 1706 474 1759 in
499 1705 675 1776 provinciales
693 1712 880 1771 exercuerant,
906 1713 1055 1757 ceterorum
1072 1713 1171 1757 metum
1195 1705 1355 1758 intenderat:

117 1782 198 1852 quiin
216 1782 330 1854 paribus
356 1783 457 1837 delictis
479 1783 550 1836 idem
568 1782 740 1836 admissorum
766 1781 911 1852 praemium
933 1788 1118 1851 expectantes,
1145 1781 1173 1834 in
1198 1781 1355 1835 mercenari-

118 1875 185 1912 orum
201 1858 324 1914 militum
341 1860 418 1913 fidem
437 1860 640 1930 confugiebant,
663 1859 768 1912 illorum
789 1859 923 1924 manibus,
947 1857 970 1910 si
988 1859 1022 1910 ad
1040 1858 1196 1928 supplicium
1218 1875 1355 1929 posceren-

117 1942 166 2003 tur,
183 1937 305 1988 salutem
323 1955 396 1990 suam
413 1937 540 2005 tutaturi;
560 1946 605 1990 aut
622 1935 744 2006 pecunia,
765 1944 865 2006 quanta
882 1943 1001 2005 poterat,
1020 1943 1119 2002 coacta,
1137 1936 1227 2005 fugam
1244 1934 1355 1988 inibant.

116 2011 150 2064 Ila
165 2029 193 2065 re
211 2011 327 2082 cognita
345 2013 448 2067 litterae
469 2015 503 2067 ad
528 2030 618 2080 omps
636 2013 715 2065 Asiae
732 2021 868 2083 praetores
894 2011 987 2065 missae
1005 2020 1081 2081 sunt,
1100 2013 1204 2083 ¹quibus
1232 2011 1356 2081 inspectis

115 2091 254 2162 evestigio
273 2107 368 2144 omnes
385 2092 537 2162 peregrinos
563 2090 675 2156 milites,
703 2089 749 2161 qui
765 2088 895 2159 stipendia
912 2089 960 2142 sub
978 2089 1041 2160 ipsis
1065 2093 1197 2155 tacerent,
1223 2087 1355 2142 dimittere

114 2166 279 2221 iubebantur.
317 2167 384 2221 Erat
400 2167 469 2223 inter
486 2184 533 2221 eos
550 2166 695 2238 Harpalus,
721 2183 800 2236 quem
817 2167 983 2232 Alexander,
1009 2170 1082 2237 quod
1108 2168 1143 2220 ob
1162 2165 1242 2236 ipsius
1264 2164 1353 2221 amici·

115 2243 170 2298 tiam
186 2245 256 2299 olim
274 2262 292 2298 a
311 2243 435 2314 Philippo
455 2243 554 2298 eiectus
578 2244 663 2298 solnm
688 2243 821 2310 vertisset,
845 2242 916 2298 inter
932 2241 1070 2296 fidissimos
1087 2245 1210 2310 habebat,
1236 2252 1263 2298 et
1288 2249 1354 2313 post

114 2320 209 2375 Mazaei
228 2328 351 2376 mortem
369 2322 483 2392 satrapis
501 2321 665 2392 Babyloniae
683 2322 841 2388 donaverat,
868 2322 1104 2390 thesaurorumque
1125 2321 1260 2375 custodiae
1277 2336 1356 2391 prae-

112 2500 200 2622 reliqui
218 2509 420 2580 propagarunt.
455 2501 510 2554 Sed
526 2507 603 2571 patet
619 2499 658 2552 ita
675 2501 721 2552 ad·
754 2501 834 2567 bent,
862 2518 910 2570 pro
945 2518 997 2569 quo
1023 2500 1113 2554 Iunius
1145 2502 1177 2553 de
1205 2499 1357 2554 coniectura

112 2573 158 2622 den
176 2570 197 2623 is
227 2571 423 2639 demendrsque
449 2569 537 2622 verbis
560 2586 615 2621 non
640 2585 720 2637 posse
754 2568 829 2621 dedit
872 2570 929 2622 subi
946 2571 978 2635 it,
1023 2570 1093 2640 quod
1132 2569 1227 2640 reliqui
1261 2585 1357 2639 propa-

111 2638 193 2692 locum
212 2646 375 2708 corruptum
391 2638 505 2692 tractari.
540 2636 671 2708 Equidem
687 2636 721 2689 'in
754 2644 858 2706 gerunt.
945 2655 980 2689 on
1007 2655 1077 2706 nego
1105 2655 1196 2691 verum
1226 2654 1284 2690 esse
1310 2653 1358 2707 per

111 2706 193 2776 priore
212 2706 342 2760 editione
365 2707 397 2758 de
417 2706 567 2760 coniectura
584 2705 621 2759 sic
638 2706 719 2757 dede·
755 2722 783 2758 se
810 2707 917 2774 subipit,
951 2705 999 2756 sed
1030 2707 1081 2759 hoe
1104 2713 1193 2759 tamen
1224 2706 1282 2759 loco
1318 2704 1356 2757 vi-

111 2793 172 2828 ram:
190 2780 232 2830 ad
250 2777 374 2829 ultimum
389 2785 473 2827 tamea
491 2776 572 2828 itaob
585 2775 719 2842 semetipso
755 2775 833 2826 detur
850 2773 1016 2826 coniunctum
1039 2774 1149 2826 alterum
1189 2790 1296 2826 raesens
1313 2790 1357 2825 uc·

111 2846 296 2914 depeneravit,
326 2852 354 2896 ut
380 2845 491 2896 inuictus
517 2847 646 2914 quondam
671 2846 719 2894 ad·
755 2844 817 2910 cipit
834 2840 862 2893 in
880 2859 958 2894 causa
974 2840 1052 2894 fuisse
1076 2860 1123 2895 cur
1140 2791 1240 2910 soleya
1257 2840 1356 2893 malue-

111 2930 194 2966 versas
214 2914 375 2976 libidinem,
394 2928 443 2964 nec
461 2911 562 2964 interea
580 2909 719 2981 quicquam
753 2910 789 2963 rit
806 2918 914 2976 auctor,
934 2910 1004 2979 quod
1022 2928 1082 2962 cum
1097 2911 1179 2979 pestis
1197 2910 1276 2962 rebus
1295 2925 1356 2962 con·

111 2980 142 3033 ab
158 2981 216 3034 aliis
237 2978 424 3049 excogitatum
442 2980 557 3050 comperi
576 2980 646 3049 quod
663 2996 718 3031 ma·
754 2978 915 3046 iungeretur.

110 3047 148 3118 gis
172 3049 357 3103 satisfaceret.
392 3047 471 3102 Nunc
497 3057 586 3101 tamen
632 3064 661 3099 ro
685 3063 718 3099 eo
789 3051 812 3111 5.
835 3053 876 3097 44.
911 3064 968 3098 cum
986 3050 1175 3115 expeditionem·
1190 3077 1225 3085 —
1240 3044 1355 3112 faceret]

110 3119 179 3197 qnod
196 3118 226 3172 in
246 3116 327 3170 libris
346 3124 387 3169 est
404 3119 547 3182 traiectum,
565 3134 592 3167 m
670 3132 719 3235 po·
753 3113 879 3234 Imperite
898 3113 1016 3166 editores
1034 3115 1118 3186 princ.
1137 3117 1240 3167 dum—
1251 3114 1357 3182 faceret

110 3193 159 3238 uus
175 3204 238 3240 vcro
263 3188 390 3249 itatem,
418 3184 497 3254 idque
515 3186 601 3237 donec
627 3182 720 3236 meins
755 3184 788 3234 de
808 3191 894 3246 crunt,
911 3181 1043 3235 incuriose
1058 3181 1154 3253 reliqui
1163 3190 1272 3250 praeter
1280 3180 1355 3233 Mod

110 3253 143 3306 ali
162 3255 209 3308 uid
227 3251 388 3307 inveniatur
404 3271 534 3333 propono.
755 3259 944 3321 propagarunt.
984 3251 1011 3304 N
1046 3270 1079 3306 ue
1106 3250 1177 3304 enim
1193 3250 1248 3303 fert
1270 3266 1357 3320 gram-

142 3271 207 3394 gap.
228 3330 253 3386 6,
274 3325 301 3389 ξ.
319 3327 362 3374 43.
396 3324 496 3375 luteres
514 3322 620 3390 accipit]
655 3319 720 3374 Edi·
754 3319 850 3373 matica
867 3319 935 3373 ratio
953 3327 982 3372 et
998 3338 1028 3373 re
1041 3328 1167 3391 regantur
1185 3335 1277 3372 omnes
1294 3335 1356 3370 mss.

109 3398 150 3445 tur
166 3392 251 3461 vulgo
271 3392 376 3442 litteras
394 3407 411 3443 a
432 3389 516 3442 Coeno
533 3390 647 3457 acepit,
673 3389 720 3441 sed
754 3387 1142 3444 nostricumLeid.Voss.1.

109 3460 233 3513 aOoeao
252 3458 354 3512 falsum
373 3473 430 3510 esse
457 3466 545 3526 patet,
570 3456 632 3527 quia
650 3456 719 3509 Coe·
789 3465 810 3524 §-
824 3464 866 3510 45.
890 3475 922 3509 ne
943 3458 1058 3512 Graecia
1076 3457 1189 3526 quidem]
1222 3456 1358 3509 Lacunam

109 3545 155 3581 nus
172 3536 327 3599 postquam
353 3543 410 3578 eum
427 3543 492 3595 rege
514 3526 564 3579 luit
592 3525 619 3578 in
642 3525 719 3577 lndia
755 3525 796 3579 hie
813 3542 871 3578 esse
887 3525 1044 3596 integriores
1061 3528 1138 3582 codd.
1156 3525 1177 3578 si
1215 3525 1312 3589 dicant,
1330 3524 1358 3576 in

110 3595 227 3662 obierat,
256 3595 323 3647 vide
350 3609 491 3664 eupraxia,
520 3603 560 3649 13.
606 3593 719 3646 Videtur
753 3595 827 3647 Leid.
844 3594 925 3647 Bern.
943 3599 967 3646 A
984 3595 1055 3650 Flor.
1073 3595 1138 3649 ABl
1155 3612 1170 3646 a
1189 3592 1262 3647 ditur
1278 3593 1358 3647 etiam

110 3663 171 3718 olim
189 3664 278 3718 fmsse
299 3665 387 3729 domo,
414 3664 462 3715 sed
488 3681 546 3717 cum
564 3663 616 3715 boc
632 3662 718 3715 incer·
754 3664 781 3716 in
804 3663 923 3732 margine
951 3663 1010 3729 „hie
1028 3665 1123 3717 desunt
1149 3663 1216 3714 duae
1243 3662 1356 3715 lineae.·'‘

109 3739 162 3786 tum
180 3732 216 3786 sit
238 3737 365 3808 praestat
390 3731 487 3784 tollere
504 3748 535 3784 ea
561 3731 644 3784 verba
661 3748 719 3783 cnm
754 3735 876 3811 Apparet
899 3738 1003 3783 tantum
1020 3734 1077 3785 iere
1100 3730 1211 3802 spatium
1238 3730 1357 3782 relietum

109 3801 183 3855 Iunio
200 3798 361 3854 auctoribus
377 3799 452 3852 libris
470 3799 541 3853 Flor.
554 3798 619 3852 DFI
635 3799 716 3852 Pall
753 3801 833 3852 fnisse
851 3799 879 3852 in
896 3799 965 3852 libro
983 3802 1053 3854 unde
1070 3800 1116 3853 illa
1132 3814 1208 3850 exem
1228 3797 1294 3850 laria
1310 3798 1357 3848 de-

110 3876 137 3922 et
151 3870 226 3924 Flor.
247 3865 331 3944 CER·
347 3867 425 3920 Bern.
443 3867 466 3919 Β
489 3868 565 3922 Voss.
584 3875 608 3921 2.
643 3869 718 3919 Acci·
754 3867 865 3937 scripta,
884 3885 945 3920 nam
963 3885 992 3920 re
1009 3886 1072 3922 vera
1090 3867 1174 3920 multo
1193 3815 1253 3933 plns
1273 3866 1356 3944 deest

105 3940 145 4006 pit
160 3947 257 3992 autem
275 3935 377 4003 legitur
393 3936 420 3988 in
437 3934 629 3990 Leid.Voss.1
649 3935 718 3988 Dan.
753 3936 824 3989 Nam
841 3953 903 3989 casu
920 3935 960 3988 ita
976 3936 1102 3990 accidisse
1128 3933 1244 3999 videtur,
1271 3941 1302 3986 ut
1318 3932 1357 3985 illi

110 4007 290 4077 (quanquam
317 4000 380 4054 mihi
407 4003 514 4074 quidem
541 4021 573 4058 ex
597 4003 676 4056 Bern.
693 4006 718 4056 A
754 4004 881 4058 Graeciae
907 4005 1034 4058 turnultus
1070 4022 1129 4059 cum
1154 4000 1266 4071 Harpali
1293 4001 1358 4071 fuga

109 4092 158 4128 non
189 4072 325 4139 notatur)
357 4070 427 4124 Flor.
453 4070 546 4125 ADGI
573 4071 662 4124 Pall
692 4079 720 4124 et
754 4073 864 4126 lacunae
895 4072 1033 4126 occasione
1066 4068 1253 4136 convenirent,
1288 4088 1356 4136 cum,

110 4143 168 4199 edit.
195 4139 351 4217 Modiana,
377 4139 551 4211 convenitque
578 4147 719 4194 consuetu·
754 4141 805 4194 nisi
822 4159 918 4194 novam
944 4140 1013 4193 inter
1031 4158 1088 4220 cap.
1116 4142 1210 4191 'tet8
1237 4138 1357 4190 lacunam

109 4210 158 4265 dini
187 4209 353 4279 scriptoris,
389 4209 433 4278 qui
467 4207 494 4261 in
525 4209 572 4262 tali
607 4207 719 4260 transitu
754 4218 871 4263 statuere
888 4208 1012 4273 velimus,
1040 4219 1122 4262 etiam
1139 4207 1173 4258 de
1200 4205 1356 4261 continuato

125 4279 242 4334 raesenti
263 4277 325 4328 fere
338 4282 455 4345 tempore
473 4276 565 4343 utitur,
584 4293 644 4329 raro
678 4293 719 4328 er·
754 4294 838 4348 usque
856 4277 923 4331 Susa
949 4276 1046 4329 itinere
1073 4285 1101 4330 et
1127 4272 1225 4342 nuptiis
1252 4276 1355 4342 ducum,

107 4296 171 4403 licto
189 4356 224 4401 ut
243 4359 296 4408 JV,
325 4348 368 4421 21,
384 4362 423 4423 pr.
462 4345 515 4398 Sed
541 4362 633 4398 omnes
658 4294 719 4397 libri
754 4346 824 4412 aliis,
843 4363 909 4415 quae
927 4345 998 4425 apud
1016 4345 1096 4398 Diod.
1115 4360 1137 4395 c.
1158 4347 1204 4420 {07
1225 4343 1355 4414 leguntur,

107 4433 161 4471 msa.
180 4425 212 4471 et
233 4411 309 4468 olim
327 4411 392 4464 editi
410 4415 513 4466 dem-
529 4415 628 4483 subepit
645 4412 720 4464 exhi·
754 4413 904 4483 expositum
921 4413 1001 4465 fuisse
1020 4428 1128 4466 necesse
1146 4418 1189 4462 sit.
1322 4423 1331 4442 ·
