2926 5174
197 270 244 342 30
665 287 699 349 Q.
727 286 852 338 cunru
877 285 962 335 surr

194 471 291 546 sidiis
317 479 446 543 cuncta
471 469 637 560 firmavit,
664 478 909 568 occupatoque
934 466 1071 556 itinere,
1098 465 1190 537 sicut
1215 466 1326 562 paulo
1352 477 1420 540 ante

195 581 329 654 dictum
356 589 421 670 est,
446 578 544 652 idem
570 588 607 651 et
632 589 757 652 auctor
783 588 820 651 et
844 577 990 650 nuntius
1018 576 1126 648 venit.
1172 574 1278 648 Isson
1305 574 1443 653 deludes

193 717 261 765 rex
296 692 417 789 copias
458 689 637 763 admovit:
675 690 738 762 ubi
775 688 922 762 consilio
955 686 1096 776 habito,
1138 694 1311 759 utrumne
1343 689 1423 761 ultra

193 799 495 900 progrediendum
520 803 629 890 soret,
655 824 703 872 an
728 800 777 873 ibi
802 795 1012 897 opperiendi
1037 806 1158 869 essent
1183 797 1272 869 novi
1298 798 1444 890 milites,

194 937 284 1010 quos
298 937 346 985 ex
358 910 568 984 Macedonia
593 910 789 984 adventare
816 909 1014 998 constabat,
1028 905 1219 980 Parmenio
1240 933 1318 980 non
1331 909 1423 981 alium
1459 936 1461 1009 ξ

193 1024 312 1097 locum
337 1022 473 1121 proelio
505 1021 680 1118 aptiorem
705 1045 784 1093 esse
810 1019 987 1093 censebat.
1037 1013 1178 1116 Quippe
1205 1019 1279 1090 illic
1305 1019 1461 1094 utrius-s¹

172 1158 263 1231 ‘que
289 1133 383 1230 regis
410 1132 530 1229 copias
557 1156 706 1206 numero
732 1133 870 1203 futuras
889 1154 1005 1228 pares,
1026 1152 1108 1199 curn
1134 1128 1326 1225 angustiae
1351 1131 1423 1202 mul·

192 1244 382 1317 titudinem
408 1268 483 1314 non
507 1253 694 1340 caperent:
720 1242 904 1340 planitiem
929 1241 1015 1336 ipsis
1042 1263 1263 1336 camposque
1292 1265 1369 1315 esse
1386 1240 1423 1312 vi·

191 1354 340 1444 andos,
379 1353 443 1425 ubi
477 1353 668 1443 circumiri,
708 1353 770 1425 ubi
805 1351 949 1448 ancipiti
984 1350 1058 1423 acie
1094 1349 1251 1448 opprimi
1278 1360 1422 1450 possent

193 1464 343 1554 Timere,
370 1488 416 1535 ne
442 1489 515 1535 non
541 1463 674 1535 virtute
700 1463 873 1552 hostium,
900 1460 964 1534 sed
988 1460 1199 1535 lassitudine
1227 1487 1297 1534 sua
1322 1462 1423 1535 vince

193 1583 327 1669 rentur.
361 1571 490 1646 Persas
516 1569 679 1646 recentes
705 1572 856 1647 subinde
883 1597 1119 1661 successuros,
1134 1573 1165 1644 si
1190 1572 1314 1645 laxius
1342 1583 1421 1645 stare

193 1670 404 1781 potuissent.
452 1681 569 1758 Facile
600 1684 692 1756 ratio
724 1694 799 1756 tam
834 1684 984 1757 salubris
1019 1683 1155 1755 consilii
1187 1694 1342 1782 accepta
1371 1690 1452 1756 estll

192 1774 320 1890 Itaque
345 1795 440 1866 inter
466 1793 648 1890 angustias
676 1796 787 1867 saltus
812 1794 955 1867 hostem
980 1793 1136 1891 opperiri
1162 1794 1306 1866 statuit.

143 1903 190 1974 18
296 1903 385 1977 Erat
424 1906 461 1977 in
501 1905 662 1978 exercitu
701 1906 794 2003 regis
840 1902 981 1977 Sisenes
1016 1903 1160 1976 Perses:
1203 1902 1386 1999 quondam
1407 1922 1450 1975 an

191 2026 358 2113 praetore
384 2014 544 2114 Aegypti
574 2017 704 2089 missus
737 2015 785 2088 ad
810 2015 1033 2113 Philippum,
1070 2012 1248 2109 donisque
1278 2023 1318 2087 et
1343 2015 1422 2088 omni

191 2126 329 2199 honore
343 2127 470 2216 cultus,
484 2127 630 2198 exilium
642 2128 759 2224 patria
785 2126 870 2200 sede
896 2134 1116 2199 mutaverat:
1143 2132 1293 2196 secutus
1309 2123 1421 2198 deinde

192 2236 229 2307 in
255 2234 380 2308 Asiam
405 2235 663 2327 Alexandrum,
689 2239 786 2318 inter¹
808 2237 932 2312 fideles
960 2238 1073 2310 socios
1100 2235 1317 2308 habebatur.
1344 2234 1461 2337 Huica¹

194 2346 382 2443 epistolam
409 2343 588 2418 Cretensis
614 2348 715 2420 miles
748 2348 973 2445 obsignatam
1001 2347 1126 2435 anule,
1163 2345 1266 2418 cuius
1296 2348 1419 2444 signum
1459 2340 1461 2353 '

193 2454 292 2528 haud
317 2481 402 2529 sane
428 2466 554 2530 notum
580 2466 668 2547 erat,
694 2457 851 2530 tradidit.
896 2457 1124 2531 Nabarzanes
1150 2466 1303 2553 praetor
1328 2456 1420 2529 Darei

193 2566 340 2639 miseret
365 2591 454 2658 eam,
479 2566 763 2663 hortabaturque
790 2566 960 2661 Sisenem,
986 2580 1028 2642 ut
1053 2567 1203 2665 dignum
1215 2567 1360 2664 aliquid
1372 2593 1419 2640 110·

193 2677 332 2750 bilitate
358 2687 467 2773 atque
491 2678 650 2751 moribus
677 2680 750 2752 suis
777 2679 909 2770 ederet,
924 2705 1055 2777 magno
1070 2676 1109 2750 id
1130 2678 1163 2749 ei
1188 2678 1289 2776 apud
1315 2703 1419 2777 regem

191 2788 320 2863 honori
347 2788 434 2861 fore.
486 2786 563 2861 Has
589 2788 727 2862 litteras
754 2787 906 2879 Sisenes,
932 2800 1058 2888 utpote
1084 2789 1271 2881 innoxius,
1293 2789 1339 2862 ad
1350 2789 1418 2862 Ale·
1431 2808 1449 2856 u

192 2897 375 2972 xandrum
402 2925 507 2997 saepe
535 2898 673 2973 deferre
698 2901 905 2999 temptavit3
934 2900 998 2974 sed
1024 2926 1105 2973 cum
1130 2908 1187 2971 tot
1215 2901 1417 2995 curisappa·

192 3019 344 3108 ratuque
371 3011 455 3084 belli
480 3036 603 3108 regem
628 3010 768 3085 videret
793 3012 921 3108 urgeri,
954 3013 1072 3110 aptius
1104 3010 1259 3083 subinde
1291 3021 1415 3105 tempus

193 3111 400 3219 expectans,
428 3122 665 3219 suspicionem
692 3123 771 3195 initi
797 3123 937 3196 scelesti
963 3121 1097 3195 consilii
1114 3122 1293 3218 praebuit
1326 3118 1446 3192 Nam-1⁴

193 3258 262 3328 que
289 3233 449 3328 epistola,
464 3235 684 3328 priusquam
710 3233 744 3304 ei
768 3232 989 3322 redderetur,
1015 3234 1052 3304 in
1078 3257 1206 3304 manus
1234 3227 1415 3305 Alexandri

192 3421 248 3490 ipse
265 3419 373 3472 tandem
390 3419 485 3488 spretis
503 3418 664 3475 Graecorum
681 3421 793 3476 consiliis
827 3423 856 3476 H
871 3424 952 3477 Bern.
968 3423 991 3476 B
1010 3433 1038 3476 nt
1055 3441 1115 3488 non,
1133 3440 1182 3492 pro
1201 3439 1234 3477 eo
1252 3424 1325 3494 quod
1341 3435 1414 3474 vemn

192 3487 221 3540 in
240 3486 358 3541 Ciliciam
376 3487 553 3542 descenderet.
584 3490 695 3570 Explica
711 3490 794 3560 igitur
827 3500 868 3545 est
885 3509 917 3544 ne
926 3510 986 3558 nan,
1004 3492 1121 3561 pertinet
1138 3490 1209 3543 enim
1227 3509 1260 3543 ne
1278 3490 1412 3551 adtinere

193 3557 262 3608 hanc
277 3555 459 3608 Parmenionis
481 3556 536 3609 sive
553 3557 639 3612 Curtii
665 3558 793 3612 rationem
826 3579 878 3614 non
896 3560 1039 3630 opponitur
1054 3559 1203 3629 insequenti
1221 3563 1279 3613 sed.

192 3641 227 3677 ex
245 3632 355 3676 eventu:
378 3624 504 3693 proelium
522 3626 591 3679 enim
608 3642 640 3679 eo
657 3626 713 3696 ipso
736 3627 793 3681 loco
862 3627 927 3698 Cep.
947 3635 988 3694 18,
1015 3631 1038 3697 ξ.
1058 3634 1097 3680 11.
1117 3629 1224 3680 Sisenes
1242 3628 1350 3694 Perses]
1380 3621 1412 3700 sl⁰

192 3692 358 3746 commissum
375 3700 424 3760 cst,
443 3695 514 3764 quod
533 3701 591 3748 tum
608 3711 656 3748 rex
673 3712 793 3766 nonspa-
827 3713 923 3750 nomen
947 3696 1059 3749 hominis
1085 3702 1113 3747 et
1138 3695 1164 3747 h.
1191 3695 1210 3747 l.
1238 3703 1268 3748 et
1291 3703 1376 3766 postes
1392 3707 1411 3768 P

191 3762 269 3814 rabat
287 3761 416 3814 futurum.
827 3764 946 3819 omnibus
963 3766 1038 3819 codd.
1055 3762 1152 3816 nostris
1170 3763 1307 3832 scribitur,
1321 3759 1409 3816 nonSr·

217 3832 248 3910 ᾗ.
260 3835 283 3882 8.
302 3830 381 3882 Isson
399 3831 611 3952 deindepqulgo
628 3833 705 3898 inde;
722 3832 793 3902 quod
826 3835 913 3886 simas.
936 3833 1009 3886 Edit.
1026 3852 1066 3904 pr.
1084 3833 1135 3884 hoc
1152 3830 1261 3912 quidem
1274 3833 1334 3886 loeo
1350 3825 1409 3882 etal-

191 3898 319 3951 edrdimus
343 3898 369 3950 in
394 3897 468 3950 Laid.
521 3917 570 3953 oss.
596 3909 606 3951 1
641 3908 669 3951 et
696 3902 792 3953 nostris
825 3909 884 3955 tero
902 3903 1017 3969 Sisines,
1034 3900 1114 3955 tertio
1133 3901 1251 3953 Sisenes.
1279 3899 1358 3971 Apud
1371 3895 1409 3949 Ar·
1457 3916 1461 3921 ·

190 3984 244 4020 uno
260 3967 331 4027 Flor.
352 3965 374 4019 Ο
398 3975 508 4036 excepto
531 3967 671 4020 invenitur.
706 3968 791 4021 Paulo
825 3969 927 4023 manum
945 3985 999 4036 vn,
1019 3977 1033 4023 6
1051 3974 1166 4030 Σισίνης
1182 3968 1328 4022 invenitur.
1385 4028 1390 4041 ι

190 4045 251 4105 post
267 4037 327 4088 nari
345 4036 438 4087 milites
457 4043 560 4088 mutato
581 4036 723 4088 verborum
748 4055 791 4090 or·
860 4041 931 4105 §.12
949 4039 1137 4103 Nabarzanes]
1157 4037 1345 4090 Nabarzanes
1353 4026 1408 4087 Iud.

193 4104 253 4154 dine
287 4102 435 4183 scripsimus
468 4102 618 4157 auctoribus
653 4105 733 4158 Bern.
764 4107 791 4157 A
825 4106 893 4159 Voss
913 4114 924 4160 1
945 4108 1025 4160 Bern.
1042 4111 1068 4159 A
1085 4105 1154 4158 Flor.
1172 4105 1207 4171 B,
1226 4106 1409 4158 Naratazans
1458 4125 1461 4129 ·

190 4168 262 4223 Flor.
280 4171 303 4224 B
321 4172 398 4224 loss.
418 4178 442 4224 1.
824 4174 946 4228 Bern.B
971 4175 1042 4228 Flor.
1060 4175 1089 4226 H
1114 4173 1190 4227 Voss.
1213 4179 1240 4238 2,
1269 4172 1335 4225 item
1358 4166 1409 4222 iun
1456 4176 1461 4180 “

227 4241 249 4305 §.
269 4246 292 4292 9.
319 4241 432 4307 opprimi
445 4243 563 4308 possent]
591 4239 700 4292 Possint
715 4240 790 4294 Leid.
825 4260 846 4296 c.
865 4250 897 4297 23
924 4244 952 4296 in
977 4244 1028 4296 illis
1051 4241 1123 4295 libris
1140 4239 1262 4294 omnibus
1281 4242 1407 4293 Nabarza·
1452 4242 1458 4258 ·“

188 4306 266 4359 Voss.
286 4314 297 4359 1
317 4307 398 4360 Bern.
423 4317 470 4360 ute
502 4325 536 4360 ue
552 4307 624 4360 Flor.
643 4308 703 4375 CH,
748 4327 790 4363 as·
823 4330 891 4368 nas„
917 4311 970 4365 Sed
987 4311 1015 4363 in
1032 4311 1100 4364 libro
1117 4323 1138 4362 v
1160 4309 1343 4361 Nabarzanes
1363 4318 1407 4357 con·

189 4385 245 4427 sent
259 4377 372 4446 opprimi
389 4326 523 4431 FleanI.
549 4375 615 4430 Mox
632 4376 701 4429 male
717 4328 788 4431 iiior.
824 4387 925 4441 stanter
951 4379 1080 4433 scribitur.
1116 4377 1186 4428 Tum
1208 4387 1288 4446 atque
1311 4373 1407 4430 inatilel
