2926 5174
403 315 451 367 nn
477 314 604 368 anans
630 315 738 365 mcx.
766 314 815 382 ιν,
843 311 886 361 ιο.
1208 296 1281 369 119

34 496 287 593 speculatum,
320 497 419 570 simul
449 508 490 571 ut
520 499 655 596 ignem,
688 523 759 594 quo
786 497 931 582 barbari
957 508 1207 570 cremaverant
1232 501 1284 573 vi·

12 627 98 698 tcos,
136 607 415 705 extinguerent
467 606 609 707 Quippe
634 608 810 706 fugientes
842 609 973 705 raptim
999 607 1103 681 tectis
1130 612 1282 683 acervis·

35 745 92 815 que
116 720 311 792 frumenti
336 721 523 794 iniecerant
548 720 724 808 flammas,
745 744 837 816 quae
862 743 944 792 cum
969 721 1007 793 in
1033 744 1174 792 summo
1201 721 1283 794 hae·

10 832 176 921 scissent,
219 829 276 902 ad
301 831 464 903 inferiora
489 831 650 904 nondum
682 841 970 928 penetraverant.
1023 828 1194 904 Extincto
1221 833 1283 930 igi·

34 952 84 1014 tur
115 943 229 1040 igne,
269 940 458 1037 plurimum
492 940 662 1014 frumenti
688 952 870 1039 repertum
898 951 970 1014 est:
1005 940 1108 1038 copia
1134 943 1284 1016 aliarum

34 1077 168 1149 quoque
206 1076 340 1124 rerum
371 1052 552 1126 abundare
580 1065 785 1150 coeperunt.
838 1051 893 1125 Ea
917 1076 976 1124 res
1003 1052 1083 1149 ipsa
1108 1052 1211 1124 militi
1237 1053 1285 1126 ad

34 1161 335 1260 persequendum
364 1163 504 1238 hostem
536 1165 695 1238 animum
720 1162 898 1238 incendit:
936 1164 1067 1261 quippe
1094 1174 1221 1237 urente
1248 1174 1286 1237 et

36 1275 231 1372 populante
265 1298 311 1345 eo
337 1283 476 1366 terram,
502 1275 744 1349 festinandum
771 1286 867 1365 erat,
892 1301 940 1348 ne
965 1272 1129 1346 incendio
1157 1285 1288 1348 cuncta

10 1402 31 1450 n
41 1386 277 1482 praeciperet.
318 1382 362 1455 In
387 1386 560 1459 rationem
586 1411 672 1484 ergo
699 1387 894 1460 necessitas
920 1411 1027 1460 versa
1053 1395 1127 1474 est3
1156 1385 1288 1483 quippe

43 1493 208 1584 MazaeuS,
243 1494 312 1589 qui
339 1505 442 1568 antea
467 1522 531 1594 per
557 1497 671 1570 otium
696 1499 795 1571 vicos
821 1496 1038 1587 incenderat,
1065 1496 1137 1568 iarn
1162 1496 1287 1593 fugere

10 1619 32 1668 11
45 1617 239 1695 contentus,
257 1606 431 1702 pleraque
456 1608 629 1681 inviolata
654 1607 750 1680 hosti
775 1608 927 1705 reliquit.
966 1605 1176 1681 Alexander
1188 1605 1288 1679 haud

36 1715 163 1816 longius
208 1725 369 1788 centum
402 1717 658 1815 quinquaginta
690 1717 814 1791 stadiis
846 1717 1006 1792 Dareum
1038 1744 1061 1791 a
1092 1742 1131 1790 se
1158 1717 1288 1791 abesse

39 1836 280 1926 compererat.
340 1825 462 1923 Itaque
494 1829 541 1902 ad
577 1829 782 1902 satietatem
818 1854 959 1925 quoque
985 1828 1088 1925 copia
1115 1825 1289 1900 commea·

38 1947 122 2012 tuum
149 1941 384 2028 instructus
410 1939 599 2035 quatriduo
626 1940 665 2010 in
692 1939 820 2013 eodem
845 1940 924 2010 loco
952 1937 1123 2011 substitit.

10 2061 26 2112 u
120 2050 376 2148 Interceptae
407 2051 533 2125 deinde
559 2049 669 2123 Darei
703 2051 844 2123 litterae
871 2060 971 2138 sunt,
1007 2047 1136 2145 quibus
1164 2043 1292 2122 Graeci

35 2164 150 2238 milites
183 2162 500 2251 sollicitabantur,
527 2172 568 2234 ut
592 2186 717 2258 regem
743 2171 807 2232 aut
831 2161 1087 2250 interficerent,
1113 2170 1185 2231 ‘aut
1210 2183 1291 2257 pro·

36 2271 170 2349 dorent:
218 2272 495 2369 dubitavitque,
527 2298 574 2345 an
607 2297 669 2345 eas
701 2297 767 2370 pro
796 2272 962 2344 contione
988 2270 1170 2361 recitaret,
1204 2271 1292 2344 satis

35 2390 184 2461 conlisus
220 2381 451 2458 Graecorum
485 2409 628 2481 quoque
663 2408 749 2481 erga
776 2407 815 2455 se
841 2381 1104 2456 benivolentiae
1130 2405 1172 2453 ac
1198 2381 1292 2454 fidei.

34 2586 88 2625 runc
110 2589 180 2625 cum
208 2568 251 2621 ad
282 2563 397 2634 reliquos
418 2567 498 2621 libros
524 2575 553 2620 et
578 2567 653 2621 Mod.
689 2567 825 2621 editiones.
852 2566 906 2620 Sed
923 2582 974 2636 ego
992 2566 1026 2619 ob
1044 2565 1150 2618 illorum
1167 2565 1294 2619 librorum

35 2639 83 2693 etit.
96 2649 124 2693 et
140 2640 241 2692 Ber-n.
257 2642 375 2702 uterque
392 2636 508 2702 accedat,
523 2634 655 2690 tottesti·
689 2634 879 2707 praestantiam
917 2652 976 2687 cum
1007 2633 1101 2687 Modio
1128 2636 1295 2703 praeciperet

35 2705 71 2760 hus
87 2707 171 2760 nnius
194 2702 269 2758 libri
290 2703 408 2771 quamvis
425 2722 548 2784 magnam
562 2712 655 2758 aucto·
690 2705 821 2758 edendum
838 2703 938 2772 putavi
975 2701 1015 2755 Cf.
1034 2703 1068 2753 ad
1084 2716 1130 2768 ιν,
1151 2710 1174 2754 1.

35 2773 128 2829 ritatem
158 2770 390 2845 posthabendam
411 2771 565 2826 existimavi.
589 2787 655 2840 vm,
726 2779 751 2839 5.
771 2778 810 2824 14.
829 2789 905 2823 versa
923 2772 973 2840 est]
992 2769 1037 2822 Sic
1047 2769 1107 2821 libri
1116 2768 1179 2820 msti
1191 2785 1297 2822 omnes:

38 2847 81 2909 tt
100 2843 224 2897 terrenti
244 2841 335 2904 alias,
353 2841 421 2893 aliar
438 2842 544 2894 timenti.
691 2842 719 2894 in
736 2839 866 2908 vulgatis,
884 2838 965 2890 etiam
982 2838 1052 2908 apud
1069 2836 1198 2901 Modium,
1217 2835 1297 2889 omit-

60 2915 245 2980 specnlatum,
257 2908 472 2978 simulatipnern
483 2911 546 2979 cet]
565 2906 664 2978 Vulgo
691 2911 759 2963 titur
777 2918 823 2959 est.
859 2906 956 2959 Sensus
975 2913 1032 2958 est:
1056 2906 1127 2973 quod
1150 2903 1298 2957 necessario

39 2988 90 3032 ente
112 2981 297 3049 speculatum
322 2973 412 3028 itidem
434 2977 540 3029 additur
565 2980 654 3045 simul,
690 2978 792 3030 factum
809 2982 865 3041 est,
888 2973 916 3026 id
933 2972 1014 3025 etiam
1030 2972 1098 3024 ratio
1116 2971 1298 3040 praescribere

41 3048 79 3098 sed
100 3065 150 3100 noa
175 3043 272 3099 secuti
300 3059 388 3096 sumus
409 3054 551 3115 utrumque
567 3046 653 3112 !Bern.
689 3046 841 3108 videbatur,
860 3039 982 3093 nimirum
1000 3048 1031 3092 ut
1044 3046 1171 3107 urgerent
1186 3039 1298 3091 hostem.

43 3111 106 3166 lior.
126 3113 231 3167 ABOE
269 3129 316 3181 pr.
343 3129 376 3163 m
404 3113 433 3165 H
458 3121 486 3166 et
510 3114 653 3169 collatosa
726 3116 748 3181 ξ.
769 3116 809 3163 15.
845 3111 964 3162 Dareum
982 3125 999 3160 a
1017 3123 1045 3159 se
1071 3109 1171 3172 abesse]
1207 3107 1300 3159 Verba

45 3181 151 3234 aSnak.
170 3181 268 3236 libros.
689 3200 708 3235 a
734 3198 762 3233 se
789 3179 886 3231 absunt
914 3194 931 3229 a
956 3173 1071 3245 vulgatis
1094 3174 1299 3244 exemplaribus,

72 3254 153 3316 513.
171 3251 304 3304 animum
323 3247 445 3317 incendit]
473 3250 544 3304 Flor.
561 3248 654 3305 DFGI
689 3251 737 3304 sed
759 3264 820 3300 mss.
853 3245 982 3298 librorum
1009 3242 1125 3297 omnium
1156 3259 1299 3296 consensus

43 3321 156 3386 accendit,
178 3317 263 3389 quod
284 3322 315 3367 et
333 3314 415 3384 ipsum
433 3317 537 3384 dicitur,
555 3328 586 3372 nt
599 3335 652 3387 vn,
688 3315 811 3389 postulat
828 3322 859 3367 ut
876 3315 1016 3366 addantur.

40 3393 107 3454 tto
135 3389 221 3450 Quae
252 3385 380 3437 nuntiata
406 3389 518 3456 repieta
536 3406 653 3441 accen·
726 3391 750 3453 S.
771 3391 812 3436 16.
847 3392 894 3435 ant
918 3382 1090 3449 interficerent
1113 3382 1169 3447 nat]
1211 3379 1301 3461 Vulgo

39 3457 104 3508 dere
126 3458 282 3518 animum,
309 3465 355 3518 IV,
379 3460 424 3520 10,
452 3461 485 3508 20
511 3458 574 3509 haec
591 3459 653 3526 e'psa
689 3455 781 3522 intent
799 3461 844 3505 aut
856 3454 1000 3520 proderent
1026 3450 1072 3502 sed
1094 3449 1193 3519 duplex
1210 3459 1256 3502 ant
1273 3467 1303 3502 ιιι

38 3524 165 3578 insectatio
192 3520 451 3576 alacritatem
474 3525 584 3577 militum
607 3541 654 3577 ac·
689 3513 767 3576 Laid.
786 3520 863 3573 Voss.
883 3527 907 3572 1.
925 3526 940 3572 2
958 3518 1040 3571 Bern.
1059 3526 1174 3588 utroque
1192 3517 1303 3570 etFlor.

37 3595 124 3662 cendit,
142 3607 220 3658 vn,
243 3590 446 3656 2'tpertinacia
464 3593 653 3660 oppidanornm
692 3590 817 3644 omnibus
835 3586 1113 3659 praeterABlcgitur.
1132 3586 1216 3655 Optio
1234 3585 1304 3637 diffi-

37 3659 109 3714 iram
126 3664 194 3715 eius
218 3657 361 3722 accendit,
379 3657 435 3712 Liv.
454 3673 505 3726 111,
529 3667 559 3713 62
583 3667 655 3714 extr.
693 3659 752 3714 cilis
771 3664 828 3723 est,
857 3655 982 3726 quoniam
998 3663 1140 3725 utrumque
1158 3653 1303 3723 probabile.

33 3733 122 3794 pudere
141 3729 257 3784 deinde
279 3725 379 3778 animas
400 3731 512 3780 cattam
534 3746 655 3782 accen·
691 3727 794 3798 Itaque
824 3724 934 3778 testium
971 3740 1109 3776 numerum
1141 3722 1304 3792 sequendum

38 3798 108 3852 dant.
149 3796 203 3852 cf.
232 3744 654 3864 Drak.ad1iiv.n1,1a‚12.
691 3793 798 3868 putavi.
1160 3859 1165 3869 Ι
1254 3856 1260 3868 ⁸

37 3864 75 3920 Sed
92 3866 256 3920 incendere
277 3867 366 3913 tamen
386 3866 500 3917 animum
522 3865 655 3937 antiquio·
729 3868 835 3920 litterae
860 3893 895 3903 —
921 3862 1089 3914 contione-
1107 3856 1305 3934 benivolentiae]

37 3948 81 3987 ιιιιιι
98 3934 289 4004 scriptorum
297 3944 345 3979 usu
360 3931 441 4000 magis
456 3935 654 4002 comprobatur,
693 3932 740 3987 Ne
759 3929 966 4001 orthographica
983 3929 1035 3981 ista
1051 3941 1157 3996 prorsus
1173 3931 1305 4002 omittam,

37 3999 83 4056 Vide
101 4003 159 4056 lex·
693 4004 791 4056 literae
814 3998 842 4051 in
865 3998 935 4051 Flor.
959 3995 1024 4049 BCI
1050 4001 1104 4060 ast,
1135 4007 1256 4068 cratitione¹
1278 4007 1307 4042 ιιι

60 4071 193 4125 incendio
217 4072 320 4118 cancta
332 4069 505 4136 praeciperet,
523 4084 556 4120 an
569 4087 655 4138 prae·
693 4070 755 4138 Bc,
772 4067 960 4120 beneuolentiae
977 4064 1005 4116 in
1023 4060 1105 4126 nullo,
1123 4066 1156 4111 ut
1172 4056 1307 4126 mtellrgas

38 4137 122 4206 uberet
142 4133 311 4205 legendum
328 4131 360 4184 sit
376 4133 402 4187 in
419 4135 498 4188 dubio
516 4143 563 4189 est.
582 4138 654 4193 lllud
694 4155 768 4207 quae
787 4151 838 4215 ego
856 4133 918 4187 alias
938 4146 1044 4202 qnoque
1066 4127 1181 4181 rationes
1199 4134 1306 4178 secutus

38 4214 67 4258 at
81 4208 112 4261 in
130 4205 220 4260 Flor.
232 4199 291 4252 AB
309 4198 384 4255 Bem.
401 4211 514 4272 utroque
532 4212 560 4257 et
576 4205 654 4262 Leid.
692 4210 813 4277 probavi
830 4205 863 4256 ab
882 4199 987 4272 optimis
1005 4200 1083 4250 Bern.
1102 4196 1128 4247 A
1145 4201 1174 4246 et
1190 4194 1262 4272 tjtor.
1281 4197 1305 4246 A

39 4269 102 4328 Voss.
124 4283 157 4340 1,
187 4285 250 4323 nec
269 4265 381 4320 multum
395 4272 493 4324 abeunt
509 4272 580 4327 Flor.
600 4273 655 4330 CH
693 4282 725 4327 et
755 4279 907 4326 ceterorum
934 4266 1053 4337 pluribus
1083 4263 1220 4332 praeferri.
1253 4259 1308 4340 ⁸Dc

40 4336 171 4412 inquibus
184 4335 363 4407 perciperem
380 4338 427 4392 hoc
439 4339 467 4390 in
476 4339 568 4394 ceteris
577 4343 653 4398 libris
693 4344 820 4398 contione
843 4339 876 4393 cf.
894 4337 990 4401 ad1v,
1016 4340 1061 4399 15,
1080 4339 1129 4398 21,
1148 4330 1182 4382 de
1199 4329 1310 4382 benivol.

40 4404 98 4463 Flor.
123 4407 244 4478 legitur
279 4407 309 4452 et
335 4415 504 4478 propagatum
531 4418 571 4463 est
603 4427 654 4482 per
693 4413 800 4474 adm,
822 4415 863 4474 19,
883 4414 906 4459 7.
