2926 5174
199 316 272 387 462
670 334 703 396 c.
732 334 854 385 eunrn
879 335 964 384 num

195 531 392 592 mementote.
445 517 500 590 Ae
535 530 613 590 tum
644 517 788 614 quidem
819 517 951 590 amieos
987 515 1147 589 dimisit:
1192 527 1356 592 ceterum
1378 546 1420 618 per

196 630 396 726 complures
424 629 498 702 dies
526 631 574 702 ibi
602 630 735 703 stativa
760 627 894 700 habuit.

145 742 193 812 at
297 737 396 812 Haec
423 739 507 812 dum
535 742 570 812 in
597 739 699 812 India
724 749 907 837 geruntur,
942 734 1073 811 Graeci
1100 739 1243 812 milites
1270 766 1374 838 nuper
1390 741 1445 813 inu.

194 850 350 922 colonias
377 876 399 922 a
425 876 509 948 rege
536 851 679 926 deducti
706 852 799 923 cirea
824 848 964 938 Baetra,
993 859 1078 921 orta
1105 851 1208 924 inter
1236 850 1333 948 ipsos
1355 851 1418 924 sedi·

194 962 307 1050 tione,
341 961 560 1057 defecerant,
592 989 665 1034 non
691 972 766 1034 tam
793 958 1000 1032 Alexandro
1025 960 1184 1053 infensi,
1219 987 1327 1059 quam
1348 972 1420 1035 metu

164 1072 365 1168 supplicii.
419 1070 559 1172 Quippe
591 1073 713 1145 occisis
741 1070 953 1168 quibusdam
986 1072 1245 1168 popularium,
1279 1075 1336 1170 qui
1356 1073 1437 1146 vali-t

194 1181 312 1255 diores
348 1195 451 1256 erant
490 1210 590 1257 arma
621 1195 783 1281 spectare
816 1192 1026 1278 coeperunt,
1066 1193 1105 1255 et
1133 1181 1329 1258 Bactriana
1349 1208 1418 1271 arce,
1458 1198 1460 1267 ζ

194 1319 284 1390 quae
312 1319 398 1368 casu
424 1296 659 1393 negligentius
692 1303 877 1366 asservata
903 1303 995 1382 erat,
1012 1349 1016 1357 .
1032 1304 1237 1392 occupata,
1273 1295 1416 1369 barbaros
1458 1286 1460 1311 '

194 1430 335 1502 quoque
362 1406 398 1477 in
425 1406 632 1478 societatem
659 1403 865 1477 defectionis
896 1404 1153 1500 impulerant..
1185 1406 1432 1480 Athenodorust

193 1527 270 1588 erat
295 1517 459 1616 princeps
487 1543 620 1606 eorum,
647 1515 707 1612 qui
733 1511 836 1611 regis
853 1540 993 1610 quoque
1020 1541 1162 1589 nornen
1189 1528 1413 1617 assumpserat,
1442 1540 1448 1549 ’

192 1652 265 1698 non
291 1637 366 1699 tam
392 1630 528 1727 imperii
556 1626 730 1725 cupidine,
758 1651 864 1721 quam
882 1626 917 1696 iti
944 1628 1104 1722 patriam
1132 1629 1338 1703 revertendi
1356 1652 1414 1701 cun

193 1737 265 1826 his,
305 1738 365 1834 qui
397 1741 646 1813 auctoritatem
678 1738 788 1836 ipsius
821 1737 1074 1832 sequebantur.
1132 1739 1231 1814 Huic
1257 1741 1335 1814 Bito
1362 1740 1432 1836 qui-t

195 1847 277 1920 dam
303 1850 456 1922 nationis
484 1848 653 1939 eiusdem,
680 1847 743 1921 sed
770 1847 816 1920 ob
843 1848 1124 1924 aemulationem
1153 1853 1322 1944 infestae,
1345 1874 1413 1924 com·

192 1960 334 2056 paravit
359 1961 521 2050 insidias,
553 1962 813 2056 invitatumque
840 1958 886 2030 ad
913 1960 1037 2055 epulas
1065 1988 1135 2059 per
1163 1963 1309 2038 Boxum
1331 1986 1411 2060 quen·

195 2070 278 2142 dam
297 2069 538 2144 Macarianum
564 2073 601 2144 in
628 2071 792 2144 convivio
818 2069 956 2143 occidit.
1009 2070 1178 2146 Postero·
1199 2073 1259 2147 die
1278 2075 1429 2148 contionet

193 2182 371 2256 advocata
396 2183 478 2256 Bito
505 2186 599 2257 ultro
626 2183 831 2256 insidiatum
858 2180 924 2253 sibi
950 2180 1240 2260 Athenodorum
1268 2187 1412 2285 plerisque

136 2443 142 2451 ¹
229 2449 295 2521 Cap.
309 2457 352 2518 27,
371 2458 391 2519 §.
404 2460 426 2504 1.
462 2455 533 2507 cirea
551 2445 662 2524 Baetra]
698 2452 796 2505 Locce-
831 2457 859 2504 2:
877 2469 938 2505 mox
955 2453 1021 2505 Bico
1038 2451 1118 2526 Leid.
1132 2449 1411 2514 BernAFlonilBlll,

192 2518 229 2571 nii
255 2520 467 2574 emendationem
489 2523 522 2574 ab
549 2522 695 2575 editoribus
712 2521 795 2575 omni-
829 2521 908 2574 Bitto
929 2520 1000 2574 Flor.
1013 2521 1094 2574 EFH
1118 2524 1207 2578 Bern.
1221 2527 1262 2590 B,
1289 2531 1412 2592 servantque

192 2589 241 2640 bus
265 2589 404 2658 probatam
418 2590 526 2670 recepi,
557 2589 681 2661 quoniam
704 2589 795 2643 insana
830 2590 934 2642 easdem
951 2589 1055 2643 litteras
1074 2593 1205 2660 posthac.
1235 2600 1329 2647 Βίκων
1342 2605 1412 2646 nonen

192 2655 321 2709 librorum
348 2675 407 2711 mss.
429 2658 507 2712 lectio
537 2660 705 2712 Goroboctro
731 2657 794 2711 ferri
829 2675 883 2711 non
900 2666 940 2711 est
958 2657 1100 2724 Graecum,
1120 2663 1174 2714 sed
1188 2669 1290 2716 Βίτων
1306 2660 1412 2716 mnodum

192 2725 293 2796 nequit.
329 2726 435 2779 Nomen
458 2727 528 2780 enim
545 2728 611 2780 illud
628 2726 728 2780 nullum
745 2734 793 2794 est,
829 2726 853 2779 fr
887 2743 958 2779 uens.
992 2727 1091 2797 Itaque
1119 2729 1176 2785 hoc
1199 2731 1291 2803 recepi
1313 2740 1340 2784 et
1356 2726 1413 2782 latins

192 2803 220 2847 et
247 2794 379 2848 Diodorus
411 2795 526 2849 colonias
552 2795 611 2848 illas
643 2796 714 2848 κατὰ
741 2795 794 2860 τὴν
847 2795 873 2847 ui
892 2812 933 2847 em
949 2796 1151 2850 terminatione.
1190 2801 1321 2854 Eiusdem
1334 2795 1412 2852 inllor.

192 2864 372 2936 Βακτριανὴν
390 2870 437 2915 καὶ
451 2861 617 2936 Σογδιανὴν
633 2864 713 2916 fuisse
730 2880 793 2916 vere
828 2813 854 2918 d
872 2873 900 2916 et
917 2863 1032 2916 Bana
1049 2864 1167 2934 legitur,
1187 2861 1412 2939 inreliquisetedd

191 2931 282 2997 tradit,
301 2932 356 3002 ipse
374 2941 462 2985 autem
476 2933 584 2986 Curtius
602 2931 629 2985 in
647 2933 699 2985 fine
717 2932 793 2985 huius
827 2939 892 2984 vett.
911 2934 973 2999 eius,
1014 2933 1068 2985 uod
1087 2935 1146 2987 eti
1183 2954 1200 2990 e
1226 2936 1314 3008 priore
1329 2933 1413 2990 edition

191 3001 345 3054 narrationis
364 3003 434 3053 circa
448 3002 549 3054 Bactra
567 3003 630 3054 haec
649 3002 720 3054 faeta
737 3018 793 3054 esse
829 3001 958 3053 dederam.
1022 3018 1075 3054 uno
1093 3001 1122 3054 in
1142 2954 1199 3059 lde
1235 3007 1413 3059 uidemremn·

192 3068 273 3121 addit.
308 3069 469 3139 Intelligitur
486 3077 573 3122 autem
590 3069 716 3139 imprimis
730 3069 793 3121 Ale·
828 3069 914 3138 ginem
937 3067 1000 3121 edit.
1022 3069 1084 3122 Iun.
1104 3078 1135 3124 et
1159 3073 1214 3128 Mo
1236 3074 1321 3128 ‘anam
1340 3077 1413 3128 settim

190 3137 301 3191 nandria
318 3139 351 3190 ad
371 3137 492 3205 Tanaim,
511 3138 571 3206 vide
590 3138 623 3190 ad
642 3153 693 3202 vn,
713 3144 753 3191 28.
828 3155 892 3190 sum.

226 3208 284 3273 §.2
319 3207 474 3276 quibusdam
486 3209 664 3287 popularium,
687 3206 793 3260 Graecis
862 3207 963 3258 Bonam
984 3208 1119 3274 queadam
1144 3208 1350 3291 Mercuriorum}
1376 3205 1413 3261 llo

192 3272 319 3342 intellige,
336 3274 466 3344 significat
483 3292 552 3327 emm
570 3273 728 3328 seditionem
745 3274 793 3326 mi·
828 3290 888 3326 men
905 3275 1006 3326 Bonum
1024 3283 1139 3329 servant
1153 3279 1285 3348 codices,
1306 3279 1352 3334 nia
1365 3271 1414 3348 (1⁰0⁶

191 3340 269 3393 litum
286 3341 375 3408 fuisse,
394 3359 490 3413 eosque
509 3344 553 3414 qui
572 3343 652 3396 caesis
671 3345 793 3396 adversa-
828 3343 930 3396 Voss.2
948 3342 1061 3394 Bessum
1080 3343 1190 3399 habere
1204 3350 1332 3417 traditur,
1347 3341 1414 3401 ettdl

191 3408 236 3460 riis
257 3409 402 3489 superiores
425 3412 584 3476 extiterant,
612 3413 645 3464 ad
669 3413 793 3465 barbaros
828 3410 909 3481 princ.
927 3411 1031 3462 Boxum
1050 3411 1130 3466 dant.
1171 3415 1279 3473 Strabo
1294 3417 1414 3479 hbxvtl

192 3477 359 3567 confugisse·
370 3495 402 3530 ne
419 3480 453 3532 ab
468 3480 620 3533 Alexandro
638 3480 794 3550 punirentur
830 3487 878 3532 779
897 3479 1037 3532 secundum
1054 3478 1261 3539 casaubonum
1277 3485 1352 3559 παρά
1363 3495 1414 3536 carot

191 3552 348 3599 metuentes.
383 3547 484 3600 Eadem
503 3552 526 3617 ᾖ.
545 3567 611 3619 quae
629 3567 692 3601 cosa
711 3551 793 3618 aepli-
828 3547 921 3607 Βόξοιι
942 3546 974 3599 τὸ
996 3552 1081 3618 γένος
1106 3555 1248 3625 Πέρσου,
1276 3557 1321 3609 sed
1339 3547 1415 3607 Poefifl

190 3616 295 3736 {eoppa}
309 3626 452 3736 (pppieroato
478 3628 535 3670 erot
547 3634 584 3739 len
603 3617 713 3737 Apiidalii
732 3635 794 3696 con·
827 3615 897 3736 illius
920 3615 997 3735 (ἰῖιίιςο0
1013 3632 1070 3736 {pp
1096 3616 1242 3743 impleigiae
1270 3615 1415 3745 debtfflz

191 3702 200 3735 ι
262 3703 276 3735 r
370 3702 427 3737 mus
464 3703 493 3738 ro
511 3704 546 3737 vu
577 3703 793 3739 .c01cumser1-
829 3702 911 3736 srum
965 3702 981 3735 n
1058 3702 1130 3739 xum
1201 3710 1227 3744 n
1250 3711 1312 3747 mss.

210 3761 270 3804 tura
287 3769 353 3822 quoe
371 3703 637 3823 quasdoeqttqeiotoo
651 3763 700 3806 cet.
723 3754 793 3806 Nam
828 3759 856 3805 et
873 3750 936 3804 editi
954 3752 1149 3808 Moeerianam
1168 3759 1269 3814 dicunt
1305 3756 1415 3815 datad&

191 3769 240 3874 loc
280 3819 368 3873 uidem
391 3820 454 3873 ferri
476 3822 548 3875 nulla
569 3823 671 3876 ratione
692 3830 792 3902 potest,
827 3822 904 3874 foede
922 3829 1111 3940 aonupnpunt,
1140 3826 1212 3880 dum
1274 3802 1349 3884 'xima
1362 3821 1415 3879 ved·

192 3839 402 3959 quandoquidem
424 3907 454 3942 re
476 3907 539 3944 vera
556 3892 731 3972 negligentius
749 3909 793 3944 cu·
827 3892 854 3942 io
873 3891 983 3942 coavivio
1038 3887 1178 3961 iungunt:
1198 3848 1415 3953 ἙΙΞῗΕῈΗΒω

195 3958 294 4010 stodita
312 3965 379 4024 erat,
398 3975 448 4010 nec
465 3959 547 4013 ullum
564 3961 636 4013 ahud
653 3959 714 4012 novi
732 3977 791 4013 ver·
827 3957 850 4009 B
868 3957 925 4010 Pal.
945 3964 957 4009 1
977 3956 1055 4009 voss.
1072 3965 1089 4011 2
1111 3969 1258 4030 quendam
1279 3970 1309 4022 in
1328 3962 1415 4020 coeat!¹

190 4026 253 4079 bum
270 4025 377 4096 propius
397 4029 531 4080 accedens.
827 4028 876 4091 (in)
894 4026 1015 4089 convivio,
1035 4025 1116 4082 Flor.
1133 4031 1180 4084 DI
1200 4047 1323 4091 cenatica
1336 4021 1415 4089 nlo-⁰

226 4098 250 4160 s.
266 4101 290 4148 3.
326 4097 521 4166 comiteque]
550 4096 659 4150 Codices
682 4103 710 4150 et
732 4097 793 4149 edd.
827 4093 911 4147 minus
931 4092 1071 4162 ingeniose
1096 4104 1260 4159 materiam.
1294 4103 1416 4177 ssgom

190 4177 231 4230 pr.
256 4163 380 4215 mendose
402 4166 516 4230 cunctis,
540 4167 592 4234 qui.
629 4165 712 4217 Aldus
736 4183 793 4218 cor·
828 4163 887 4214 diae
909 4160 1045 4214 civitatem
1064 4169 1238 4243 Μακαρίαν
1260 4173 1305 4229 hio
1325 4179 1415 4244 ¹ng

190 4229 261 4283 rexit
278 4248 335 4283 com
351 4232 384 4282 tis
403 4234 455 4303 qut.
828 4248 907 4300 quam
924 4229 1235 4308 Pausaniasv111‚s,a
1256 4238 1416 4298 nominet

225 4304 247 4364 §.
262 4306 287 4352 4.
325 4300 386 4352 Bito
404 4303 510 4369 quidam
533 4303 649 4355 notionis
667 4302 792 4422 ειίιεᾱιιιΗ
827 4300 860 4351 cf.
870 4298 1032 4368 Stephanum
1048 4317 1070 4352 s.
1080 4319 1110 4354 v.
1122 4311 1286 4383 Μακαρέαι
1303 4299 1416 4367 nummii

191 4363 281 4435 Vulgo
298 4367 390 4434 Bicon,
409 4370 455 4420 sed
472 4370 498 4422 h.
508 4369 525 4421 1.
542 4371 622 4423 Biton
639 4369 763 4422 Floras
827 4367 938 4420 Constat
953 4364 1103 4438 plerusque
1125 4373 1256 4434 Gnaeos
1273 4380 1361 4436 milita
1374 4384 1416 4430 ια’

191 4430 248 4487 Pal.
260 4442 284 4501 1,
302 4435 363 4487 Bito
373 4440 472 4490 Vosal
487 4436 558 4493 Flor.
567 4438 592 4507 I,
609 4440 706 4492 Bitboo
716 4442 791 4492 Voss.
826 4434 941 4488 cenarioe
958 4447 993 4487 ex
1010 4434 1141 4496 Arcadia
1159 4445 1258 4502 fuisse.
