2926 5174
188 305 236 375 70
656 321 691 384 o.
718 321 843 374 ousrn
867 321 953 373 aum

185 504 284 579 sidiis
311 502 359 575 ad
384 523 507 601 regem
532 501 726 593 dimiserat,
747 514 868 578 tamen
894 502 1058 576 barbaris
1084 502 1234 599 spretis,
1260 503 1300 576 in
1326 506 1422 581 aciem

185 641 271 689 suos
315 613 451 688 eduxit.
513 611 652 687 Eadem
683 615 755 687 illic
788 639 930 711 quoque
967 613 1115 686 fortuna
1153 613 1319 710 partium
1355 617 1421 691 fuit

187 726 303 799 tribus
338 724 482 823 proeliis
517 723 587 796 alia
619 733 727 821 atque
760 725 831 798 alia
861 724 1006 822 regione
1038 723 1261 816 commissis,
1304 723 1421 803 Persae

186 836 395 909 funduntur.
453 832 592 911 Eodem
623 844 786 934 tempore
821 835 944 908 classis
969 831 1215 906 Macedonum
1252 860 1302 909 ex
1329 832 1449 919 Graec

186 948 240 1019 cia
267 946 396 1035 accita,
421 942 692 1035 Aristomenen,
725 947 786 1043 qui
818 945 865 1020 ad
890 943 1117 1042 Hellesponti
1154 969 1259 1019 oram
1291 971 1419 1046 recupe

184 1055 336 1136 randam
362 1081 385 1128 a
409 1053 529 1129 Dareo
556 1067 634 1130 erat
659 1057 805 1147 missua,
841 1055 955 1153 captis
983 1056 1059 1128 eius
1086 1065 1153 1128 aut
1179 1058 1312 1130 mersis
1338 1061 1418 1133 navi

184 1168 253 1242 bus
292 1177 449 1265 superat.
513 1165 549 1240 A
580 1166 726 1242 Milesiis
763 1167 892 1241 deinde
926 1164 1188 1239 Pharnabazus
1229 1169 1446 1265 praefectust

182 1277 349 1354 Persicae
388 1279 510 1351 classis
550 1278 702 1377 pecunia
741 1289 886 1368 exacta,
931 1286 968 1350 et
1006 1276 1189 1373 praesidio
1229 1278 1269 1350 in
1310 1280 1418 1355 urbem

186 1388 315 1464 Chium
341 1388 558 1479 introducta,
586 1399 731 1462 centum
756 1390 910 1463 navibus
935 1386 1119 1478 Andrum,
1155 1397 1194 1462 et
1219 1388 1308 1463 inde
1334 1385 1416 1488 Siph-

182 1525 271 1572 num
297 1500 409 1597 petiit.
448 1495 525 1572 Has
553 1525 695 1597 quoque
720 1500 854 1574 insulas
881 1497 1065 1600 praesidiis
1094 1509 1264 1597 occupat,
1283 1501 1416 1599 pecunia

182 1611 323 1683 multat.

286 1717 498 1818 Magnitudo
542 1720 642 1811 belli,
695 1720 791 1818 quod
836 1721 882 1794 ab
931 1719 1216 1818 opulentissimis
1265 1719 1453 1820 Europaea¹

182 1830 362 1928 Asiaeque
388 1831 532 1930 regibus
557 1830 596 1902 in
622 1856 723 1929 spem
748 1833 858 1906 totius
886 1831 982 1905 orbis
1008 1831 1214 1929 occupandi
1228 1832 1413 1929 gerebatur,

181 1940 354 2016 Graeciae
381 1968 523 2039 quoque
550 1952 587 2015 et
614 1937 742 2014 Cretae
774 1967 874 2015 arma
905 1951 1162 2014 commoverat
1222 1943 1331 2040 Agis,
1357 1941 1442 2015 Lat

180 2053 494 2126 cedaemoniorum
519 2078 601 2142 rex,
634 2061 716 2124 octo
742 2053 884 2126 milibus
912 2048 1153 2142 Graecorum,
1187 2053 1252 2149 qui
1279 2079 1327 2127 ex
1350 2051 1410 2127 Cili·

180 2164 236 2235 cia
261 2164 403 2261 profugi
430 2162 556 2236 domos
582 2163 810 2260 repetierant,
837 2163 1040 2252 contractis
1067 2161 1208 2235 bellum
1235 2164 1409 2264 Antipatro

179 2271 411 2347 Macedoniae
443 2264 625 2373 praefecto
658 2273 880 2346 moliebatur.
935 2270 1127 2346 Cretenses
1164 2274 1234 2348 has
1263 2287 1327 2349 aut
1350 2277 1439 2348 illas

180 2394 302 2482 partes
328 2386 449 2475 secuti,
475 2411 572 2458 nunc
599 2382 874 2481 Spartanorum,
902 2409 997 2457 nunc
1022 2381 1273 2460 Macedonum
1298 2385 1408 2486 pracsi-

181 2495 247 2568 diis
275 2496 554 2593 occupabantur.
596 2491 669 2568 Sed
693 2493 831 2568 leviora
856 2496 950 2567 inter
974 2494 1053 2567 illos
1080 2494 1187 2569 fuere
1214 2497 1407 2585 discrimina,

179 2632 291 2678 unum
318 2617 509 2696 certamen,
536 2632 582 2679 ex
609 2630 681 2702 quo
707 2616 827 2679 cetera
853 2604 1068 2705 pendebant,
1082 2604 1255 2682 intuente
1276 2608 1406 2680 fortuna

281 2715 358 2789 lam
384 2727 462 2789 tota
489 2713 610 2815 Syria,
637 2717 708 2789 iam
734 2715 913 2789 Phoenice
940 2740 1097 2812 quoque,
1136 2731 1295 2818 excepta
1319 2717 1436 2817 Tyrqn

177 2825 416 2900 Macedonum
447 2838 540 2918 erat,
572 2826 800 2923 habebatque
835 2852 902 2899 rex
937 2836 1055 2899 eastra
1088 2825 1128 2898 in
1162 2828 1368 2918 continenti,
1387 2827 1406 2896 ¹a

214 3044 279 3114 Cap.
295 3050 320 3110 6,
339 3047 362 3112 ξ.
379 3051 420 3099 tt.
440 3046 633 3112 Aristomenen]
653 3040 782 3096 Graecam
819 3049 848 3097 et
864 3042 941 3096 Voss.
962 3049 974 3094 1
994 3044 1049 3109 tis,
1071 3041 1156 3096 Bern.
1185 3045 1211 3099 B
1235 3049 1289 3114 iric,
1306 3037 1404 3120 Plani}

177 3112 405 3180 terminationem,
436 3131 516 3184 quam
543 3114 623 3167 Snak.
651 3110 781 3181 expressit
818 3113 881 3176 tas,
908 3111 995 3165 nullus
1025 3128 1069 3164 ecs
1114 3113 1170 3167 uod
1198 3114 1317 3169 Freinsh
1339 3110 1405 3165 dedit

178 3199 252 3235 more
270 3199 329 3247 suo,
352 3182 433 3234 Bern.
457 3181 484 3234 A
506 3189 535 3233 et
551 3181 623 3236 Flor.
642 3178 720 3233 ABG
737 3187 780 3233 tu·
819 3178 950 3248 Equidem
967 3197 1027 3233 cum
1043 3129 1138 3233 Modo
1157 3184 1210 3236 has
1228 3181 1341 3254 probavi.

178 3258 271 3315 entur3
291 3248 374 3301 ceteri
391 3248 462 3318 vulg.
483 3251 681 3302 Aristomenem.
855 3251 877 3315 ξ.
896 3254 937 3302 40.
973 3265 1042 3301 nanc
1074 3248 1285 3319 Spartanorum]
1327 3247 1406 3303 Mirm

214 3327 261 3370 out
284 3318 378 3369 mercia
401 3319 522 3383 nucibus]
565 3317 649 3370 codd.
673 3316 780 3382 eversis,
839 3333 901 3368 uam
923 3315 979 3368 slte
1007 3315 1123 3368 haeserit
1152 3318 1269 3441 vulssre
1290 3317 1406 3372 mendum:

179 3383 244 3437 item
261 3383 362 3454 primae
379 3382 516 3450 editiones,
535 3384 619 3437 donec
636 3381 727 3435 Iunius
737 3386 780 3436 de·
846 3402 895 3437 oss.
914 3392 926 3436 1
947 3384 1026 3436 Bern.
1036 3383 1085 3436 AB
1101 3383 1177 3439 Flor.
1243 3387 1319 3442 CEH
1329 3384 1406 3456 paria·

179 3453 272 3504 mersis
300 3451 389 3517 dedit,
421 3453 492 3521 quod
518 3451 625 3505 Medius
657 3450 779 3504 servavit.
818 3470 926 3519 noram,
944 3451 1018 3505 Leid.
1037 3452 1230 3509 arrianorum.

179 3518 372 3571 Freinshemius
389 3527 462 3572 recte
483 3522 592 3587 mersis,
616 3519 686 3590 quod
708 3519 779 3572 codi-
854 3520 919 3591 Cap.
931 3528 954 3588 7,
968 3524 991 3588 5.
1003 3528 1026 3573 1.
1044 3520 1226 3576 Macedonum
1242 3521 1407 3596 ernustum

179 3604 239 3640 cum
262 3586 409 3640 scriturae
449 3587 578 3641 roximum
601 3597 660 3653 est,
689 3603 779 3657 quam-
817 3587 900 3642 larem
917 3605 1055 3642 numerum
1077 3595 1107 3640 et
1130 3589 1278 3647 disiunctio
1294 3591 1407 3646 nominum

179 3673 258 3725 quam
290 3671 307 3708 a
355 3606 457 3709 dicendi
488 3656 618 3710 rationem
651 3673 779 3737 usumque
819 3658 986 3710 commendat
1004 3664 1032 3709 et
1048 3657 1170 3726 postulat
1188 3659 1312 3714 codicum
1326 3666 1408 3714 umbo·

179 3723 315 3794 scriptoris
325 3723 409 3777 nostri
418 3724 779 3796 etiamdemersisprobabrle.
817 3743 877 3778 rum
903 3742 1051 3782 consensus.
1081 3742 1097 3776 a
1125 3743 1181 3795 quo
1209 3746 1267 3782 non
1294 3723 1408 3783 abaris

215 3796 237 3860 5.
256 3800 298 3847 37.
323 3795 352 3845 in
374 3795 463 3846 arbem
490 3794 595 3876 Chiam]
632 3793 700 3846 Vide
717 3794 742 3847 h.
761 3794 778 3846 l.
818 3792 1060 3864 snakenburgianis
1076 3791 1128 3846 nisi
1146 3798 1226 3850 Voss.
1242 3805 1269 3852 2.
1296 3795 1367 3851 Editi
1380 3800 1407 3846 tc·

180 3860 356 3931 corruptionis
374 3863 471 3932 gradus
488 3861 517 3915 in
534 3862 606 3917 libns
621 3865 779 3982 mssllnte-
817 3878 879 3914 men
895 3869 1003 3932 praeter
1019 3861 1092 3915 Mod.
1111 3873 1200 3916 erant.

213 3931 278 3984 'ores
296 3929 369 3983 Leid.
388 3931 464 3984 Voss.
485 3941 508 3997 1,
526 3931 606 3985 Bern.
625 3936 649 3984 A
668 3931 740 3984 For.
753 3934 780 3984 A
853 3932 1074 3984 incontinentia
1092 3946 1144 3998 quo
1163 3937 1232 4002 cet]
1271 3935 1316 3989 De
1332 3943 1408 4006 gonew

197 4000 259 4066 ium,
278 3999 473 4067 Proassnnmi,
492 3999 554 4052 inde
1073 4062 1075 4067 1
1149 3998 1155 4011 ’

179 4069 374 4135 ctorestumili,
384 4019 779 4137 quodestinFlorDEFGHI,
818 4084 872 4120 non
889 4084 946 4121 esse
964 4073 1048 4137 capt
1063 4068 1238 4125 accusativus
1257 4076 1408 4126 cananeum

179 4134 322 4202 sapientius
351 4136 431 4189 etiam
460 4137 542 4190 Bern.
564 4138 587 4190 B
619 4138 712 4216 cuipam
741 4139 780 4189 aet
819 4136 995 4205 demonstrat)
1021 4136 1053 4187 cf.
1076 4133 1241 4193 Schneideri
1267 4141 1316 4196 Gr.
1338 4141 1408 4215 latp

178 4203 278 4255 sumiti.
314 4205 414 4258 Verum
438 4222 534 4258 nomen
555 4205 607 4258 iam
625 4206 689 4258 oda.
708 4204 779 4274 prin·
819 4210 876 4257 124,
900 4204 1024 4257 Heinsius
1042 4221 1058 4256 a
1077 4221 1129 4271 qua
1147 4204 1300 4276 legendum
1318 4207 1408 4266 censat
1438 4232 1441 4237 ·

179 4286 241 4338 ceps
259 4271 340 4325 habet
357 4280 385 4326 et
399 4273 469 4326 Flor.
481 4273 502 4328 C
513 4281 606 4327 etmar
626 4273 713 4327 ‚Fica
723 4273 778 4326 EF.
818 4274 865 4325 sed
881 4272 955 4325 nulle
971 4273 997 4325 h.
1016 4272 1032 4325 l.
1051 4271 1165 4326 varietas
1182 4284 1229 4330 est
1239 4279 1408 4333 codicumma

213 4340 261 4392 lma
280 4345 388 4409 qaoque]
406 4341 531 4412 Plerique
549 4293 625 4396 coddg.
643 4347 671 4394 et
685 4340 779 4393 editio·
817 4339 855 4393 Et
873 4343 944 4411 apud
965 4341 1073 4395 Florum
1089 4355 1121 4406 11,
1142 4347 1168 4409 2,
1190 4351 1207 4397 2
1229 4347 1351 4404 meliores
1365 4334 1408 4397 libi

178 4421 225 4458 nes
243 4408 367 4478 antiquae
390 4411 430 4477 is,
453 4410 572 4463 nonnulli
594 4411 666 4464 Flor.
689 4407 779 4462 DEPI
818 4412 855 4462 ad
872 4413 1041 4464 continentem
1057 4427 1135 4463 saum
1153 4417 1283 4471 tuentur.

590 3998 683 4054 resecti
693 4016 780 4052 corre-
818 3999 963 4052 masculino
993 3998 1068 4051 huius
1095 4015 1171 4052 soors
1204 4006 1283 4069 (nam
1310 3999 1408 4058 nennius
