2926 5174
477 303 525 352 na
552 301 679 353 osseis
706 301 817 351 anax,
849 303 899 372 1v,
928 300 970 352 15.
1104 349 1106 353 ,
1297 287 1345 357 83

91 483 364 582 adarthaginem
388 486 507 583 magis,
534 511 640 582 quam
666 484 806 584 Tyrum
831 499 1058 560 ornaverant.
1092 483 1241 560 Sacrum
1261 514 1345 585 quo·

107 622 173 694 que,
204 595 314 692 quod
340 595 499 692 equidem
524 595 589 669 diis
614 596 762 669 minime
788 595 887 669 cordi
911 621 989 671 esse
1009 596 1230 688 crediderim,
1257 600 1345 671 mul·

104 709 141 780 tis
173 707 337 779 secordis
368 707 603 779 intermissum
634 705 823 804 repetendi
855 718 1019 781 auctores
1055 708 1201 805 quidam
1232 719 1345 798 erant,

104 829 137 891 ut
165 818 357 914 ingenuus
390 842 478 915 puer
504 815 658 890 Saturno
693 817 956 912 immolaretur:
989 817 1087 915 quod
1121 820 1345 916 sacrilegium

103 930 213 1004 verius
245 951 362 1024 quarn
388 953 525 1002 sacrum
550 927 880 1025 Carthaginienses,
912 956 935 1002 a
965 929 1210 1004 conditoribus
1237 929 1345 1003 tradi·

102 1049 182 1130 taam,
220 1063 346 1134 usque
377 1037 424 1109 ad
448 1039 623 1112 excidium
653 1039 754 1112 urbis
781 1065 866 1113 suae
897 1042 1023 1114 secisse
1054 1040 1231 1114 dicuntur.
1289 1040 1345 1112 Ac

103 1151 159 1225 nisi
189 1149 363 1223 seniores
398 1150 632 1240 obstitissent,
666 1175 817 1245 quorum
854 1152 1001 1224 consilio
1036 1162 1165 1225 cuncta
1191 1152 1344 1249 ageban-

104 1271 165 1352 tur,
187 1248 461 1334 humanitatem
486 1261 561 1334 dira
587 1261 795 1359 superstitio
821 1262 976 1335 vicisset.

91 1391 100 1440 a
208 1369 383 1445 Ceterum
415 1373 583 1446 efficacior
619 1372 718 1446 omni
748 1381 826 1444 arte
864 1372 1059 1448 necessitas
1099 1399 1172 1447 non
1211 1373 1393 1446 usitata16

111 1481 206 1556 modo
228 1480 428 1580 praesidia,
453 1483 515 1556 sed
539 1482 717 1580 quaedam
743 1482 850 1555 etiarn
876 1510 973 1558 nova
998 1484 1192 1557 admonuit.
1237 1474 1343 1557 Nam·

111 1619 164 1691 quc
194 1591 246 1666 ad
278 1592 498 1689 implicanda
522 1595 680 1701 pavigia,
714 1619 805 1690 qnae
836 1621 958 1669 muros
994 1597 1182 1686 subibant,
1215 1595 1343 1669 validis

107 1705 275 1780 asseribus
316 1703 465 1802 [corvos
496 1715 531 1778 et
559 1706 695 1778 ferreas
726 1704 869 1803 manus]
902 1707 1142 1804 illigaverant,
1170 1717 1228 1796 ut,
1262 1732 1343 1778 cum

106 1825 275 1889 tormento
305 1838 451 1887 asseres
474 1816 753 1912 promovissent,
789 1817 908 1888 subito
941 1816 1071 1889 laxatis
1097 1817 1241 1889 funibus
1268 1818 1343 1888 inii·

128 2004 206 2066 ΗΡ».
258 2000 319 2052 uod
340 1999 461 2066 equidem
486 1998 618 2078 aptissime
644 1997 706 2051 libri
740 1999 946 2051 commendandi.
975 1998 1123 2052 Schefferus
1142 1998 1298 2053 contradicit
1315 2008 1344 2053 et

106 2084 160 2137 ω,
195 2088 216 2121 u
276 2084 354 2120 nunc
372 2064 555 2134 ango-edam·
568 2070 639 2137 quod
647 2068 705 2135 qai·
740 2065 885 2135 genitivum
911 2067 1045 2137 postulat,
1072 2067 1211 2137 pueriliter
1236 2068 1343 2137 regulae

107 2139 145 2190 dem
168 2087 203 2191 il>
223 2137 305 2190 Aldo
331 2143 390 2200 est,
419 2150 448 2186 ac
473 2134 561 2190 dubito
587 2154 652 2187 num
677 2134 706 2186 in
740 2134 842 2204 vulgari
860 2137 1019 2202 adhaerens,
1042 2153 1103 2188 nam
1120 2152 1249 2189 novorum
1267 2154 1344 2206 prae·

106 2204 144 2260 aa
157 2206 229 2260 libro
249 2223 303 2258 ms.
324 2203 464 2256 inventum
480 2203 528 2267 sit,
547 2221 706 2275 quamquam
739 2201 865 2256 sidiorum
873 2222 928 2257 non
937 2205 1105 2257 admonemus
1112 2204 1236 2274 aliquem,
1261 2205 1343 2275 uippe

107 2271 166 2328 sna.
183 2277 221 2328 de
241 2271 392 2328 Vossianis
414 2269 479 2324 silet.
513 2271 596 2325 Recte
614 2281 705 2325 autem
741 2288 808 2350 quae
825 2290 880 2325 non
896 2273 949 2326 iam
966 2289 1036 2327 nova
1053 2282 1155 2340 essent,
1180 2273 1239 2326 sia
1286 2274 1343 2328 oni-

106 2341 168 2397 lldos
184 2341 315 2398 correxit
335 2340 409 2410 quod
426 2337 453 2391 in
469 2340 526 2394 edd.
540 2341 630 2412 primis
645 2348 705 2393 erat
738 2347 811 2393 tione
828 2350 1024 2395 revocarentur.
1042 2342 1194 2412 Zeugmatis
1209 2343 1343 2422 quoddam

106 2412 274 2466 etinvenitur
292 2409 325 2463 in
342 2406 433 2461 multis
450 2407 532 2479 iisque
549 2410 624 2464 bonis
642 2427 703 2462 mss.
737 2426 821 2478 genus
847 2418 903 2478 est,
932 2428 992 2464 cum
1018 2412 1128 2464 verbum
1154 2410 1282 2480 imprimis
1308 2412 1343 2466 ad

106 2491 239 2549 repetentes.
279 2480 369 2532 Bern.
393 2478 420 2528 A
443 2494 513 2548 apr.
532 2496 612 2531 manu
630 2495 704 2546 repe-
737 2486 828 2531 vetera
845 2486 873 2531 et
891 2479 954 2532 olim
971 2482 1070 2533 usitata
1087 2481 1229 2548 praesidia
1247 2481 1344 2532 resera-

105 2556 145 2603 tme
159 2551 257 2614 habet,
277 2548 315 2600 ab
334 2545 422 2597 altera
438 2556 570 2615 repetente.
735 2553 789 2599 tur.
828 2546 913 2600 Simili
937 2549 983 2600 sed
1005 2547 1110 2600 inversa
1134 2547 1239 2602 ratione
1263 2567 1284 2602 c.
1311 2556 1342 2601 17

126 2637 200 2688 usqae
220 2620 265 2671 ad
283 2615 421 2668 excidium
437 2616 509 2667 urbia
527 2619 600 2684 snae]
624 2615 703 2669 Unus
738 2621 807 2668 extr.
820 2626 1012 2686 praeceperant
1029 2617 1144 2687 ponitur.

104 2682 277 2740 Tertullianus
297 2683 328 2736 in
346 2681 512 2752 apologetico
529 2703 550 2737 c.
568 2690 585 2739 9
603 2683 703 2736 diutius
772 2702 860 2737 corvos
883 2704 915 2738 oc
929 2688 1040 2755 ferreos
1067 2704 1161 2738 mamus
1185 2705 1242 2739 cam
1266 2688 1342 2740 cacis

102 2754 214 2808 memet·
224 2753 322 2826 palam
340 2768 423 2819 usqae
440 2754 478 2804 ad
489 2755 703 2820 proconsulatum
737 2769 769 2804 ac
783 2753 910 2820 falcibus]
946 2754 1037 2806 Verba
1053 2754 1118 2807 haec
1136 2771 1152 2806 a
1169 2755 1245 2807 codd.
1261 2754 1341 2807 Bern.

103 2822 189 2877 Tiberii
206 2822 307 2876 fecisse
326 2818 426 2886 tradit,
453 2820 576 2892 additque
593 2820 637 2874 vel
655 2837 703 2872 suo
737 2810 855 2874 ethlor.
875 2821 994 2875 omnibus
1013 2824 1125 2889 absunt,
1150 2840 1199 2875 nce
1216 2821 1343 2891 leguntur

101 2896 210 2962 tcapore
229 2891 301 2944 elam
321 2888 419 2953 facere,
437 2889 616 2959 nescioquam
632 2905 703 2941 vere.
737 2889 788 2942 nisi
810 2888 838 2942 in
861 2908 944 2958 marg.
967 2891 1025 2943 cod.
1049 2890 1073 2942 E
1092 2891 1125 2942 ab
1144 2891 1235 2942 cadem
1252 2898 1343 2943 tamen

102 2959 219 3013 Cetenrm
242 2957 339 3012 Schol.
364 2955 469 3008 Platon.
496 2956 540 3010 lib.
563 2959 629 3010 Ide
646 2974 703 3026 rep.
737 2975 825 3011 manu.
851 2957 958 3010 Desunt
975 2957 1056 3009 etiam
1073 2958 1101 3009 in
1118 2957 1168 3010 illis
1185 2976 1250 3026 quos
1260 2958 1340 3011 Snalr.

102 3043 124 3096 p.
136 3033 184 3081 145
201 3027 312 3080 Ruhnk.
332 3023 418 3077 simile
454 3024 498 3076 uid
515 3027 547 3078 de
561 3026 704 3095 Tyriorum
738 3025 860 3092 contulit,
880 3043 1038 3094 quamquam
1056 3025 1341 3078 mirorVoss.1mcn-

105 3111 174 3147 sacro
190 3094 324 3147 nefarios
343 3092 445 3146 Clitarc
464 3110 480 3145 o
499 3094 703 3147 traditumscri-
737 3094 837 3147 tionem
859 3094 954 3147 factam
978 3110 1034 3145 esse
1062 3093 1169 3145 nullam.
1211 3093 1290 3156 Quod
1313 3093 1341 3145 in

105 3161 157 3227 bit,
174 3163 245 3214 unde
261 3163 361 3215 lentem
380 3161 467 3214 Curtii
484 3180 615 3232 agnoscas.
738 3165 795 3216 cod.
822 3161 897 3215 Petri
923 3159 1042 3214 Danielis
1072 3169 1101 3213 et
1126 3160 1184 3214 Pal.
1211 3168 1225 3214 2
1259 3163 1342 3214 verba

137 3230 200 3300 Cap.
220 3237 261 3297 16,
279 3234 303 3296 s.
323 3237 369 3283 24.
407 3231 540 3349 epicccior
557 3233 627 3284 amai
646 3241 703 3283 orte
737 3231 826 3301 priora
843 3238 948 3282 tanturn
965 3248 1054 3282 corace
1072 3248 1104 3282 cc
1117 3231 1228 3298 ferreos
1246 3248 1341 3284 mareas

99 3302 246 3367 necessetas]
267 3297 421 3351 AddiditA
433 3300 481 3350 dus
496 3301 703 3353 imminensante
737 3299 880 3352 desiderari
898 3300 1051 3364 traduntur,
1070 3297 1163 3350 falsum
1182 3315 1238 3351 esse
1256 3307 1338 3368 puto;

95 3371 241 3435 necessarus,
262 3368 314 3420 sed
333 3367 412 3418 abest
428 3367 537 3420 verbum
554 3376 582 3421 et
598 3370 632 3422 ab
648 3367 703 3420 edi·
737 3370 770 3421 de
788 3367 892 3420 Daniel.
911 3375 983 3420 certe
1000 3367 1078 3432 libro,
1097 3366 1142 3436 qui
1155 3367 1235 3420 Bern.
1247 3371 1272 3420 A
1290 3376 1340 3434 est,

93 3437 202 3491 tionibus
233 3433 408 3507 principibus
436 3441 464 3486 et
489 3453 505 3486 a
526 3438 600 3490 codd.
627 3437 701 3489 Leid.
737 3436 853 3490 dubitari
870 3435 971 3505 nequit.
1007 3436 1113 3489 Medius
1136 3436 1191 3489 sola
1208 3445 1341 3506 postrema

91 3506 160 3559 Voss.
180 3514 212 3572 1,
239 3512 256 3558 2
277 3512 401 3571 utroque
419 3503 497 3556 Bern.
516 3515 543 3557 et
557 3505 632 3558 Flor.
651 3505 700 3557 AB
735 3506 818 3558 verba
835 3523 892 3558 cam
910 3507 985 3562 atacis
1004 3523 1036 3558 ac
1044 3506 1167 3575 falcibus
1189 3505 1278 3575 spuria
1294 3507 1341 3558 ha-

91 3573 166 3628 cEH.
199 3578 235 3626 In
255 3572 359 3625 eadem
377 3570 485 3638 periodo
501 3589 549 3642 pro
567 3575 702 3626 odaaoaait
737 3573 796 3626 buit
821 3586 899 3643 atque
925 3573 1028 3628 omisit:
1056 3581 1148 3636 recte,
1182 3591 1243 3626 nam
1269 3576 1341 3645 quod

91 3641 180 3713 legitur
198 3642 320 3712 quidem
339 3638 369 3690 in
386 3639 481 3691 nostris
498 3642 615 3696 omnibus
634 3641 703 3694 aliis·
737 3641 856 3712 sequitur
880 3659 979 3710 quoque
1007 3642 1070 3695 satis
1099 3641 1198 3695 indicat
1225 3644 1342 3695 nondum

91 3728 134 3782 que
149 3711 246 3764 multis
268 3706 412 3761 codicibus
429 3710 548 3776 admovit,
567 3710 704 3763 necalitcr
737 3712 770 3763 de
788 3710 838 3763 illis
857 3710 956 3763 dictum
974 3728 1038 3764 esse.
1060 3712 1242 3780 Agnoscamus
1260 3711 1342 3780 igitur

91 3778 300 3837 heditionibus
326 3773 386 3827 anti
403 3775 443 3827 uis
465 3785 518 3844 est,
542 3787 573 3831 ut
596 3787 704 3849 praeter
737 3778 856 3832 lacunam
879 3778 921 3832 hic
943 3778 970 3832 in
994 3779 1172 3832 vetustissimo
1199 3779 1342 3848 exemplari

91 3847 223 3903 hodiernos
251 3842 369 3898 codices
386 3792 567 3898 delaniensem
583 3856 612 3900 et
625 3847 702 3917 Sige-
736 3847 830 3913 fuisse,
853 3865 920 3916 quae
944 3866 960 3899 a
977 3849 1111 3902 veteribus
1129 3846 1341 3899 emendatoribus

91 3932 240 3988 aergensem
256 3920 356 3968 certos
370 3920 487 3966 auctores
502 3915 620 3969 lectionis
630 3932 701 3968 nunc
735 3933 768 3969 ex
787 3916 907 3986 sequenti
925 3917 1044 3970 oratione
1062 3915 1168 3985 expleta
1186 3913 1228 3965 sit.
1256 3912 1341 3967 Simili

91 4003 113 4039 aa
156 3995 204 4040 tae
229 4001 293 4037 non
313 3981 467 4033 habeamus.
499 3983 550 4036 Est
570 3984 651 4037 etiam
669 3992 701 4034 ut
735 3994 808 4039 certe
826 3984 1008 4055 supplemento
1031 4002 1096 4054 opus
1121 3991 1169 4036 est.
1214 3981 1341 4034 Ceterum

91 4071 110 4106 u
144 4055 254 4108 ubitem
275 4052 315 4102 de
334 4048 390 4100 fide
407 4049 496 4103 Modii.
525 4052 578 4106 Sed
596 4051 701 4105 etiamsi
735 4055 806 4118 quod
824 4055 858 4105 ad
875 4070 931 4106 rem
949 4053 1032 4123 ipsam
1041 4050 1166 4121 pertinet,
1185 4051 1267 4102 verba
1276 4050 1342 4103 haec

91 4122 123 4176 lla
138 4122 229 4177 Modii
252 4115 417 4172 emendatio
434 4117 522 4187 fucrit,
545 4121 627 4174 nihilo
651 4119 701 4171 mi·
734 4133 775 4185 at,
798 4141 855 4175 mem
878 4131 1001 4174 tormento
1019 4137 1122 4173 asseres
1140 4121 1340 4186 promovissent,

91 4208 127 4245 aaa
143 4209 240 4245 veram
260 4191 428 4255 esseputo:
446 4190 612 4256 nequeenim
630 4187 700 4241 dati·
735 4192 819 4244 subito
838 4192 937 4243 toxotis
946 4192 1061 4258 sanitas
1080 4188 1217 4238 iaiicereat
1235 4194 1339 4240 mutata

91 4277 126 4312 ms
141 4260 170 4313 in
188 4263 334 4330 promptu
348 4260 401 4318 est,
420 4253 458 4305 cui
473 4258 601 4324 praesidia
610 4262 700 4311 admo·
734 4259 865 4313 rhetorice
898 4254 1100 4311 constructionis
1136 4253 1220 4304 forma
1254 4254 1342 4323 posita

91 4345 136 4380 aare
144 4326 301 4382 necessitas
312 4320 431 4385 dicatur,
447 4338 501 4375 curn
511 4330 700 4379 contraodmo-
735 4336 797 4381 sunt
819 4346 867 4398 pro
891 4336 933 4393 ut,
962 4327 1059 4379 lacertis
1078 4322 1208 4392 fiinibus,
1237 4340 1340 4376 asseres

91 4412 140 4448 aere
160 4396 243 4450 facile
269 4388 448 4457 intelligatur
469 4409 541 4447 sensu
565 4393 700 4463 suadendi,
736 4407 859 4451 tormento
876 4405 1011 4463 promotos
1029 4393 1167 4445 iniecerant
1192 4389 1337 4461 (navibus).

1065 4479 1100 4529 6*
