2926 5174
107 284 178 356 172
582 305 616 368 o.
644 303 769 355 cunru
792 304 879 355 aum

106 491 241 580 sanant,
268 487 316 561 ad
342 490 506 562 ultimum
532 488 662 587 (honos
689 488 836 562 auribus
862 488 1007 562 habitus
1033 486 1096 588 sit)
1128 489 1202 562 ima
1226 515 1335 589 corpo-

105 627 186 673 rum
218 601 422 674 velamenta
452 600 653 700 proiiciunt.
714 599 790 673 Nec
822 601 1049 675 meretricum
1083 603 1155 675 hoc
1193 599 1335 674 dedecus

106 724 181 804 est,
208 711 272 785 sed
297 721 544 784 matronarum
569 712 836 810 virginumque,
871 712 969 810 apud
995 739 1084 811 quas
1111 713 1261 786 comitas
1285 712 1335 784 ha-

106 825 212 897 betur
237 824 375 922 vulgati
401 824 559 922 corporis
587 823 715 895 vilitas.
768 823 866 896 luter
891 824 980 897 haec
1005 824 1143 923 flagitia
1169 825 1335 898 exercitus
1348 847 1370 893 n

104 937 163 1009 ille
198 934 354 1008 domitor
379 935 488 1008 Asiae
522 960 588 1034 per
613 958 736 1007 xrrmv
767 935 843 1008 dies
877 936 1077 1035 saginatae,
1110 935 1161 1007 ad
1188 960 1335 1033 eaquae

105 1048 347 1146 sequebantur
373 1047 577 1121 discrimina
601 1046 699 1119 haud
726 1046 833 1121 dubie
860 1045 1010 1121 debilior
1035 1048 1181 1121 tuturus
1205 1048 1289 1140 fiat,
1312 1048 1335 1120 si

104 1161 246 1235 hostem
271 1160 467 1232 habuisset.

207 1268 393 1361 Ceterum,
429 1296 500 1368 quo
526 1269 644 1342 minus
671 1268 842 1343 danmmn
868 1271 1036 1362 sentiret,
1071 1269 1271 1345 identidem
1292 1272 1333 1342 in·

103 1392 284 1457 cremento
319 1382 571 1455 renovabatur.
632 1379 795 1479 Namque
828 1381 1007 1482 Amyntas
1041 1382 1268 1458 Andromeni
1296 1383 1331 1455 ab
1344 1401 1364 1448 11

103 1495 296 1593 Antipatro
322 1492 562 1567 Macedonum
586 1493 749 1591 peditum
775 1519 842 1567 sex
866 1494 964 1566 milia
989 1494 1161 1586 adduxit,
1192 1519 1220 1568 n
1246 1521 1331 1595 prae·

102 1617 202 1680 terea
228 1604 387 1678 eiusdem
412 1606 553 1704 generis
581 1606 733 1704 equites:
759 1631 841 1678 cum
865 1606 922 1678 his
947 1628 998 1680 nc
1025 1605 1197 1699 Thracas,
1224 1607 1330 1680 adiun-
1341 1625 1359 1671 41

103 1718 169 1791 ctis
204 1715 386 1815 peditibus
418 1743 505 1791 suae
538 1719 656 1817 gentis
687 1740 730 1790 111
763 1718 905 1791 milibus
941 1718 1156 1817 quingentis
1216 1719 1265 1794 Et
1294 1745 1329 1792 ex

101 1829 351 1928 Peloponneso
377 1831 616 1905 mercenarius
643 1830 744 1902 miles
772 1828 819 1901 ad
837 1851 878 1902 1v
902 1830 999 1903 milia
1024 1830 1238 1924 advenerat,
1264 1857 1328 1906 cum

103 1963 278 2015 cccnxxx
304 1942 493 2039 equitibus.
531 1941 632 2015 Idem
657 1941 837 2041 Ammtas
864 1940 1068 2015 adduxerat
1092 1964 1116 2014 1.
1142 1945 1356 2043 principumt

100 2053 332 2128 Macedoniae
365 2054 496 2128 liberos
524 2053 666 2127 adultos
693 2052 741 2125 ad
768 2051 966 2126 custodiam
992 2055 1174 2152 corporis:
1215 2057 1327 2154 quippe

101 2167 195 2238 inter
221 2167 344 2263 epulas
370 2165 408 2239 hi
433 2177 517 2239 sunt
543 2167 637 2264 regis
662 2165 824 2256 ministri,
849 2163 1027 2262 iidemque
1053 2191 1167 2263 equos
1195 2167 1326 2241 inemti·

102 2277 170 2350 bus
196 2278 371 2374 proelium
398 2277 610 2369 admovent,
645 2287 890 2374 venantesque
924 2277 1158 2371 comitantur,
1195 2291 1233 2353 et
1257 2278 1325 2378 vigi-

134 2500 159 2562 8.
176 2501 219 2551 38.
244 2497 324 2550 bonos
342 2497 452 2549 auribus
470 2497 574 2551 babitus
592 2498 638 2567 sit]
658 2496 703 2551 Sic
736 2503 814 2550 vetus
830 2495 955 2548 mendum
971 2495 1120 2565 insederat,
1147 2506 1180 2553 ut
1203 2499 1233 2553 in
1253 2499 1325 2553 iisdem

98 2564 159 2620 libri
176 2583 236 2618 mss.
254 2564 304 2618 nisi
346 2565 399 2618 uod
417 2583 482 2619 onus
499 2563 579 2619 Leid.
591 2566 668 2619 Voss.
689 2575 699 2617 1
738 2565 869 2619 codicibus
890 2564 971 2618 etiam
994 2583 1056 2636 quos
1083 2565 1141 2620 sine
1164 2556 1282 2623 variante
1295 2567 1325 2638 ,le-

97 2583 355 2688 monstruni
383 2634 423 2699 (in
449 2642 542 2702 textu,
569 2633 598 2687 in
619 2653 702 2705 marg.
737 2634 826 2688 ctione
843 2641 919 2688 esset.
1349 2668 1352 2673 <

98 2704 199 2770 burras).
233 2703 288 2757 Sed
304 2703 372 2755 male
388 2703 495 2756 Modius
512 2702 702 2757 recentioribus
772 2707 795 2772 ς.
813 2711 855 2759 39.
891 2705 1047 2756 incrementa
1065 2708 1255 2778 renovabatur]
1280 2705 1324 2759 Ple

98 2772 242 2826 editoribus
267 2771 398 2843 persuasit
420 2779 452 2825 ut
469 2773 586 2827 breviter
602 2772 702 2825 vellent
735 2771 813 2842 rique
838 2773 913 2826 codd.
936 2773 1061 2826 mendose
1083 2775 1166 2844 paulo
1184 2783 1248 2828 ante
1264 2774 1324 2828 senti·

97 2841 210 2895 scribere
227 2844 307 2895 bonos
325 2843 434 2895 auribus
452 2844 500 2910 sit,
528 2841 556 2895 in
578 2859 630 2911 quo
647 2858 702 2893 ma-
736 2851 802 2908 rent‚
821 2841 990 2912 quamobrem
1008 2841 1124 2896 editores
1142 2844 1265 2914 antiqui,
1281 2859 1324 2897 evm

97 2928 213 2992 gnopere
230 2909 339 2977 erravit,
368 2910 582 2981 quandoquidem
596 2910 699 3031 pendet
735 2909 794 2963 illos
820 2909 902 2963 secuti
928 2918 1029 2977 essent,
1058 2910 1148 2977 ,etiam
1180 2915 1324 2966 uocabantur

97 2982 206 3033 aurabas
224 2980 258 3033 ab
275 2996 307 3033 eo
326 2981 398 3048 quod
415 2983 585 3033 esthonorem
613 2980 697 3031 abere.
733 2985 826 3031 contra
843 2978 1103 3048 eoddscripserunt.
1126 2980 1201 3034 Nam
1210 2981 1269 3035 libri
1282 2977 1323 3050 qui·

96 3048 154 3102 Nec
171 3048 216 3102 illa
225 3049 365 3101 decurtata
376 3049 501 3118 loquendi
509 3048 578 3102 ratio
586 3065 698 3107 usquam
731 3048 791 3100 dem
800 3047 862 3101 meti
876 3047 995 3100 meliores
1007 3050 1192 3116 renovabatur,
1202 3049 1324 3104 deteriores

96 3116 241 3185 invenitur,
266 3135 325 3170 cum
342 3117 377 3171 sit
394 3119 464 3188 apud
482 3117 609 3171 Senecam
628 3116 698 3169 Con·
732 3119 891 3170 navabatur:
908 3115 972 3169 illud
990 3116 1097 3186 elegans
1115 3126 1168 3185 est,
1187 3119 1238 3173 hoc
1250 3121 1323 3172 abusu

96 3193 163 3239 trov.
181 3201 207 3253 1,
237 3193 298 3256 tp.
317 3191 349 3240 95
367 3187 499 3239 Honorem
517 3187 631 3239 habitum
650 3203 698 3237 au·
732 3202 825 3255 prosae
842 3184 969 3238 orationis
987 3184 1110 3239 alienum.
1140 3186 1234 3241 Livius
1251 3195 1322 3241 muer

96 3256 169 3307 ribus
195 3256 375 3322 maiestatique
392 3257 467 3307 velim
485 3264 603 3321 vestrae,
631 3255 700 3323 quad
732 3268 818 3323 xxvr,
844 3261 875 3308 19
899 3271 994 3323 mapna
1012 3256 1130 3324 elataque
1149 3258 1239 3310 animo
1256 3258 1321 3310 duse-

95 3340 198 3375 necesse
216 3332 254 3376 est
271 3324 300 3374 in
322 3325 370 3375 boc
395 3341 477 3376 causa
499 3325 634 3402 nomv'nare
658 3325 698 3376 lu·
732 3325 801 3390 ruit,
824 3333 854 3376 ut
879 3325 999 3375 ardorem
1023 3340 1094 3390 eum,
1123 3327 1172 3394 qui
1197 3327 1321 3386 resederat,

89 3390 698 3527 ttt'sftttttt.btttttstt
732 3401 856 3529 ..pepp
869 3403 1203 3534 ratusratus·
1223 3454 1320 3516 aar

95 3527 269 3580 sanctissimis
293 3528 411 3580 auribus.
456 3526 497 3583 cf.
524 3527 641 3581 Brisson.
664 3529 698 3581 de
730 3529 800 3582 hanc
817 3528 954 3599 antiquam
971 3529 1082 3582 formam
1100 3529 1228 3585 Ciceroni
1250 3524 1320 3600 impri-

96 3594 214 3648 formulis
233 3594 276 3650 lib.
297 3610 359 3662 vm,
380 3602 421 3663 56,
440 3614 599 3667 quamquam
615 3596 637 3649 is
649 3596 697 3650 Se·
730 3597 778 3650 mis
796 3597 920 3651 usitatam
937 3596 1046 3667 agnovit
1062 3597 1085 3651 1.
1102 3597 1135 3652 F.
1154 3593 1320 3654 Gronovius

95 3679 177 3716 necue
204 3663 291 3718 locum
318 3666 442 3718 mendose
473 3665 584 3737 scripsit.
629 3666 697 3719 Mox
731 3666 885 3721 Observatt.
899 3673 927 3718 et
945 3667 1016 3736 apud
1030 3665 1269 3740 Snakenburgium,
1283 3679 1320 3732 ero

94 3750 149 3786 una
173 3750 202 3786 co
236 3775 242 3787 .
264 3736 407 3788 velamenta
430 3734 491 3788 libri
512 3734 574 3788 msti
596 3751 695 3801 omnes,
733 3735 852 3789 codicum
869 3751 1024 3788 consensum
1040 3743 1149 3789 secutus
1160 3735 1272 3791 restitui.
1286 3731 1319 3788 Sir

94 3807 203 3873 praeter
244 3801 326 3856 lor.G
344 3803 458 3857 Bem.B
478 3803 524 3874 qui
543 3803 697 3857 comeditis
731 3804 909 3857 lib.vnextr.
917 3805 1040 3856 Arimazi
1053 3806 1194 3872 superbiae
1211 3807 1318 3876 irffenmt·

94 3870 287 3941 exemplaribus
304 3873 404 3926 habent
421 3875 486 3940 ima,
512 3873 583 3943 quod
605 3872 697 3925 melius
731 3873 808 3928 Unus
825 3873 935 3926 voest
960 3871 1076 3925 traditur
1094 3873 1271 3928 Andromenis
1285 3872 1318 3924 ha·

94 3939 217 3994 convenit
235 3941 268 3993 ad
286 3959 387 3995 summa
405 3943 519 3996 amiculo
539 3958 606 4012 quae
619 3957 697 4021 prae·
731 3943 812 4008 bere,
839 3939 1025 4011 nescioquam
1041 3956 1120 4007 vere,
1142 3959 1205 3995 nam
1221 3934 1318 3997 alosti

96 4016 238 4062 cesserunt.
268 4009 336 4064 Silet
353 4011 434 4065 Snak.
453 4011 487 4063 de
504 4009 648 4077 Vossiams,
667 4018 698 4063 ut
731 4011 847 4064 Bem.B
883 4009 982 4062 uisere
1000 4008 1124 4063 cumillo
1142 4009 1211 4064 libro
1227 4023 1316 4066 connu-

95 4077 175 4130 etiam
191 4076 220 4130 in
237 4079 277 4131 his
294 4079 415 4133 videatur
424 4097 479 4132 esse
490 4081 543 4132 ima
552 4078 698 4132 inventum.
731 4079 803 4132 tiunt
820 4028 985 4132 Andromeni
1003 4077 1137 4132 exhibent

129 4157 307 4200 matranorum
329 4150 459 4217 viryinum
477 4151 518 4215 ue]
560 4149 698 4216 Virpinum
766 4151 790 4216 ξ.
808 4155 849 4201 41.
883 4161 920 4200 111
937 4149 1041 4200 milibus
1059 4148 1221 4220 quingentis]
1247 4144 1316 4213 Vulgo

94 4230 128 4266 ex
137 4215 320 4269 emendatione
330 4216 451 4288 Caspai-is
460 4166 565 4269 ltarthii
576 4216 697 4283 (Advers.
732 4226 755 4269 et
774 4218 935 4296 quingentis,
959 4216 1006 4269 sed
1027 4225 1051 4268 et
1073 4216 1150 4269 abest
1167 4234 1185 4270 a
1202 4214 1314 4271 codicibus

95 4288 142 4350 52,
163 4285 207 4351 16)
231 4282 359 4353 legimus,
377 4284 528 4351 verissima,
546 4292 578 4337 ut
595 4284 696 4354 opinor,
731 4301 795 4337 mers
813 4284 941 4339 omnibus.
1083 4306 1091 4319 ·
1252 4316 1255 4323 ·

95 4357 123 4401 et
160 4368 247 4404 rursus
274 4350 436 4421 indubitata,
463 4352 580 4424 quamvis
607 4370 697 4406 omnes
766 4357 789 4422 ξ.
817 4361 858 4408 42.
902 4354 1050 4406 ineuntibus
1081 4383 1118 4396 -
1150 4345 1312 4420 venantesque]

96 4434 127 4470 co
145 4419 171 4473 d.
189 4420 304 4473 virorum
321 4422 470 4476 exhibeant.
498 4421 554 4476 Sed
570 4429 626 4474 tam
643 4421 698 4474 alte
731 4421 794 4476 Nan
811 4422 891 4477 debui
908 4423 977 4476 hanc
993 4421 1208 4493 praetermittere
1216 4418 1312 4476 adina
