2926 5174
584 306 780 357 Arsonosx.
949 382 957 389 ι
1162 301 1171 315 ·
1220 291 1291 360 577

151 491 176 563 5.
195 489 224 544 7.
269 490 450 562 coqnoueriut]
469 501 648 564 aequauerant
665 492 744 550 Flor.
762 488 923 548 CDEFHI
941 491 1029 548 Bern.
1047 493 1082 549 B.

151 577 177 648 S.
196 574 226 631 8.
269 575 377 630 initium
395 576 515 650 suctum]
533 577 641 634 initium
658 597 741 634 manu
754 579 860 652 sactum
884 576 964 640 Flor.
982 576 1022 651 G,
1039 579 1154 634 masinae
1171 581 1229 635 init.
1245 583 1295 655 sa-

60 669 135 717 ctum
159 659 226 717 odit.
244 658 323 716 Mod.
359 660 550 736 clamantibus]
578 663 774 720 clamitantibus
799 663 877 720 Flor.
894 661 969 734 DF,
997 663 1087 720 omiti.
1111 662 1141 719 in
1165 665 1245 722 Flor.
1260 666 1295 723 E.
1399 692 1402 697 ·

59 747 200 820 metueret]
219 747 322 802 tirneret
337 744 418 801 Flor.
437 744 521 803 DEF
538 746 626 804 Bern.
645 748 681 805 Β.

153 827 226 906 Cap.
250 829 309 901 42,
334 832 361 903 5.
387 830 417 887 9.
461 833 603 889 conubium
626 834 655 889 in
678 841 749 907 post.
773 834 844 889 diem
866 833 983 906 distulit]
1010 835 1151 890 consilium
1174 837 1203 891 in
1224 844 1295 909 post.

58 917 167 972 distulit
183 917 253 972 diem
270 915 352 976 Flor.
369 912 531 974 CDEFHI
547 917 635 975 Bern.
653 918 689 976 Β.
1029 966 1034 972 .

150 1003 175 1074 5.
195 1001 243 1056 12.
277 1003 419 1075 accersito]
439 1003 558 1061 Amtoto
569 1002 678 1061 nullam
696 1020 813 1079 prorsus
830 1004 867 1060 ab
881 1002 935 1060 hac
948 1001 1089 1077 scriptura
1101 1003 1296 1062 diversitatem

58 1085 156 1143 afferri
171 1104 188 1142 0
204 1086 285 1143 codd.
302 1087 420 1145 nostris·
1175 1088 1177 1092 ’

153 1173 180 1244 5.
205 1171 255 1227 14.
289 1171 377 1250 volus]
391 1175 475 1230 uoluit
494 1174 572 1232 Flor.
591 1172 727 1232 EFGHI
747 1173 834 1231 Born.
851 1173 878 1231 B
897 1169 969 1251 (non
982 1182 1077 1231 tamen
1096 1173 1127 1231 hi
1146 1177 1294 1250 coqitauit.)

147 1257 172 1329 S.
199 1257 248 1314 15.
292 1257 485 1336 nequicquam]
503 1262 667 1334 nequiquam
683 1259 772 1316 Born.
789 1259 831 1317 A.

147 1344 173 1415 S.
199 1343 249 1398 16.
293 1361 348 1398 non
365 1360 453 1400 uocem
470 1346 548 1402 modo
565 1347 614 1402 sed
630 1346 711 1403 etiam
725 1344 852 1418 qemitus]
871 1362 925 1399 non
942 1345 1021 1400 modo
1037 1362 1126 1401 uocem
1142 1346 1191 1401 sed
1205 1363 1295 1401 omnes

56 1428 173 1500 qemitus
190 1426 268 1483 Flor.
285 1427 431 1501 DEFHI,
448 1448 502 1485 non
519 1431 597 1486 modo
614 1448 702 1486 uocem
718 1431 768 1485 sed
782 1431 897 1504 qemitus
913 1427 1001 1485 Bern.
1020 1428 1056 1501 Β,
1071 1431 1198 1503 qemitum
1215 1430 1293 1488 Flor.

59 1510 100 1570 G.
136 1512 229 1569 babuit
245 1514 274 1569 in
288 1511 364 1590 pot]
382 1516 411 1570 in
424 1523 557 1588 potestate
574 1515 668 1571 babuit
684 1515 764 1571 Flor.
785 1512 944 1572 CDEFHI
962 1514 1049 1571 Bcrn.
1067 1514 1093 1570 B
1111 1513 1200 1572 Voss.
1218 1515 1249 1571 2.

146 1599 173 1670 S.
198 1598 248 1655 17.
293 1596 461 1675 eupaterent]
479 1604 651 1673 aspectarent
667 1600 746 1657 Flor.
763 1598 868 1658 Ε2ΗΙ
885 1599 973 1656 Bern.
991 1599 1019 1656 B
1036 1598 1127 1656 Voss.
1147 1601 1177 1656 2.

146 1680 172 1755 S.
196 1684 247 1740 20.
289 1684 322 1759 0]
342 1682 372 1740 bi
389 1682 468 1741 Flor.
487 1703 585 1742 omnes
602 1694 714 1760 praeter
729 1685 798 1758 ΑΒ,
817 1684 866 1760 qui
883 1687 905 1741 ii
921 1684 1092 1759 praeferunt,
1109 1693 1142 1742 ut
1158 1694 1187 1742 ct
1204 1685 1291 1743 Bern.

56 1767 90 1825 A
107 1766 139 1824 in
156 1787 212 1842 quo
229 1787 247 1824 a
264 1788 307 1843 pr.
324 1787 363 1826 m.
380 1768 434 1826 fuit
450 1772 480 1841 ri,
497 1779 598 1844 postea
614 1779 770 1828 correctum
786 1771 823 1828 bi.

145 1850 218 1927 Cap.
236 1855 293 1926 43,
315 1855 341 1927 5.
359 1855 410 1910 21.
453 1858 560 1929 verone]
585 1874 678 1914 verene
701 1856 779 1913 Flor.
796 1856 837 1913 A.

146 1941 172 2012 S.
192 1939 242 1995 22.
276 1939 441 2013 Heqeiocbo]
467 1941 581 2013 eqeiicbo
604 1941 682 1998 Flor.
699 1941 775 2013 AB,
800 1942 907 2014 eqiiioco
933 1940 1010 1999 Flor.
1028 1940 1132 1998 EFHI
1149 1940 1237 1997 Born.
1256 1940 1292 2012 Β,

57 2024 109 2081 sod
133 2041 200 2081 mox
223 2023 303 2082 Flor.
320 2024 379 2082 AB
403 2025 523 2082 redeunt
539 2027 578 2083 ud
596 2045 695 2084 voram
713 2026 912 2105 scripturam.

145 2111 170 2182 S.
192 2109 243 2166 24.
287 2107 415 2186 despicit]
438 2111 539 2185 decipit
562 2111 641 2168 Flor.
658 2110 793 2169 DEFHI
817 2111 951 2169 Bern.B
975 2110 1064 2168 Voss.
1082 2112 1113 2167 2.
1148 2111 1293 2168 incidimus

57 2197 86 2251 iu
103 2195 270 2270 snperbiam]
291 2193 472 2253 Omittuntur
488 2196 558 2253 hacc
573 2196 603 2253 in
621 2195 700 2254 Flor.
716 2197 851 2254 DEFHI
868 2196 994 2254 Bern.B
1011 2196 1101 2254 Vasa.
1119 2196 1149 2252 2.

144 2282 170 2353 5.
198 2280 250 2336 25.
294 2279 432 2358 fecimus]
465 2281 556 2338 omiti.
588 2291 708 2357 uterque
737 2282 823 2340 Bern.
855 2283 936 2341 Flor.
960 2280 1122 2339 BDEFHI
1146 2281 1235 2338 Voss.
1261 2281 1291 2337 2.

57 2364 218 2443 concibum]
251 2367 392 2424 consiiium
424 2365 503 2424 Flor.
533 2365 692 2425 CDEFHI
720 2368 806 2425 Barn.
830 2368 871 2441 B,
907 2369 1019 2425 mortale
1045 2368 1124 2423 adire
1153 2368 1293 2424 concilium

57 2448 194 2509 210061.
637 2502 640 2508 .
817 2487 820 2494 ·
1371 2469 1374 2474 ’

143 2538 170 2609 5.
189 2537 239 2593 26.
283 2539 346 2610 quis
362 2538 471 2613 01010010]
492 2540 554 2612 quis
570 2539 678 2607 demum
694 2539 773 2597 Flor.
791 2537 911 2598 DFGH
929 2536 1015 2596 Born.
1033 2537 1060 2594 B
1077 2537 1144 2595 Pol.
1167 2539 1182 2594 1
1203 2536 1291 2594 Voss.

57 2621 88 2694 2,
109 2622 157 2695 qui
177 2623 284 2680 demum
301 2621 380 2679 Flor.
397 2622 435 2693 Ε,
453 2626 516 2697 quis
533 2625 613 2680 deum
629 2625 709 2682 Flor.
726 2624 752 2681 1.

142 2708 169 2780 5.
188 2707 239 2764 28.
273 2707 356 2764 duces
373 2705 444 2784 esse]
462 2727 519 2764 esse
535 2710 618 2765 duces
634 2710 714 2767 Flor.
732 2709 867 2766 DEFHI
884 2709 971 2764 Bam.
988 2709 1014 2764 B
1033 2707 1123 2765 Voss.
1143 2708 1172 2764 2.

142 2794 168 2865 5.
186 2792 237 2849 29.
271 2792 500 2870 interfectoribus]
518 2795 680 2851 occisoribus
697 2793 776 2851 Flor.
794 2793 929 2850 DEFHI
947 2792 1033 2849 Bern.
1048 2791 1086 2848 B.

142 2874 216 2952 Cap.
239 2878 298 2949 44,
327 2879 353 2951 S.
380 2879 431 2936 36.
476 2881 629 2953 recusante]
659 2880 797 2936 recusanti
823 2878 911 2935 Bern.
935 2877 993 2934 AB
1023 2875 1102 2934 Flor.
1125 2873 1186 2933 EG
1211 2875 1292 2935 Laid.

54 2963 145 3021 Voss.
166 2964 181 3018 l
207 2961 271 3020 Pol.
292 2964 320 3019 1.
340 2965 360 3020 3
382 2956 449 3021 edit}
470 2963 544 3023 Mor.
569 2963 640 3021 Ald.
666 2965 737 3036 (non
755 2963 846 3037 lum).
881 2962 1048 3036 eacmrciari]
1071 2963 1192 3017 cruciari
1212 2960 1291 3018 Flor.

55 3045 200 3106 CDEFG
219 3047 283 3124 (qui
300 3048 385 3105 etiam
402 3047 526 3125 rursum)
545 3048 594 3105 HI
611 3049 697 3107 Bam.
715 3049 741 3106 B
759 3049 849 3106 Voss.
868 3048 898 3104 2.

142 3135 168 3207 S
186 3135 237 3190 37.
292 3136 399 3209 inquin.
415 3137 510 3191 innoc.
528 3135 605 3208 cette]
624 3136 688 3193 ueibe
705 3136 850 3208 inquinare
867 3134 991 3190 innacius
1008 3130 1087 3188 Flor.
1106 3128 1146 3189 G.
1183 3140 1291 3203 torque-

52 3218 146 3297 retur]
164 3219 340 3292 torquebatur
356 3220 435 3277 Flor.
452 3219 536 3276 1121.
570 3221 737 3294 adolescens]
756 3221 914 3276 adulescens
930 3218 1018 3276 Bern.
1032 3217 1063 3274 A
1081 3215 1163 3274 Leia.
1199 3217 1230 3273 id
1241 3218 1290 3291 sa-

53 3306 135 3360 cinus
151 3304 293 3378 coqitasse]
320 3306 402 3362 Haec
425 3307 514 3363 verba
536 3305 706 3364 omittuntur
722 3305 753 3362 in
774 3303 855 3363 Flor.
872 3303 1007 3362 DEFHI
1025 3303 1111 3360 Bern.
1129 3302 1172 3374 Β,
1197 3301 1291 3361 omitti

48 3391 166 3464 facinus
180 3389 212 3446 in
230 3389 320 3448 Voss.
335 3392 353 3447 2
372 3399 497 3449 notatur.

142 3476 168 3547 S.
185 3475 236 3532 39.
279 3475 441 3554 Parmenio]
460 3478 626 3534 Parmenion
644 3475 982 3535 210211221Βο00.
1002 3473 1040 3532 B.

581 3733 658 3791 Lib.
684 3733 758 3792 VH.

142 3899 215 3978 Gap.
233 3904 263 3976 1,
280 3906 306 3977 S.
327 3905 354 3960 1.
389 3904 561 3978 censuerant]
581 3913 735 3962 0000000001
751 3904 840 3961 Bern.
856 3905 888 3963 A
905 3925 925 3962 a
936 3921 979 3979 pr.
994 3920 1033 3964 m.
1050 3901 1130 3959 Voss
1145 3901 1158 3955 1
1183 3899 1290 3975 (Bong.

54 3986 85 4057 2,
103 4005 187 4061 quem
205 3991 326 4047 eundem
344 4008 408 4048 esse
425 4000 512 4066 atquo
529 3998 659 4047 nostrum
676 3989 762 4046 Bam.
780 3990 811 4046 A
829 3997 964 4066 expertus
982 3986 1070 4058 sum.)

140 4075 165 4144 5.
190 4074 219 4131 5.
254 4076 380 4133 uoluisset
398 4073 531 4151 occidue]
554 4077 639 4133 occid.
655 4076 781 4132 uoluisset
798 4075 883 4132 Bern.
901 4076 927 4131 B
946 4071 1025 4129 Flor.
1043 4069 1141 4130 CEH.

140 4159 167 4231 S.
188 4161 217 4216 6.
254 4162 423 4235 coniurasse]
442 4161 615 4234 conspirasse
630 4160 710 4217 Flor.
728 4157 814 4215 DFI.

139 4245 165 4316 S.
184 4246 213 4302 7.
249 4245 418 4324 memoriam]
436 4255 533 4302 metium
550 4244 632 4302 Flor.
650 4245 682 4302 H
700 4244 786 4300 Born.
802 4244 830 4299 B
847 4242 913 4300 Pol.
933 4242 963 4298 2.

138 4332 167 4397 §-
184 4330 214 4386 8.
249 4347 283 4385 ec
300 4331 437 4406 custodia]
455 4350 468 4387 0
485 4331 610 4386 custodia
626 4331 706 4388 Flor.
723 4326 826 4401 ΕΒΗ,
842 4349 861 4385 0
877 4336 944 4385 mut.
962 4327 1050 4386 Rern.
1068 4328 1106 4384 B.

139 4415 165 4486 S.
185 4415 213 4470 9.
250 4416 440 4490 confoderunt]
456 4415 637 4490 perfoderunt
654 4417 734 4473 Flor.
754 4411 794 4471 G.
1082 4499 1115 4548 37
