2926 5174
439 315 488 365 nn
516 312 642 365 ensrrs
669 312 780 368 max.
810 314 873 382 vn,
900 311 942 360 u.
1171 330 1175 337 ·
1261 296 1335 368 333

103 496 204 572 erdem
230 496 387 598 quietim,
421 524 522 598 quum
543 511 664 597 potest,
690 492 861 590 denuntio,
886 496 957 595 ipsi
980 496 1065 572 milri
1088 490 1228 590 indices,
1254 491 1338 598 qnid

101 610 174 684 eutis
201 610 400 709 eoqnouerrls,
430 635 471 684 ne
490 609 606 708 possis
631 607 772 706 irpitr'ori
797 609 937 700 didisse,
970 634 1054 709 qnae
1084 607 1221 684 diceres.
1273 608 1336 683 Ille

101 721 288 818 exsanguis
315 722 537 818 attonitoque
564 717 688 792 similis
716 721 847 813 stabat,
873 744 938 820 per
965 731 1102 794 metum
1123 721 1231 794 etiam
1248 746 1337 795 voce

102 856 308 931 suppressa:
350 831 565 929 tandemque
600 829 728 906 eodem
762 843 863 905 metu
897 833 1120 925 stimulante,
1163 858 1209 907 ne
1244 834 1337 931 regis

103 944 384 1041 expectationem
408 953 624 1031 moraretur,
659 942 797 1042 Mapni,
829 943 959 1039 inquit,
988 944 1122 1036 mborin
1148 969 1214 1018 non
1240 943 1336 1035 irriti,

91 1053 276 1128 'dnoimen
301 1055 423 1130 instare
442 1054 625 1153 praediri:
650 1078 710 1127 nec
735 1079 811 1127 meu
836 1079 895 1128 ars
920 1080 973 1128 me
999 1081 1101 1154 qnam
1125 1054 1336 1129 benivolentia

101 1165 273 1262 perturbat.
327 1166 556 1263 Infirmitatem
581 1165 782 1241 valetudinis
813 1177 887 1238 tuae
918 1164 1028 1257 rideo,
1060 1179 1090 1239 et
1115 1178 1274 1265 qnantum
1300 1166 1337 1239 in

104 1301 158 1350 nno
183 1290 214 1350 te
239 1278 287 1351 sit
310 1277 386 1352 scio.
446 1275 585 1369 Vereor,
624 1302 665 1350 ne
691 1276 866 1375 praesenti
888 1279 1050 1377 fortunae
1080 1289 1155 1350 tuae
1185 1278 1337 1380 captione

91 1403 158 1463 tnon
190 1387 320 1488 possis.
372 1384 452 1461 Rex
482 1388 619 1461 iussum
651 1388 831 1461 confidere
867 1385 1028 1459 felicitati
1069 1411 1155 1460 suae
1192 1388 1335 1462 remisit

104 1648 258 1714 potestenim
270 1666 324 1702 non
337 1649 521 1719 rsroprofiern‘
549 1657 613 1702 otest
623 1665 698 1701 usur-
732 1646 804 1714 meti,
828 1645 878 1700 nisi
895 1648 969 1717 quod
986 1645 1057 1701 Flor.
1075 1647 1100 1700 Α
1121 1666 1174 1701 non
1191 1648 1292 1703 omittit
1309 1657 1338 1703 et

108 1723 177 1794 petar.
200 1719 250 1772 Vei
269 1719 346 1771 citius
364 1725 476 1789 apparet
493 1734 509 1770 s
525 1666 633 1771 dbrario
652 1718 698 1770 ad·
731 1717 803 1771 Flor.
821 1715 845 1768 B
862 1733 917 1768 non
933 1716 986 1770 hoc
1003 1716 1089 1769 solum
1106 1718 1153 1770 sed
1175 1717 1256 1771 etiam
1272 1735 1337 1788 pos·

108 1792 198 1853 mtum,
226 1784 274 1856 qui
299 1793 421 1839 truncum
445 1784 518 1839 verbi
545 1787 626 1851 etius,
653 1784 697 1856 qui
732 1787 770 1838 sis
788 1801 835 1837 retr
857 1786 956 1838 iussum
978 1785 1119 1851 confidere:
1145 1785 1173 1838 in
1194 1787 1267 1840 nullo
1288 1803 1338 1840 uec

108 1855 212 1908 mutae
225 1852 310 1908 recisa
323 1854 424 1923 syllaba
436 1856 489 1924 qni,
507 1853 545 1908 sic
557 1853 698 1924 legendum
732 1852 1028 1923 snakenburgienorum
1051 1871 1100 1907 nec
1122 1862 1272 1908 nostrorum
1295 1872 1336 1907 ve-

108 1928 206 1990 perer.
732 1939 793 1975 reor
811 1938 843 1974 ne
860 1939 912 1974 non
930 1931 983 1989 est,
1011 1923 1233 1992 quemadmodum
1254 1922 1335 1993 vulgo

134 1991 179 2059 ipsi
196 1993 264 2044 miti
275 1992 382 2044 indices.
401 1989 446 2044 Sic
458 1990 624 2044 scribendum
637 1990 697 2058 fuit,
732 1989 829 2043 editur.
1079 2042 1081 2047 ,

111 2072 152 2110 non
165 2061 222 2129 ipse
239 2061 314 2126 miti,
332 2077 393 2112 nam
407 2077 423 2113 ο
438 2059 547 2141 ponitur
559 2059 636 2126 alter,
655 2059 698 2112 cui
768 2061 843 2126 §.tt
873 2059 1001 2128 felicitati
1018 2076 1090 2112 suae.
1125 2059 1204 2113 Bern.
1222 2066 1335 2131 uterque

110 2122 232 2192 indicarat,
257 2146 312 2181 non
347 2127 374 2180 ui
390 2078 531 2195 indicarum
559 2127 655 2198 legitur
670 2126 699 2180 in
732 2126 804 2182 Flor.
827 2125 931 2181 ABCH
954 2126 1027 2179 Leid.
1051 2131 1128 2180 Voss.
1151 2135 1165 2181 2
1213 2130 1335 2182 elicitutis
1414 2146 1419 2152 ·

109 2191 280 2250 llandBGG
297 2203 325 2248 et
359 2197 445 2248 ern.B
464 2196 503 2262 (ni
520 2194 609 2267 potius
618 2195 697 2249 Bern.
733 2212 797 2248 snae
827 2193 1037 2265 frequentissimo
1067 2194 1138 2249 vitio.
1203 2197 1237 2249 ed
1268 2213 1335 2268 quae

111 2265 181 2331 test)
190 2268 270 2318 Voss.
282 2271 306 2319 1.
334 2263 437 2317 Deinde
455 2267 517 2335 qnid
529 2267 595 2318 eutis
605 2281 698 2333 coyro·
733 2269 882 2335 sequuntur
898 2263 993 2333 vulgo,
1016 2266 1126 2317 remisit:
1148 2266 1199 2318 sibi
1215 2268 1282 2321 enirn
1299 2269 1337 2320 ud

111 2333 172 2399 veris,
189 2349 247 2385 non
265 2340 297 2384 ut
314 2332 393 2402 vulgo
411 2351 442 2386 ee
459 2335 534 2398 extis,
553 2333 612 2385 edd.
630 2332 698 2385 anti-
733 2335 789 2385 alia
805 2334 920 2400 yloriam
938 2335 1075 2386 concedere
1093 2336 1163 2400 deos,
1182 2352 1197 2387 a
1214 2333 1290 2388 nobis
1307 2332 1335 2387 iu

150 2415 163 2451 e
181 2401 252 2454 Mer.
274 2399 337 2454 Ald.
360 2401 461 2455 codices
482 2400 556 2454 Leid.
581 2404 659 2454 Voss.
683 2409 696 2454 l
732 2408 811 2453 textu
831 2399 926 2466 relicta
948 2407 1010 2454 sunt
1032 2408 1173 2523 propterea
1196 2404 1267 2472 quod
1289 2419 1335 2456 ne·

129 2467 175 2520 dl
195 2469 278 2522 Bern.
297 2469 330 2522 A.
364 2469 398 2522 In
415 2470 486 2523 Flor.
521 2470 609 2522 uidem
627 2468 698 2523 nullo
732 2470 842 2522 modum
867 2476 967 2523 certam
997 2486 1073 2522 emen
1093 2469 1206 2524 ationem
1236 2471 1335 2538 attulit,

112 2535 251 2607 relegitur,
270 2537 362 2590 sedin
379 2536 505 2609 paucisC
534 2538 561 2591 H
575 2545 604 2590 et
617 2537 697 2591 Bern.
732 2556 786 2591 non
816 2537 888 2607 quod
917 2537 961 2589 illa
984 2554 1046 2590 vera
1071 2546 1228 2609 putaremus.
1264 2538 1336 2592 Nam

113 2599 130 2652 Β
144 2607 211 2659 Voss.
227 2613 242 2659 2
263 2607 295 2659 de
313 2608 386 2660 entis.
714 2605 864 2659 *editiones
881 2605 1014 2675 principes
1023 2606 1158 2659 Vindelini
1175 2625 1206 2661 ac
1216 2608 1336 2661 Merulae

139 2674 157 2739 ξ.
172 2681 213 2727 27.
250 2691 297 2726 nee
319 2692 374 2727 meu
396 2693 443 2728 ars
465 2694 505 2729 me
521 2694 599 2747 qnam
616 2675 697 2729 berria.
732 2683 760 2727 et
773 2673 877 2728 codices
891 2692 951 2726 mss.
965 2674 1001 2727 sic
1015 2673 1102 2727 locum
1116 2675 1253 2729 exhibent:
1271 2693 1335 2729 snae

110 2743 260 2862 perturbat]B
289 2741 334 2795 sic
357 2742 432 2797 Leid.
458 2745 534 2798 Voss.
562 2753 575 2798 1
603 2761 620 2796 a
646 2761 698 2813 qua
732 2746 770 2797 ad
787 2744 842 2794 etia
860 2742 911 2795 siti
927 2744 965 2794 ud
980 2744 1091 2811 plurium
1109 2746 1246 2796 concedere
1264 2747 1334 2810 deos,

99 2807 207 2863 tutione
263 2826 319 2863 ern.
340 2812 367 2864 A
392 2830 447 2865 non
469 2812 580 2866 discedit
599 2810 650 2864 nisi
671 2812 699 2865 in
732 2828 782 2864 nec
800 2809 855 2862 ulla
871 2809 983 2862 varietas
1002 2818 1044 2862 est
1061 2809 1111 2862 nisi
1149 2813 1200 2865 uod
1218 2811 1246 2863 in
1264 2812 1334 2864 Flor.

115 2887 138 2925 00
160 2879 229 2946 quod
255 2895 312 2931 mea
339 2897 385 2932 ors
411 2897 467 2932 mea
489 2882 579 2947 habet,
606 2880 664 2933 Pal.
685 2890 695 2932 1
732 2879 827 2932 Esibi
849 2878 932 2944 deest,
959 2877 986 2929 in
1004 2877 1061 2930 Pal.
1081 2885 1092 2930 1
1116 2829 1166 2931 siti
1188 2882 1227 2931 ad
1248 2878 1333 2932 omitti

114 2957 149 3017 (tec
162 2963 197 2999 ne
214 2964 272 2998 mea
290 2965 344 3000 ars.
369 2948 495 3003 Modiana
507 2950 597 3016 lectio,
620 2966 699 3019 quam
731 2945 856 3012 traditur,
875 2945 903 2998 in
914 2944 987 2998 Flor.
1004 2953 1094 2998 autem
1112 2945 1132 2999 C
1151 2947 1334 3000 emendatione

115 3024 135 3060 ¹11
147 3013 228 3082 priore
246 3014 311 3067 edit.
321 3025 423 3070 secutus
432 3034 512 3085 eram,
530 3036 577 3071 nee
595 3035 634 3070 me
651 3035 697 3070 ors
732 3015 822 3085 aliqua
831 3020 961 3083 temptate
968 3014 1026 3066 Rex
1039 3015 1115 3067 iussit
1125 3016 1251 3082 confidere
1257 3016 1334 3085 felic.

115 3091 169 3148 mea,
191 3081 220 3134 in
239 3083 311 3135 Flor.
328 3084 392 3137 DFI
409 3093 495 3139 extat.
529 3084 636 3156 Reliqui
654 3101 698 3139 co·
732 3100 804 3137 snae.
841 3085 926 3152 Atque
944 3085 998 3134 ulia
1015 3083 1066 3135 sibi
1083 3086 1120 3136 ad
1160 3085 1253 3136 loriam
1275 3101 1335 3137 eon·

116 3143 169 3202 (lices
191 3158 240 3204 aut
266 3151 402 3207 omissione
430 3163 542 3225 peccant
571 3163 602 3207 ut
627 3154 698 3207 Flor.
732 3155 823 3205 cedere
850 3154 911 3204 deos
937 3149 1040 3221 legitur.
1076 3151 1108 3204 In
1134 3102 1186 3205 line
1212 3152 1282 3206 Flor.
1307 3151 1335 3205 H

117 3210 177 3270 ΑΒΗ
186 3219 302 3272 Bern.B
320 3238 365 3274 nec
381 3239 437 3277 mea
457 3239 502 3276 ars
521 3240 599 3294 qnam
617 3224 697 3275 bento.
732 3218 851 3274 Bermss
870 3222 947 3271 Voss.
966 3226 980 3272 2
1000 3223 1152 3273 contendere
1170 3222 1269 3274 habent
1285 3239 1335 3291 pro

114 3289 241 3353 retardat,
260 3295 289 3341 et
306 3288 375 3342 Flor.
394 3289 415 3342 C
438 3293 501 3344 haec
517 3310 574 3345 mea
593 3308 638 3343 ars
657 3291 698 3343 be·
732 3290 880 3341 concedere.
902 3286 1019 3357 Vulgata
1033 3287 1162 3359 scriptura
1171 3289 1268 3344 Aldine
1280 3289 1335 3342 edi·

117 3352 262 3409 eirotentiam
275 3359 419 3425 perturbat,
442 3367 489 3412 sut
506 3359 649 3426 additione,
667 3365 698 3410 ut
731 3356 784 3411 tori
792 3356 913 3422 debetur,
924 3373 992 3425 quae
1004 3355 1067 3409 mihi
1079 3356 1185 3429 quidem
1198 3359 1335 3415 nonsatis-

117 3416 176 3476 Voss.
192 3431 207 3477 2
226 3441 274 3477 nec
292 3435 343 3478 tam
359 3445 416 3480 mec
438 3445 498 3496 ars,
521 3437 566 3482 aut
585 3427 654 3481 Flor.
673 3427 697 3479 E
732 3426 805 3488 facit,
825 3425 968 3477 sedtamen
981 3424 1008 3477 in
1022 3427 1333 3495 eaprobabilisridetur,

118 3501 150 3540 tec
164 3509 200 3544 me
216 3494 303 3560 mapis
319 3510 364 3548 urs
381 3510 526 3564 meaqnam
540 3497 619 3561 terrio.
633 3513 697 3565 per·
749 3495 803 3548 uod
825 3493 936 3546 verbum
961 3494 1087 3548 excidisse
1113 3498 1211 3550 remisit
1232 3495 1335 3551 statuit.

118 3558 198 3627 torar,
229 3569 277 3613 aut
299 3560 366 3616 Flor.
385 3562 419 3629 G,
448 3582 494 3617 nec
515 3574 568 3618 tarn
591 3581 629 3616 me
650 3581 696 3616 ars
760 3578 829 3634 eque
847 3569 935 3615 cetera
953 3561 1087 3615 hominum
1101 3564 1335 3618 doctorumemen·

118 3636 159 3678 mea
174 3630 258 3697 mayis
276 3647 350 3697 quam
367 3633 447 3685 denir.
461 3635 607 3701 perturbat.
629 3632 698 3685 Edd.
734 3629 815 3684 dandi
832 3629 951 3700 pericula
967 3648 1021 3684 rem
1040 3633 1243 3702 expediverunt,
1268 3648 1335 3702 quae

117 3700 165 3746 vett
186 3713 234 3749 nec
257 3714 321 3749 meo
334 3717 379 3753 ars
400 3703 484 3770 muqis
513 3720 591 3770 quum
618 3701 699 3752 banio.
733 3698 755 3752 si
773 3697 833 3769 quis
850 3700 920 3752 forte
942 3699 1034 3753 melius
1052 3700 1116 3770 quid
1139 3699 1196 3781 ipse
1218 3701 1336 3754 invenire

117 3773 145 3811 me
163 3766 314 3833 perturbat,
347 3767 464 3822 Freinsh.
489 3787 535 3822 nec
565 3785 622 3822 mea
652 3785 698 3821 ars
752 3766 833 3833 ussit,
860 3784 918 3820 eam
944 3769 978 3821 ob
1005 3784 1110 3821 eausam
1136 3770 1178 3823 luc
1199 3785 1334 3839 oompono.

116 3841 181 3905 unm
193 3833 278 3885 teneo.
292 3851 330 3886 rne
341 3839 485 3904 perturbat.
513 3836 656 3891 Omittitur
673 3842 700 3888 et
764 3835 840 3890 odius
853 3834 935 3906 igitur
944 3835 1027 3889 edidit
1043 3837 1101 3890 Rex
1119 3839 1190 3890 iusso
1208 3837 1335 3903 confidere

116 3901 183 3966 meeis
200 3908 229 3953 et
248 3910 299 3953 tam
359 3913 438 3958 uente
452 3923 542 3976 qaam:
559 3904 698 3969 LinxtrV,
723 3906 854 3973 felicitati
880 3920 943 3957 snae
964 3907 1002 3957 ait
1023 3906 1077 3957 alia
1100 3907 1149 3958 stet
1166 3907 1204 3957 ad
1224 3906 1335 3973 pluriam

116 3968 139 4041 l⁵
153 3984 225 4036 quem
237 3919 395 4037 facileseqici
412 3977 449 4027 ad
465 3983 592 4027 certamen
607 3983 698 4024 temere
733 3974 873 4026 concedere
897 3975 966 4025 deos.
1002 3971 1137 4025 Acidalius
1162 3974 1273 4027 verbum
1295 3988 1337 4024 re-

113 4038 241 4104 nandum
262 4038 379 4092 rebantur
395 4060 487 4111 posse,
513 4060 565 4094 non
588 4043 697 4093 militum
732 4044 802 4096 misit
824 4039 942 4110 spurium
964 4058 1020 4095 esso
1042 4042 1159 4095 nesciens
1177 4040 1215 4095 sic
1231 4039 1274 4092 edi
1291 4056 1338 4092 ro·

113 4115 165 4168 qnos
186 4121 332 4172 perpaucos
352 4111 592 4177 tabebotfiduciu,
613 4138 617 4159 t
636 4127 696 4161 narn
731 4108 798 4163 luit:
816 4109 875 4162 Rea
892 4111 992 4163 iussum
1010 4112 1078 4178 conf.
1087 4112 1212 4181 fetanda
1230 4109 1337 4173 remisit,

112 4169 239 4224 inventutis
253 4173 385 4250 florinae.
413 4176 455 4232 Cf.
471 4177 582 4248 interpr.
596 4127 697 4230 adLiv.
731 4181 801 4232 alias
828 4179 878 4230 sibi
903 4178 941 4229 ad
962 4179 1076 4259 pieriam
1103 4181 1242 4232 concedere
1269 4179 1339 4230 deos.-

110 4245 139 4302 11,
152 4244 195 4305 56,
210 4245 233 4302 9,
252 4256 342 4312 quque
359 4245 465 4299 uDrak.
482 4246 517 4299 ad
534 4263 595 4298 eum
611 4244 698 4298 locum
732 4245 749 4299 i.
763 4264 787 4301 e.
805 4243 870 4297 deos
894 4261 970 4314 quasi
991 4243 1041 4300 sibi
1064 4248 1165 4299 cedere.
1201 4242 1339 4298 Freinshe-

109 4300 258 4384 laudantum
283 4307 442 4367 Perizonium
465 4316 499 4366 ad
520 4313 612 4369 Sanct.
630 4313 696 4366 Min.
731 4314 800 4368 mius
819 4312 882 4366 item
899 4323 1005 4368 servato
1028 4317 1138 4368 remtn't:
1164 4315 1217 4368 sibi
1238 4313 1339 4366 etalio

108 4368 147 4426 lrb.
163 4383 181 4426 4
200 4389 224 4426 o.
244 4381 259 4426 7
276 4393 312 4430 nr.
328 4387 351 4433 4.
732 4387 770 4436 od
792 4383 905 4453 pierium
933 4383 1073 4437 concedere
1103 4384 1172 4436 deos.
1214 4380 1340 4436 Heinsius

137 4459 242 4507 verm,
264 4454 294 4495 ne
314 4477 342 4488 -
366 4468 416 4505 non
434 4452 530 4521 possis,
565 4449 611 4506 Sic
637 4448 698 4504 libri
731 4452 791 4506 Iter
814 4451 885 4504 iusso
911 4452 982 4520 conf.
999 4451 1052 4520 set.
1076 4468 1141 4505 snae
1167 4453 1262 4506 adiicit
1284 4449 1366 4523 (rel'
