2926 5174
425 315 475 364 ou
502 313 628 366 cssms
654 315 763 365 sunu.
790 316 841 385 111,
868 313 911 361 22.
1244 305 1293 375 37
1348 348 1353 358 .

27 499 229 599 capiebant.
310 492 388 570 Sed
423 496 501 593 ipsa
531 496 712 570 festinatio
747 498 1022 572 discurrentium
1057 527 1211 600 suosque
1246 506 1294 580 ad

15 633 111 686 cuma
148 607 398 684 vocantium
428 606 600 682 maiorem
632 620 769 682 metum
798 609 957 683 incussit.
1009 609 1081 685 Alii
1106 613 1143 686 in
1169 615 1293 712 iugum

28 721 144 798 nentis
184 726 426 808 evaserant,
464 728 507 791 ut
539 718 697 792 hostium
736 744 865 818 agmen
904 722 987 799 inde
1027 725 1292 822 prospicerent:

29 859 120 932 equos
148 831 350 932 plerique
377 828 574 903 frenabant.
625 828 771 906 Discors
798 834 987 925 exercitus,
1013 860 1080 907 nec
1106 833 1153 907 ad
1179 862 1292 910 unum

14 947 172 1019 cintentus
216 940 450 1041 imperium,
482 940 584 1014 vario
616 942 774 1015 tumultu
805 954 934 1017 cuncta
960 944 1180 1019 turbaverat.
1218 944 1291 1019 Da·

29 1082 92 1131 reus
129 1054 251 1129 initio
300 1052 434 1150 iugum
472 1050 604 1124 montis
644 1076 725 1124 cum
758 1065 861 1151 parte
897 1055 1079 1152 copiarum
1115 1083 1290 1155 occupare

32 1169 147 1259 statuit,
176 1175 222 1241 et
255 1189 287 1236 a
319 1164 443 1236 fronte
470 1172 506 1235 et
527 1187 550 1234 a
570 1172 673 1260 tergo
700 1161 947 1240 circumiturus
973 1167 1125 1258 hostem,
1152 1195 1174 1241 a
1199 1170 1291 1243 mari

33 1304 173 1376 quoque,
204 1300 303 1373 quo
338 1272 510 1347 dextrum
536 1274 612 1348 eius
639 1299 752 1348 cornu
778 1278 983 1375 tegebatur,
1017 1279 1106 1353 alios
1132 1279 1290 1353 obiectu·

13 1406 99 1479 crus,
132 1399 172 1462 ut
197 1384 391 1482 undique
418 1395 570 1481 urgeret.
622 1383 772 1460 Praeter
797 1387 886 1462 haec
912 1389 1041 1486 viginti
1065 1390 1162 1463 milia
1188 1415 1289 1487 prae·

38 1500 122 1573 missa
146 1525 239 1572 cum
275 1497 559 1595 sagittariorum
583 1521 708 1587 manu,
739 1493 911 1571 Pinarum
938 1523 1095 1590 amnem,
1128 1500 1188 1597 qui
1215 1501 1288 1575 duo

35 1612 152 1708 agnita
176 1607 463 1698 interfluebat,
496 1606 666 1699 transire,
702 1617 740 1681 et
765 1609 918 1684 obiicere
945 1634 1023 1683 sese
1048 1609 1288 1684 Macedonum

32 1723 116 1820 copiis
142 1723 351 1796 iusserat:
382 1718 412 1791 si
436 1716 474 1790 id
498 1728 682 1817 praestare
707 1744 782 1792 non
808 1731 971 1818 possent,
997 1720 1223 1796 retrocedere
1248 1723 1288 1796 in

12 1845 157 1926 scortes,
186 1842 236 1907 et
271 1829 429 1904 occulte
455 1829 637 1904 circumire
662 1830 808 1905 ultimos
833 1832 1002 1904 hostium.
1041 1830 1209 1906 Ceterum
1228 1832 1287 1907 de·

29 1945 138 2019 stinata
168 1940 405 2018 salubriter
436 1941 531 2014 omni
561 1941 701 2015 ratione
727 1941 909 2038 potentior
933 1942 1079 2014 fortuna
1104 1940 1286 2016 discussit:

11 2057 135 2154 >quippe
163 2056 239 2130 alii
272 2076 381 2154 prae
405 2061 503 2124 metu
527 2052 717 2151 imperium
743 2051 874 2148 exequi
899 2077 973 2124 non
1000 2050 1200 2143 audebant,
1227 2053 1286 2126 alii

28 2165 137 2242 frustm
163 2161 486 2264 exequebantur,
513 2164 612 2261 quia,
638 2163 701 2237 ubi
725 2173 848 2261 partes
873 2163 1012 2253 labant,
1048 2187 1187 2236 summa
1213 2174 1286 2235 tur·

28 2275 120 2353 batur.

10 2408 26 2458 r
109 2390 227 2466 Acies
274 2394 416 2461 autem
448 2383 517 2458 hoc
550 2383 660 2458 modo
695 2383 806 2459 stetit.
859 2381 1087 2459 Nabarzanes
1123 2380 1334 2480 equitatu23

31 2498 178 2577 dextrum
211 2523 354 2574 cornu
383 2495 566 2588 tuebatur,
598 2495 729 2570 additis
755 2492 977 2568 frmditorum
1004 2493 1284 2591 sagittariorum·

10 2638 84 2710 sque
105 2612 244 2712 viginti
274 2611 366 2683 fere
394 2606 544 2680 milibus.
596 2605 639 2678 In
666 2605 793 2680 eodem
820 2600 1026 2701 Thymodes
1053 2614 1146 2694 erat,
1175 2602 1284 2680 Grae·

32 2724 70 2796 cis
91 2724 288 2824 peditibus
322 2716 492 2791 mercede
518 2715 703 2789 conductis
723 2712 871 2810 triginta
888 2714 1030 2787 milibus
1047 2718 1283 2812 praepositus.

32 2830 96 2908 Hoc
124 2846 206 2910 erat
245 2828 365 2907 haud
404 2826 511 2900 dubie
547 2825 659 2898 robur
697 2816 891 2913 exercitus,
933 2849 1000 2921 par
1030 2823 1283 2902 Macedonicae
1388 2916 1391 2921 ¹

9 2945 183 3044 sphalangi
209 2944 335 3019 acies.
392 2936 435 3010 In
465 2938 569 3010 laevo
602 2959 713 3007 cornu
739 2931 986 3005 Aristomedes
1013 2933 1205 3009 Thessalus
1231 2938 1283 3011 vi·

39 3055 116 3150 giuti
135 3057 233 3130 milia
260 3051 517 3127 barbarorum
548 3043 710 3143 peditum
735 3043 903 3115 habebat.
955 3041 998 3114 In
1024 3043 1191 3116 subsidiis
1218 3070 1282 3141 pu·

40 3250 148 3308 inBem.
164 3256 190 3309 A
206 3253 290 3309 Leid.
312 3249 431 3303 vocar
457 3245 527 3300 Flor.
545 3245 577 3309 B,
596 3245 643 3299 sed
677 3245 783 3299 dubium
801 3244 880 3297 robor
898 3241 1046 3314 significare
1089 3244 1142 3297 uod
1159 3243 1215 3297 sine
1232 3245 1282 3298 du.

36 3319 120 3392 legitm
133 3324 161 3378 in
176 3321 298 3394 reliquis
320 3314 438 3381 nostris,
465 3322 496 3367 ut
513 3320 644 3384 appareat
676 3311 721 3367 bio
737 3314 820 3367 robur
836 3319 919 3379 esset,
946 3311 1001 3365 sive
1024 3329 1061 3382 qu
1113 3313 1185 3365 haud
1202 3314 1283 3370 dubie

34 3406 61 3442 ne
82 3392 135 3447 illos
162 3393 280 3465 quidem
313 3382 436 3456 optimos
461 3382 517 3436 sine
541 3380 644 3437 mendis
676 3381 767 3436 vocari
792 3389 883 3451 posset
908 3380 1004 3443 robur,
1031 3380 1129 3434 elocis
1154 3380 1282 3451 Livianis,

33 3449 643 3533 ersqqusmquamdiversisareliquorumlabe.
679 3468 745 3521 quos
770 3450 906 3503 Drakenb.
934 3449 968 3502 ad
993 3447 1051 3502 Liv.
1074 3464 1183 3516 mlv,
1202 3457 1281 3519 43‚5

58 3532 122 3608 §.ld
139 3533 237 3601 dapum
257 3521 383 3590 montis]
402 3519 448 3573 Sic
465 3537 525 3573 mss.
543 3534 643 3586 omnes,
679 3518 787 3589 collegit
811 3526 843 3571 ut
866 3517 1047 3572 coniecturam
1064 3516 1191 3572 Gronovii
1209 3521 1283 3574 baad

31 3595 82 3651 cdni
100 3607 212 3670 praeter
230 3590 410 3650 Modianum
432 3589 525 3642 montis
544 3589 642 3656 iuyom.
679 3588 770 3641 dubim
788 3589 872 3640 hostes
890 3587 1031 3657 probaret,
1058 3604 1113 3640 non
1129 3605 1282 3659 usquequa·

56 3664 114 3738 cap,
130 3675 176 3735 23,
196 3669 223 3736 ς,
244 3671 274 3718 2.
319 3661 372 3712 boc
394 3666 450 3710 erat
472 3659 546 3710 houd
567 3655 644 3709 dubie
679 3672 731 3725 quc
748 3662 851 3708 certum
873 3663 925 3708 est:
952 3654 1002 3708 hoc
1031 3663 1104 3709 certe
1121 3654 1181 3709 loco
1198 3656 1282 3709 ambi·

31 3733 93 3787 robur
107 3735 258 3801 exercitus]
302 3727 355 3782 De
373 3723 424 3778 hoc
442 3725 501 3778 loco
519 3722 643 3778 difficilli·
677 3723 808 3794 guitatem
825 3739 915 3776 sensus
933 3723 1044 3776 haberet
1061 3740 1078 3776 a
1096 3741 1149 3794 qua
1166 3724 1282 3794 scriptor

29 3816 86 3922 a?
105 3799 367 3927 “lcitum
389 3793 643 3915 lidulmlult
676 3791 1282 3914 ”ressuscitandum

29 3879 155 3996 aedelbert
172 3940 298 3995 dubium
321 3931 408 3983 robur
429 3946 468 3983 ex.
490 3945 541 3983 nec
559 3928 593 3982 ab
610 3944 644 3982 ea
677 3929 804 3999 spondet:
822 3928 882 3982 vide
899 3929 1013 3982 eundem
1027 3924 1280 3980 Drakenb.'edLiv.

27 4085 286 4201 Abddtffissebt
322 4141 355 4186 et
374 4132 422 4186 soli
434 4105 510 4187 leid.
519 4106 640 4188 'Vosal
677 4133 754 4214 potui
770 4083 969 4212 siecdciperp,
990 4100 1281 4251 quoniamquaeprod.

29 4208 100 4280 aaa·
129 4216 201 4269 item
220 4203 351 4266 modius
376 4202 451 4254 dubie
471 4201 570 4269 edidit,
595 4200 643 4254 sed
676 4208 729 4256 rret
745 4201 872 4257 intercisa
888 4209 974 4256 oratio
1008 4216 1054 4251 oec
1072 4200 1223 4264 eratthood
1231 4202 1279 4252 du·

88 4282 123 4337 vis
139 4272 388 4355 reprehenderet
409 4267 562 4338 vulgatam,
587 4285 644 4323 nou
677 4270 747 4325 breui
764 4272 871 4324 sderad
888 4271 963 4323 dubie
980 4268 1059 4319 robur
1078 4268 1281 4336 exercitos)por

51 4346 76 4400 tit
90 4359 177 4406 tamen
197 4356 316 4403 utrum
337 4337 376 4388 de
393 4335 543 4391 coniectura
559 4353 595 4390 en
607 4352 644 4391 ex
676 4337 866 4393 Macedonicae
877 4337 1011 4406 ptalcnpr'
1019 4334 1090 4387 acies
1099 4333 1196 4387 nemini
1206 4339 1280 4387 certe

30 4419 163 4476 uastata
188 4413 266 4473 libri
288 4422 350 4463 ms.
370 4403 523 4458 emmdaric
558 4404 644 4461 Haud
675 4404 784 4477 probari·
800 4413 900 4477 potest.
