2926 5174
573 333 769 386 serenam.
1208 314 1280 384 541

138 520 162 592 3.
180 519 209 576 8.
252 519 405 592 intentiore]
425 520 563 575 intentiori
577 518 665 578 Bora.
682 520 718 578 B.

136 605 160 677 3.
180 606 207 661 9.
251 605 368 678 ombus]
395 606 503 660 omissis
520 604 608 663 Voss.
628 608 655 664 1.
698 607 799 661 armati
815 607 932 680 quoque]
952 601 1068 662 Omittit
1085 601 1228 662 Snakenb.
1251 603 1281 660 in

84 697 131 747 stu
149 708 253 764 quoque
270 698 297 746 et
315 697 434 746 annotat
450 707 513 747 0000
529 690 559 747 10
577 691 665 750 Voss.
684 692 701 747 2
721 690 804 764 quasi
821 709 878 748 non
895 690 1024 748 fueritin
1042 688 1123 747 Leid.
1139 689 1228 747 Voss.
1249 692 1280 747 1:

84 785 95 832 t
111 794 180 832 vero
196 775 226 832 in
243 775 438 832 Beruensibus
455 784 484 832 et
500 776 673 834 Florentinis
691 776 831 834 omnibus.

136 862 161 934 3.
181 861 228 918 10.
273 862 355 934 quasi
370 869 396 916 et
412 862 482 934 ipse]
501 870 527 918 et
543 864 601 936 ipse
614 865 699 936 quasi
715 862 801 919 Bsrn.
817 860 845 919 B
862 861 940 925 Flor.
958 862 1007 934 Η,
1029 863 1108 918 etiam
1126 863 1185 936 ipse
1203 862 1284 935 quasi

84 965 128 1004 or.
147 946 191 1017 Ε,
208 956 233 1002 et
248 948 331 1020 quasi
346 948 405 1020 ipse
422 944 511 1004 Voss.
529 948 558 1004 2.
602 949 760 1022 illustrium]
778 949 934 1004 inlustrium
951 947 1037 1004 Bam.
1055 948 1086 1004 A
1103 947 1182 1004 Flor.
1199 946 1240 1003 A.

135 1032 229 1105 3.11.
272 1033 419 1105 annorum]
449 1050 588 1089 armorum
614 1033 693 1091 Flor.
721 1031 755 1091 C.
799 1033 961 1089 incredibili·
976 1034 1013 1107 et]
1049 1031 1231 1090 incredibilem
1257 1039 1284 1088 et

83 1117 129 1175 td.
149 1116 236 1174 Voss.
256 1118 271 1172 l
291 1116 378 1173 Bern.
396 1118 428 1174 A
448 1117 538 1191 (apr.
556 1118 608 1193 m.)
628 1119 706 1176 Flor.
723 1117 802 1189 AG,
819 1119 899 1175 deest
915 1118 945 1174 in
961 1118 987 1175 F
988 1118 1040 1175 lor.
1057 1119 1084 1175 B
1101 1119 1138 1175 ab
1155 1117 1205 1173 alt.
1223 1125 1282 1173 ant.

83 1223 136 1260 inu
154 1203 184 1259 in
202 1221 291 1277 marg.
304 1202 488 1277 adscriptum,
506 1211 531 1259 et
547 1205 699 1261 incredibili
715 1215 740 1261 et
752 1205 831 1261 Flor.
843 1203 880 1275 E,
897 1204 1051 1261 incredibili
1058 1205 1143 1277 fidon
1162 1202 1283 1274 (omisso

83 1289 184 1346 ‚Flor.
201 1287 236 1344 F.
279 1289 431 1362 recedente]
451 1289 611 1345 succendente
628 1290 706 1347 Flor.
724 1291 762 1348 D.
806 1290 937 1362 acereta]
975 1286 1045 1347 Sola
1061 1289 1128 1346 odit.
1145 1287 1283 1345 Modiana

83 1376 206 1431 10000010.
250 1374 371 1446 coenum]
391 1392 485 1430 cenum
502 1374 581 1431 codd.
599 1375 762 1432 Florentini·
773 1384 885 1451 prester
898 1374 929 1432 A
947 1373 997 1449 qui
1012 1393 1124 1431 coenum
1140 1383 1170 1429 et
1183 1373 1214 1430 H
1233 1372 1282 1447 qui

83 1479 160 1516 enum
176 1459 284 1531 scribit,
302 1458 388 1515 Bern.
406 1459 437 1515 A
456 1477 565 1528 cenum,
583 1461 609 1516 B
628 1480 747 1519 euenum.

134 1545 160 1618 3.
180 1545 228 1601 12.
271 1545 448 1618 aqqrcvante]
467 1545 635 1618 adorawnte
652 1545 738 1603 Bern.
755 1547 786 1605 A
803 1546 882 1603 Flor.
900 1545 940 1604 A.

134 1630 229 1704 313.
276 1629 461 1702 Onotbresque
484 1629 585 1703 (frater
608 1631 652 1687 bio
674 1641 733 1688 erat
749 1632 839 1705 Dar.)
854 1632 928 1705 filia]
959 1630 1129 1704 Oeatrieque
1146 1629 1232 1687 Bern.
1249 1629 1281 1688 A

84 1735 124 1774 or.
143 1715 202 1772 AB
222 1715 303 1771 Leid.
331 1707 449 1772 Ouobrie
473 1714 552 1770 Flor.
571 1713 618 1787 G,
648 1720 807 1791 oratrieque
829 1716 907 1773 Flor.
931 1714 971 1788 C,
1002 1718 1150 1790 matrisque
1179 1715 1282 1790 reliqui

82 1820 126 1859 or.
145 1800 209 1857 Pal.
230 1802 244 1857 1
264 1799 353 1858 Voss.
373 1802 390 1856 2
411 1791 587 1880 (Ὀξάθρης
604 1810 647 1858 001
664 1804 741 1877 apud
757 1803 875 1860 Diodor.
893 1801 1007 1870 XVII,
1024 1800 1088 1875 34.)
1128 1802 1206 1857 Haec
1223 1810 1282 1857 erut

82 1889 135 1943 orii
155 1887 219 1960 filia
237 1886 317 1945 Flor.
335 1883 377 1957 C3
396 1886 481 1950 etism
509 1887 610 1961 reliqui
628 1887 706 1945 Flor.
734 1898 847 1963 praeter
863 1885 953 1945 ABG
971 1894 1036 1962 post
1053 1890 1148 1961 frater
1174 1885 1281 1943 maiora

82 1972 229 2029 stinetione
245 1980 372 2029 utuntur.
417 1973 546 2044 cortiano]
565 1975 665 2030 coniuc
681 1972 767 2032 Bern.
782 1974 808 2032 B
821 1972 899 2031 Flor.
914 1972 1007 2030 BDF.
1040 1971 1282 2044 11010100]οΜ-

84 2059 109 2113 ri
125 2056 206 2113 Flor.
223 2056 267 2131 B,
283 2057 409 2114 Arabari
424 2056 503 2113 Flor.
521 2054 564 2130 C,
589 2058 733 2116 artbabazi
747 2059 826 2117 Flor.
843 2057 964 2131 DFGI,
986 2057 1134 2114 crebebazi
1154 2056 1233 2114 Flor.
1250 2057 1282 2114 Η

81 2160 139 2200 000.
159 2142 188 2199 2.

134 2228 159 2301 3.
179 2229 228 2284 14.
272 2227 462 2300 Pbornabaze]
478 2226 667 2301 pbornubazei
682 2229 769 2288 Bern.
780 2231 811 2289 A
829 2230 907 2288 Flor.
919 2228 977 2287 AB
994 2228 1075 2285 Leid.
1108 2231 1183 2303 orae]
1202 2229 1285 2285 borae

81 2314 127 2371 lor.
145 2313 178 2370 A
195 2323 224 2370 st
240 2332 258 2370 0
275 2333 317 2388 pr.
335 2332 411 2370 men.
429 2314 479 2369 sed
496 2323 652 2371 correctum
670 2316 756 2373 Born.
775 2316 806 2373 A
822 2315 903 2373 Leid.
921 2316 1010 2372 Voss.
1030 2316 1057 2371 1.

135 2400 230 2473 316.
270 2401 404 2472 pecuniae
427 2400 562 2472 siqnotoe]
583 2405 702 2473 pecunia
725 2403 833 2476 siqnatc
849 2401 930 2459 Leid.
955 2400 1044 2457 Voss.
1065 2402 1091 2457 1.
1111 2400 1128 2455 2
1148 2398 1226 2457 Flor.
1245 2399 1285 2471 A,

81 2494 159 2558 ynata
179 2487 299 2559 pecunia
321 2484 407 2540 Bam.
425 2484 457 2541 A
477 2484 572 2554 (eraso
589 2503 603 2540 e
622 2504 686 2543 cum
703 2486 806 2545 fuisset
823 2488 971 2563 pecuniae)
997 2494 1026 2542 st
1042 2486 1069 2542 B
1093 2484 1172 2544 Flor.
1191 2483 1286 2558 CEH,

81 2573 182 2627 cuniae
199 2573 307 2644 siqnato
324 2570 403 2628 Flor.
422 2567 452 2627 G
470 2569 513 2624 od.
532 2589 574 2644 pr.
618 2574 774 2646 quinqcnta]
795 2574 993 2648 quinquaqinta
1010 2571 1089 2629 Flor.
1107 2571 1133 2627 B
1151 2570 1239 2628 Voss.
1259 2571 1287 2627 2.

137 2657 162 2730 3.
183 2656 232 2712 17.
281 2655 383 2729 debita]
403 2654 494 2712 omitt.
512 2655 592 2712 Leid.
636 2666 742 2731 opport.
759 2659 895 2730 solatium]
916 2665 1077 2732 oportunum
1094 2656 1173 2712 Flor.
1190 2674 1289 2713 omncs

81 2751 162 2798 aeter
178 2741 226 2812 Η,
242 2743 372 2799 scledum
388 2740 474 2797 Bern.
492 2741 523 2797 A
540 2740 619 2798 Flor.
636 2741 711 2812 AB,
733 2745 856 2799 saucium
872 2741 951 2800 Flor.
970 2741 1001 2797 H
1018 2741 1105 2798 Bern.
1122 2741 1158 2797 Β.
1202 2742 1290 2797 ecole-

80 2828 131 2900 sse]
151 2828 298 2884 exsoluisse
315 2826 402 2883 Bern.
420 2827 451 2883 A
474 2843 492 2880 a
508 2845 551 2901 pr.
574 2845 650 2885 men.
673 2826 751 2884 Flor.
769 2824 844 2898 AC,
868 2828 1013 2885 excoluisse
1031 2826 1110 2883 Leid.
1133 2827 1290 2882 obsolevisse

80 2911 142 2969 oss.
163 2913 198 2985 1,
215 2913 348 2970 euoluisse
364 2911 390 2970 F
391 2911 443 2970 lor.
459 2910 496 2969 Β.
771 2920 775 2929 “

573 3122 687 3186 Liber
713 3122 776 3185 IV.

141 3248 216 3328 Cup.
236 3254 272 3327 1,
296 3256 321 3328 3.
342 3253 368 3312 1.
390 3252 453 3329 per]
473 3253 564 3313 omitt.
582 3253 671 3314 Voss.
690 3257 708 3312 2
728 3255 816 3314 solus.
834 3253 982 3328 immensis]
1007 3254 1134 3311 inmersis
1150 3251 1238 3311 Bsrn.
1260 3251 1293 3309 A

82 3338 134 3397 lor.
152 3337 261 3412 AFG,
279 3343 308 3395 in
325 3343 424 3397 mensis
441 3341 521 3398 Leid.
540 3341 629 3398 Voss.
650 3344 677 3399 1.
721 3344 787 3415 ium]
808 3343 890 3399 abest
906 3360 924 3397 a
940 3340 966 3397 F
969 3341 1019 3398 lor.
1038 3339 1074 3397 E.

141 3424 167 3497 3.
187 3425 216 3481 2.
260 3426 351 3482 eodem
368 3429 468 3500 omnes]
494 3445 584 3483 omnes
606 3429 696 3484 eodem
714 3427 800 3484 Bern.
818 3427 853 3484 B.
898 3429 934 3502 et]
954 3425 1060 3485 omittit
1076 3424 1201 3484 Voss.1
1229 3424 1295 3483 nul·

79 3528 101 3567 rs
119 3519 293 3567 nostrorum.

141 3597 168 3669 3.
186 3591 216 3653 3.
261 3592 389 3669 quattuor
406 3599 492 3671 milio]
512 3599 572 3661 ΠΤῑ
590 3597 668 3656 Flor.
686 3598 733 3669 Η,
751 3598 857 3656 omittit
873 3600 930 3657 duo
947 3601 1035 3657 verba
1051 3598 1138 3655 Bern.
1155 3597 1191 3654 B.

142 3682 167 3754 3.
188 3681 217 3736 4.
261 3681 312 3753 At]
332 3681 422 3738 omitt.
440 3682 528 3740 Voss.
549 3685 575 3740 1.
619 3685 772 3757 asservare]
791 3686 938 3742 adservare
954 3685 1040 3741 Born.
1058 3683 1089 3740 A
1107 3679 1295 3751 Flor.ACD‚

79 3767 198 3840 iliqentia
214 3783 324 3822 seruare
342 3766 419 3824 Flor.
438 3768 477 3825 H.
519 3767 626 3842 Coelen]
650 3767 732 3825 Colen
750 3769 836 3828 Bern.
848 3770 879 3829 A
897 3789 916 3827 0
933 3789 974 3845 pr.
992 3787 1068 3826 man.
1089 3766 1188 3823 Oudon
1206 3765 1295 3823 Voss.

86 3893 94 3922 ,
122 3850 225 3908 Coelen
243 3850 321 3908 Flor.
340 3852 387 3926 Η,
415 3851 495 3910 Ceben
512 3853 590 3911 Flor.
608 3851 714 3911 DFGI
737 3855 824 3912 Bern.
843 3856 886 3928 B,
913 3854 1002 3912 Celem
1019 3853 1097 3910 Flor.
1115 3852 1160 3924 Ε,
1188 3849 1296 3908 Celerin

79 3937 147 3993 'oss
167 3935 197 3991 2.

143 4022 169 4094 3.
190 4020 218 4077 5.
263 4020 342 4095 Syn]
372 4023 452 4097 Syrii
478 4023 564 4080 Bem.
588 4024 615 4080 B
640 4024 718 4082 Flor.
740 4026 818 4096 EH,
851 4029 913 4084 sirii
947 4025 1024 4082 Flor.
1048 4019 1124 4079 FGI
1152 4019 1242 4077 Voss.
1267 4019 1296 4076 2.

78 4107 191 4179 ondum]
212 4106 335 4164 nundum
351 4108 377 4165 F
381 4108 430 4164 lor.
447 4109 510 4166 BF.
554 4109 716 4185 obedienter]
740 4111 907 4168 oboedienter
923 4110 1009 4167 Bem.
1020 4108 1051 4165 A
1067 4105 1148 4162 Leid.
1166 4105 1254 4162 Voss.
1268 4106 1296 4161 1.

78 4191 187 4264 [radus]
207 4189 340 4247 Arardus
357 4193 435 4250 Flor.
453 4193 496 4266 Β,
514 4195 620 4251 nardus
637 4195 715 4252 Flor.
734 4194 758 4253 C
777 4196 866 4254 Voss.
885 4197 921 4266 2,
944 4203 1039 4250 armus
1055 4190 1134 4249 Flor.
1151 4190 1189 4248 E.

146 4276 171 4348 3.
193 4276 221 4331 6.
267 4276 438 4334 Maritimum
455 4288 511 4335 tum
528 4281 616 4352 oram]
643 4301 678 4337 m.
696 4289 752 4337 turn
769 4281 864 4338 boram
881 4281 967 4338 Bern.
985 4280 1025 4352 A,
1043 4298 1078 4335 m.
1096 4285 1184 4332 tamen
1201 4276 1297 4333 boram

78 4362 139 4418 reid.
157 4359 250 4417 Voss.
271 4360 285 4414 1
307 4363 349 4433 (ot
365 4363 473 4437 Dum),
490 4373 577 4421 tomen
595 4365 680 4422 etiam
698 4365 776 4425 Flor.
795 4363 830 4423 C.

146 4443 223 4520 Cap.
241 4445 279 4518 2,
307 4448 331 4519 3.
351 4449 379 4505 7.
421 4450 536 4523 litterae]
577 4446 626 4508 Sic
651 4451 699 4529 (tt)
727 4447 1296 4526 omnesFlor.praote1-Iquiliteroe
