2926 5174
187 280 261 351 490
672 299 706 361 o.
732 298 857 350 cumn
873 300 956 350 surr

187 480 286 583 Cyro.
338 482 430 556 Hire
455 483 512 557 illa
538 482 718 581 beaiqaitas
744 483 780 556 ia
806 495 843 574 te,
870 495 913 574 et,
938 482 1032 582 qaod
1058 481 1206 582 impune
1232 486 1343 560 labem
1363 507 1443 561 maa

181 608 312 693 poterat
341 591 492 686 Orsines,
524 594 679 669 donando
704 595 803 667 etiem
825 594 973 693 qratiam
1008 594 1124 668 iniret.
1185 593 1412 670 Concitaverat
1422 615 1442 663 rr

184 707 255 778 iam
281 707 437 777 animum
462 706 499 776 in
524 706 633 778 iram:
661 731 743 777 cum
767 706 814 795 hi,
843 705 968 802 quibus
987 706 1187 802 negotium
1213 707 1309 781 idem
1331 709 1411 782 dede·

183 827 250 907 rat,
277 818 542 914 superveniunt.
589 815 682 889 Hinc
706 815 858 914 Bagoae,
884 817 965 889 hinc
993 818 1041 890 ab
1072 843 1117 889 eo
1149 819 1344 910 subornati,
1364 822 1410 893 fal·

185 929 232 1001 sis
258 929 462 1000 criminibus
490 937 666 1024 occupant
692 952 806 1002 aures.
865 928 1076 1024 Antequam
1107 932 1276 1003 accusari
1312 957 1346 1004 se
1367 952 1439 1003 sua

184 1041 381 1137 spicaretur
408 1035 565 1127 Orsines
595 1039 633 1108 in
658 1039 801 1113 vincula
827 1049 883 1112 est
907 1037 1076 1111 traditus
1132 1039 1220 1114 Non
1247 1053 1409 1115 contentus

184 1152 356 1249 supplicio
370 1149 520 1222 insontis
544 1147 666 1245 spado,
694 1150 770 1246 ipse
783 1152 954 1223 morituro
972 1175 1130 1222 manum
1142 1152 1271 1227 iniecit
1315 1151 1409 1242 Quem

186 1261 332 1336 Orsines
366 1262 526 1350 intuenS,
564 1261 767 1353 Audieram,
802 1261 931 1358 inquit,
965 1260 1003 1333 ire
1034 1261 1131 1334 Asia
1166 1263 1247 1338 olim
1280 1291 1408 1364 reorum

173 1374 343 1476 seminas,
377 1373 436 1444 loe
469 1394 546 1445 vero
570 1396 693 1444 aonam
727 1386 787 1465 est,
827 1397 965 1471 reqaare
1000 1376 1214 1446 castratam!
1266 1374 1330 1449 Hic
1357 1377 1435 1449 suita

185 1486 302 1559 exitus
328 1482 537 1555 nobilissimi
550 1480 750 1573 Persarum,
776 1508 843 1556 neo
868 1483 1020 1555 insontis
1038 1483 1166 1574 modo,
1196 1487 1261 1559 sed
1283 1487 1405 1560 eximiae

184 1621 324 1692 quoque
350 1593 578 1689 benignitatis
605 1594 641 1664 in
668 1619 823 1690 regem·
850 1591 989 1665 Eodem
1021 1603 1195 1692 tempore
1222 1597 1405 1687 Phradates,
1415 1615 1433 1662 ³⁹

181 1732 331 1804 regnum
358 1706 545 1779 affectasse
572 1715 768 1800 suspectus,
795 1703 975 1779 occiditur.
1018 1702 1207 1803 Coeperat
1234 1734 1311 1782 esse
1329 1733 1405 1807 prae

184 1844 266 1916 ceps
302 1817 348 1889 ad
374 1813 676 1913 repraesentanda
710 1816 898 1915 supplicia,
933 1816 1020 1889 item
1054 1817 1104 1890 ad
1141 1819 1322 1894 deteriora
1351 1844 1404 1892 cre
1437 1826 1439 1831 ’

184 1927 310 2003 denda.
370 1925 510 2001 Scilicet
544 1952 602 1999 res
637 1926 814 2000 secundae
848 1927 972 2000 valent
998 1941 1230 2006 commutare
1257 1941 1404 2018 naturam,
1414 1945 1431 1991 ⁴⁰

183 2049 220 2114 et
245 2065 327 2112 raro
354 2039 541 2136 quisquam
576 2063 661 2135 erga
687 2038 783 2110 bona
817 2063 881 2111 sua
916 2038 1004 2110 satis
1041 2028 1177 2114 cautus
1215 2054 1280 2117 est.
1329 2039 1404 2113 Iden

182 2152 275 2225 enim
301 2152 408 2248 paulo
431 2160 523 2232 ,ante
545 2148 747 2248 Lyncesten
772 2147 1021 2223 Alexandrum
1048 2150 1219 2227 delatum
1244 2181 1267 2228 a
1291 2153 1404 2226 duobus

180 2261 355 2334 indicibus
384 2262 554 2335 damnare
580 2286 654 2332 non
680 2260 912 2350 sustinuerat,
939 2261 1152 2337 humiliores
1181 2284 1323 2363 quoque
1344 2285 1403 2336 reor
1413 2276 1428 2322 41

182 2381 307 2445 contra
334 2398 435 2446 suam
461 2374 700 2462 voluntatem,
736 2373 820 2469 quia
845 2372 971 2444 ceteris
1007 2373 1237 2450 videbantur
1262 2378 1403 2460 insontes,

181 2507 307 2580 passus
334 2483 488 2572 absolvi3
523 2483 687 2555 hostibus
721 2483 824 2556 victis
860 2509 973 2580 regna
1003 2482 1242 2559 reddiderat:
1280 2487 1325 2560 ad
1345 2485 1429 2557 ulti-r

179 2619 277 2666 mum
303 2619 390 2666 vero
416 2595 467 2666 ita
494 2606 570 2667 tum
597 2594 642 2666 ab
670 2595 861 2692 semetipso
888 2593 1144 2692 degeneravit,
1184 2608 1237 2689 ut,
1272 2597 1399 2672 invictus

213 2833 235 2898 ἓ.
258 2837 300 2884 39.
335 2832 394 2882 item
420 2833 458 2882 od
483 2833 611 2883 deteriora
638 2831 779 2899 eredendo]
814 2829 877 2883 item
894 2829 973 2882 Patr
994 2829 1112 2882 Bcrn.B
1131 2834 1302 2904 eddprinc,
1319 2845 1403 2902 reatae

177 2898 241 2952 Non
259 2915 354 2952 censeo
372 2898 435 2951 ferri
454 2917 531 2978 posse
543 2900 616 2969 quod
624 2899 705 2968 vulgo
724 2898 780 2950 edi-
815 2900 920 2951 dixerat
936 2898 1051 2950 traditur
1070 2917 1087 2950 a
1107 2899 1195 2955 Snak.
1219 2903 1349 2957 inventum
1362 2912 1403 2951 esse

177 2975 221 3020 tur
238 2975 266 3020 et
283 2966 311 3019 in
327 2986 388 3019 mse.
398 2967 530 3037 plerisque
549 2966 670 3020 omnibus
684 2967 781 3037 legitur
814 2966 842 3018 in
858 2968 935 3018 Voss.
954 2973 969 3018 2
988 2975 1016 3018 et
1033 2967 1174 3021 edebatur
1198 2972 1234 3024 ab
1253 2971 1323 3025 Alto
1338 2976 1361 3022 et
1372 2966 1403 3019 lt·

177 3039 252 3102 idem,
282 3036 499 3106 quandoquidem
525 3036 630 3088 Adiect.
650 3053 781 3104 praeceps
814 3034 873 3102 nio,
893 3036 976 3088 donec
992 3035 1105 3088 Modius
1123 3056 1214 3106 reama
1232 3043 1403 3093 reduceretu-

177 3103 257 3157 etiam
279 3105 313 3156 ad
335 3104 484 3173 posteriora
506 3104 630 3169 refertur,
654 3121 702 3157 nec
720 3121 781 3156 cen·
815 3103 927 3156 vocavit.
979 3104 1011 3155 In
1037 3103 1124 3158 Bern.
1153 3108 1181 3159 A
1213 3108 1339 3162 indicatur
1362 3116 1403 3155 tm

178 3174 271 3226 sebant
288 3172 436 3225 Schefferus
460 3180 487 3223 et
506 3171 638 3224 Heinsius.
673 3173 716 3224 En
733 3171 782 3224 tibi
816 3189 897 3241 reqaa
925 3173 1048 3238 duxerat,
1082 3172 1217 3245 idemque
1249 3185 1296 3230 aut
1318 3185 1402 3244 reqmrt

179 3250 271 3294 auctor
297 3241 328 3293 fit
345 3241 416 3293 Flor.
443 3239 483 3306 G,
520 3241 541 3293 si
573 3239 628 3292 eius
656 3240 781 3310 suffragio
817 3243 928 3293 duxerat
953 3239 1058 3292 videtur
1086 3241 1116 3294 in
1143 3243 1225 3298 Leid.
1256 3253 1286 3298 et
1308 3244 1402 3301 Vosal,

178 3311 303 3362 utendum
320 3317 405 3378 putas.
743 3337 748 3348 ·
817 3308 862 3378 qui
880 3307 1001 3375 silentur,
1020 3308 1167 3364 inventum
1187 3330 1256 3367 esse.

212 3381 235 3445 §.
253 3385 295 3431 40.
331 3395 393 3446 erqo
421 3379 488 3430 bona
513 3379 578 3498 saa}
614 3379 701 3448 Bona·
719 3377 744 3429 h.
763 3377 780 3430 l.
850 3379 873 3444 ξ.
891 3383 933 3429 42.
967 3380 1004 3429 ad
1029 3379 1165 3448 altimum]
1213 3382 1291 3447 Quae
1316 3392 1402 3450 aequm

177 3445 258 3515 paulo
294 3445 447 3499 insolentius
482 3463 559 3498 secun
580 3463 622 3498 am
647 3446 780 3498 fortunam
814 3445 913 3499 tursio
938 3444 1098 3498 exhibentur
1115 3447 1146 3501 in
1165 3450 1243 3504 Flor.
1260 3454 1300 3505 A:
1317 3444 1402 3503 adsit>

177 3521 273 3579 vocat,
298 3514 425 3584 qusquis
448 3514 538 3567 utitur.
573 3514 617 3568 Sic
635 3531 715 3583 supra
732 3514 779 3567 lib.
813 3532 881 3567 mam
899 3517 1032 3568 traiectum
1049 3516 1085 3567 ab
1104 3522 1249 3588 semetipso
1267 3512 1403 3590 memmi

177 3598 244 3648 v111,
265 3589 294 3636 16
314 3582 393 3634 dixit:
416 3585 484 3651 renis
502 3585 586 3636 minas
609 3585 662 3636 iam
680 3584 779 3652 capidi·
813 3592 841 3635 at
858 3585 887 3636 ia
905 3585 1033 3653 quoddam
1051 3587 1188 3640 adversus
1208 3590 1350 3649 libidinem.
1368 3594 1403 3635 Μ

178 3653 274 3706 tatibus
301 3653 357 3705 sais
384 3653 537 3720 imperantis
568 3653 636 3704 inter
661 3652 780 3721 obsequia
816 3650 954 3705 discedunt
975 3650 1070 3720 reliqui
1096 3652 1150 3706 nisi
1170 3657 1250 3726 quod
1275 3675 1294 3710 a
1374 3649 1403 3710 a)

171 3722 314 3792 fortunae,
337 3730 524 3798 contraquam
550 3722 685 3772 nonsatis
703 3730 780 3773 cauta
814 3720 915 3774 habent
930 3720 1000 3774 Flor.
1017 3727 1129 3788 praeter
1146 3722 1173 3775 B
1194 3723 1295 3796 reliqui
1387 3714 1403 3769 t

178 3799 216 3844 est
237 3791 389 3843 mortalitas.
424 3786 484 3841 Nrsi
510 3787 562 3840 hoc
579 3788 710 3841 sententia
730 3788 781 3842 loci
815 3789 892 3842 Voss.
906 3797 931 3855 2,
949 3796 1004 3841 tum
1040 3805 1071 3840 ro
1091 3804 1126 3842 eo
1145 3794 1225 3861 quod
1243 3801 1287 3848 est
1302 3790 1404 3862 quadris·
1462 3834 1463 3839 ,

177 3859 302 3924 doceret,
326 3860 393 3910 bona
411 3874 468 3910 mea
486 3854 581 3908 Latine
599 3855 781 3927 intelligeren-
814 3856 891 3910 Leid.
917 3861 991 3923 dam,
1017 3805 1101 3909 Rern.
1120 3859 1148 3910 A
1196 3879 1233 3914 ao
1261 3865 1334 3927 dam,
1356 3854 1405 3913 ΗΝ·

178 3945 223 3981 rur
240 3925 321 3982 animi
337 3925 457 3978 virtutes.
814 3925 890 3978 EFH
906 3925 986 3978 Bern.
1003 3924 1026 3976 B
1044 3923 1105 3977 Pal.
1126 3933 1139 3978 1
1199 3937 1287 3984 osae
1310 3928 1405 3999 quodve

213 4000 237 4060 §-
255 4002 297 4048 41.
332 4011 415 4062 reqaa
432 3995 592 4060 reddiderat]
629 3992 673 4046 Sic
691 4008 780 4044 emen·
814 3991 1134 4061 Flor.BDGIqaosdam.
1153 3995 1233 4050 Edit
1244 3991 1405 4068 princaddt

179 4063 252 4117 davit
285 4061 497 4128 Freinshemius,
525 4060 585 4114 coll.
616 4060 692 4114 huius
719 4060 780 4113 libri
815 4064 937 4115 traiectas
954 4078 972 4114 a
996 4063 1134 4128 semetmso
1155 4066 1330 4131 deqenerarit
1347 4073 1406 4131 arrd

179 4149 236 4202 cap.
256 4137 287 4184 18
306 4141 440 4199 tetreque
459 4131 732 4199 aatredditaqaibas
750 4147 780 4182 ea
815 4140 843 4183 at
868 4132 897 4183 ia
922 4130 1032 4199 quadam
1056 4136 1109 4181 oet
1155 4120 1251 4187 Aldus
1270 4137 1406 4188 adema

180 4202 326 4268 dempserat
344 4201 420 4265 bello,
449 4208 495 4252 aat
513 4202 579 4252 dono
607 4200 678 4251 data.
714 4198 780 4251 Vul-
814 4201 949 4270 semetipso
976 4199 1142 4264 deqeaeravit
1171 4204 1204 4253 in
1227 4205 1353 4271 quosdam
1373 4202 1407 4253 tet

179 4275 242 4387 {ata
258 4285 339 4336 renna
357 4270 510 4333 reduxerat,
533 4284 613 4337 quam
629 4264 735 4319 Modius
753 4265 780 4318 in
814 4267 905 4320 Iunius
923 4265 1033 4335 denique
1056 4267 1096 4318 ad
1111 4268 1163 4320 alt.
1184 4287 1205 4323 a
1227 4273 1362 4340 semetipse
1380 4267 1408 4318 dl·

220 4335 274 4388 lon.
293 4352 340 4387 suo
351 4352 406 4387 esse
421 4334 493 4402 dicit,
512 4352 616 4387 sensum
626 4335 780 4387 nonhabet.
812 4337 958 4404 qenerarit,
975 4350 1054 4403 usqae
1071 4336 1140 4386 adeo
1161 4348 1195 4390 ut
1213 4343 1342 4393 ademta
1357 4332 1408 4390 litt

182 4399 423 4456 GaddFlorentini
441 4420 650 4472 omnesreqnare
663 4406 779 4466 duxerat,
815 4412 865 4458 oet.
893 4403 962 4474 quod
988 4410 1017 4454 et
1041 4400 1155 4477 Medius
1177 4405 1291 4476 placide
1317 4405 1408 4460 aare
