2926 5174
516 323 565 374 ua
593 321 720 374 casus
747 320 855 371 arax.
883 319 959 387 vur,
974 316 1018 367 41.
1301 298 1374 372 411

103 505 253 605 attegiis
287 503 417 578 deserti
452 515 543 579 sunt.
605 504 686 580 Rex
724 506 884 591 locorum
921 504 1035 601 magis
1070 528 1178 600 quam
1216 502 1375 576 hostium

143 618 272 706 victor,
304 626 423 690 tamen
447 642 616 715 magnam
642 617 829 690 victoriam
862 615 1040 687 sacrificiis
1074 623 1111 687 et
1142 615 1241 687 cultu
1274 614 1381 688 deum

142 728 234 800 fecit.
285 727 380 801 Arae
411 729 447 801 in
486 740 589 827 petra
620 728 758 800 locatae
791 737 875 799 sunt
906 725 1089 799 Minervae
1116 723 1378 823 Victoriaeque.

100 858 126 905 u
141 837 301 912 Ducibus
326 839 476 929 itineris,
512 865 582 935 quo
609 840 728 912 subire
760 839 914 911 iusserat
944 837 1071 910 leviter
1103 847 1277 928 armatos,
1313 840 1381 912 etsi

141 950 324 1049 promissis
349 951 487 1024 minora
512 951 781 1049 praestiterant,
814 949 970 1046 pretium
996 974 1078 1021 cum
1103 949 1174 1021 fide
1200 949 1382 1024 redditum

141 1070 206 1134 est
234 1059 363 1135 Petrae
376 1062 600 1160 regionisque
614 1063 646 1134 ei
661 1061 849 1134 adiunctae
865 1057 1046 1134 Sisocosto
1066 1061 1180 1134 tutela
1198 1062 1380 1160 permissa.

95 1192 146 1239 111.
250 1172 338 1247 Inde
363 1175 538 1271 processit
554 1172 754 1246 Ecbolima:
781 1183 921 1245 etcum
948 1173 1131 1269 angustias
1158 1172 1293 1244 itineris
1321 1174 1381 1246 ob·

143 1283 250 1357 sideri
275 1311 328 1357 xx
352 1284 493 1356 milibus
521 1296 741 1358 armatorum
764 1284 809 1357 ab
828 1282 930 1357 Erice
957 1283 1113 1381 quodam
1140 1284 1380 1382 comperisset,

142 1397 287 1494 gravius
315 1421 444 1495 agmen
466 1396 643 1469 exercitus
663 1392 785 1468 Coeno
804 1396 1007 1469 ducendum
1024 1394 1172 1468 modicis
1195 1395 1380 1468 itineribus

114 1507 300 1582 ttradidit.
352 1507 434 1606 lpse
460 1531 700 1607 praegressus,
733 1508 914 1582 funditore
933 1533 974 1581 ac
1002 1507 1188 1606 sagittario
1215 1506 1381 1580 deturba·

175 1698 200 1762 S.
219 1701 261 1748 24.
297 1711 419 1764 magnam
445 1694 579 1746 victoriam
605 1693 744 1759 nataliciis
815 1693 961 1814 Sisocostrss
985 1692 1099 1748 Arriano
1116 1699 1229 1745 vocatur
1243 1693 1381 1748 Sisieottus

143 1773 166 1817 et
182 1764 255 1816 calta
273 1765 348 1816 deam
364 1763 443 1832 fecit]
478 1760 578 1815 Locum
595 1760 745 1814 emendavi·
779 1760 917 1826 libram.
963 1761 1381 1816 iodorushominemuominenon

143 1850 198 1884 mus
224 1839 255 1884 ut
281 1831 358 1886 nobis
385 1831 492 1912 quidem
516 1830 650 1897 videmur,
681 1829 744 1883 satis
780 1830 905 1901 appellat.
937 1831 1050 1885 Codices
1066 1829 1186 1885 Curtiani
1200 1849 1252 1883 non
1269 1839 1381 1898 mutant,

142 1900 331 1971 probabiliter,
358 1900 414 1953 alirs
433 1901 545 1953 fortasse
568 1899 646 1969 paulo
664 1900 745 1951 auda·
780 1907 883 1952 tantum
900 1900 1004 1954 aloru
1024 1901 1162 1952 Sisocoete.

142 1969 209 2037 cius,
232 1971 280 2022 sed
298 1969 325 2022 iu
343 1977 434 2040 aperta
456 1968 624 2039 corruptione
646 1967 746 2039 aliquid
816 1973 840 2032 S.
856 1976 879 2021 1.
914 1970 1062 2048 Ecbolima]
1098 1967 1173 2020 Libri
1191 1967 1311 2021 Curtiani
1328 1986 1382 2022 nou

143 2055 198 2091 esse
224 2039 373 2090 audendum
398 2037 545 2090 videbatur.
580 2037 692 2104 Legitur
718 2035 747 2088 in
780 2037 892 2104 variant,
911 2037 961 2089 nisi
975 2039 1119 2091 deterreres
1133 2036 1181 2102 ita,
1199 2036 1381 2107 utintelligas,

142 2107 200 2159 edd.
227 2106 314 2177 princi
333 2107 391 2159 ibus
417 2114 446 2159 et
470 2105 646 2175 integerrimis
669 2105 747 2159 codd.
783 2105 845 2175 quid
863 2105 1010 2172 voluerint,
1038 2112 1110 2172 (nam
1128 2107 1245 2159 ectolima
1263 2106 1333 2158 Flor.
1348 2105 1382 2173 E,

144 2175 298 2244 (Modianis,
355 2175 389 2228 id.
407 2175 485 2229 Voss.
505 2183 517 2227 1
537 2179 615 2228 Bora.
632 2175 658 2226 Α
676 2174 746 2227 Flor.
782 2185 805 2227 et
823 2177 930 2228 ctolima
940 2175 972 2241 F,
990 2186 1014 2229 et
1032 2177 1124 2228 colima
1139 2174 1232 2240 Pall,
1251 2184 1274 2227 et
1287 2176 1383 2228 boiima

142 2245 206 2314 AB)
224 2245 275 2298 sic:
302 2262 413 2314 maqaoe
431 2245 552 2297 victoriae
569 2245 706 2310 sacrptciis
724 2252 748 2295 et
781 2243 852 2296 Flor.
866 2244 889 2309 I,
909 2246 1017 2298 ebolima
1036 2244 1106 2298 Flor.
1120 2243 1157 2309 H,
1176 2246 1286 2297 edoiima
1304 2248 1382 2296 Bern.

143 2316 212 2368 culta
230 2317 307 2367 deum
316 2315 394 2383 serit,
420 2312 505 2366 Aldus
519 2324 668 2366 ceterorum
676 2310 747 2366 codi·
780 2313 827 2380 B).
867 2312 922 2367 Sed
940 2314 1066 2366 Arrianus
1084 2328 1129 2379 rr,
1152 2319 1184 2366 28
1207 2314 1299 2365 urbem
1323 2331 1383 2394 pro-

145 2398 203 2435 cum
228 2382 364 2452 scriptura
385 2398 445 2435 rece
463 2390 492 2434 ta
516 2387 543 2447 (a
561 2398 613 2453 qua
631 2400 683 2434 non
701 2384 748 2436 ab·
800 2381 827 2434 in
846 2399 906 2435 uam
915 2383 1006 2436 Aorno
1021 2382 1137 2452 appellat
1146 2383 1303 2447 Embolima,
1321 2390 1385 2435 rtem

143 2459 207 2504 eunt
232 2450 285 2504 nisi
307 2451 380 2503 Flor.
393 2450 421 2502 H
443 2400 523 2503 beru.
546 2450 569 2502 B
593 2451 646 2503 diis
666 2451 747 2519 fecit)
780 2399 950 2504 l'tolemaeus
966 2451 1036 2505 inter
1048 2453 1127 2504 urbes
1141 2451 1174 2503 ad
1191 2451 1276 2520 ipsum
1290 2453 1384 2503 Indum

142 2519 268 2589 vulgatae
285 2527 379 2573 auctor
399 2520 482 2572 factus
499 2526 552 2571 est:
578 2536 689 2588 magnae
711 2523 747 2572 vi-
782 2519 854 2573 ritas.
889 2520 993 2574 Neuter
1010 2521 1044 2572 ad
1061 2520 1133 2573 cuius
1152 2520 1234 2572 amnis
1248 2520 1275 2571 in
1288 2520 1385 2573 ludum

145 2590 242 2642 ctoriae
260 2589 398 2655 sacmflciis
416 2598 440 2641 et
457 2591 526 2640 calta
544 2590 594 2640 diis
612 2588 748 2656 satisfecit.
784 2586 906 2654 ἐκβολὴν
924 2589 978 2641 sive
996 2586 1122 2655 ἐμβαλὴν
1140 2587 1190 2640 sita
1207 2587 1297 2654 fuerit,
1321 2589 1384 2641 defi-

145 2656 272 2710 Contenti
290 2673 347 2710 esse
365 2658 413 2710 hac
430 2656 544 2710 lectione
561 2673 704 2726 possemus,
727 2657 748 2712 si
783 2656 832 2725 nit,
850 2664 921 2710 certe
939 2659 973 2710 ad
987 2656 1119 2726 Cophenis
1137 2656 1234 2709 etIndi
1253 2658 1385 2709 confluen-

143 2725 207 2778 uihil
224 2725 299 2778 aliud
318 2741 502 2796 quaereremus
520 2742 598 2796 quarn
615 2726 687 2796 quod
702 2725 749 2778 ali·
783 2735 837 2792 tes,
868 2727 938 2794 quod
955 2727 1011 2778 fere
1028 2733 1140 2795 putant,
1164 2725 1270 2794 probari
1292 2725 1386 2796 nequit

143 2812 195 2864 qua
224 2793 332 2847 ratione
364 2800 454 2864 posset
483 2792 604 2862 intelligi.
649 2793 749 2846 Verum
783 2803 811 2848 et
828 2794 944 2847 aCurtii
961 2801 1051 2846 mente
1068 2793 1173 2845 videtur
1190 2793 1303 2846 alienum
1320 2811 1385 2859 esse,

144 2863 282 2916 offendunt
304 2880 368 2915 sane
389 2879 499 2932 magnae
521 2864 642 2915 natoriae
663 2865 748 2914 sacri·
783 2863 925 2917 secundum
941 2879 1019 2931 quem
1033 2861 1174 2915 Ecbolima
1183 2861 1286 2942 longius
1300 2861 1385 2915 multo

135 2933 213 3000 ficia,
231 2939 261 2984 et
281 2931 388 2984 omnino
406 2931 433 2984 in
450 2932 500 2984 hoc
514 2930 661 2984 discrimine
678 2930 748 2984 codi-
783 2933 816 2984 ad
834 2930 1027 3001 septentriones
1048 2930 1173 2982 videntur
1200 2931 1287 2984 fuisse.
1322 2931 1386 2984 Dux

145 3016 204 3053 cum
231 3000 338 3053 diversa
364 2999 506 3053 alterorum
536 3005 664 3070 scriptura
695 3017 748 3052 non
783 2996 871 3053 autem
884 2999 1009 3052 Indorum
1018 3000 1088 3069 apud
1098 2998 1242 3051 Diodorum
1251 2998 1386 3070 est‘Appt-

178 3077 231 3122 test
257 3068 311 3122 nisi
336 3087 384 3148 pro
414 3068 530 3138 periculo
558 3067 748 3120 emendationis
784 3090 840 3134 aas,
859 3069 930 3138 apud
944 3067 1066 3121 Curtium
1083 3067 1110 3119 in
1127 3067 1279 3138 vulgaribus
1297 3084 1385 3121 exem-

143 3087 242 3191 libert
271 3137 380 3191 Modrus
396 3136 477 3206 igitur
489 3137 647 3190 membranis
659 3136 747 3190 nescio
803 3136 899 3190 laribus
919 3137 1004 3205 Eryx.
1048 3135 1101 3188 Sed
1124 3154 1172 3189 nos
1198 3136 1385 3190 emelioribus

146 3206 240 3277 quibus
269 3205 451 3274 Brugeusibus
481 3224 542 3258 usus
576 3206 661 3258 edidit
678 3206 749 3275 quod
783 3156 856 3258 libris
882 3204 962 3257 Bern.
980 3206 1006 3257 A
1031 3204 1103 3260 Flor.
1124 3205 1173 3258 AB
1201 3222 1262 3257 eum
1287 3208 1387 3258 Ericen

144 3292 237 3328 vereor
264 3283 297 3326 ut
326 3273 464 3344 quisquam
491 3273 644 3344 intelligat:
664 3284 749 3326 tamea
784 3273 901 3338 fecimus,
942 3275 994 3326 uod
1030 3274 1091 3326 aulo
1128 3273 1218 3344 ropius
1236 3275 1270 3327 ad
1286 3274 1387 3329 Diodo-

143 3346 246 3412 mayais
259 3345 384 3396 materiae
397 3343 535 3406 carnficiis
549 3352 572 3394 et
588 3345 657 3395 calta
676 3345 749 3394 deam
784 3361 842 3395 rum
868 3291 978 3395 accedit.
1044 3360 1091 3395 ons
1108 3292 1184 3412 llryx
1205 3343 1317 3397 librariis
1340 3345 1387 3398 ob-

135 3415 210 3483 fecit.
237 3411 314 3476 Quid
331 3411 432 3464 multa?
450 3428 501 3481 ego
519 3409 610 3480 scripsi
627 3428 750 3479 meysam
784 3412 956 3478 versabatur,
993 3419 1156 3481 quapropter
1181 3431 1198 3480 y
1225 3413 1388 3467 constantius

143 3483 281 3535 victoriam
302 3481 385 3550 fecit,
411 3479 429 3532 i.
443 3496 467 3532 e.
485 3479 573 3533 effecit
599 3488 630 3532 ut
655 3496 752 3546 magna
788 3498 866 3551 quam
884 3478 946 3532 alibi
964 3488 1110 3533 servarunt.

142 3550 290 3616 videretur,
309 3547 474 3618 magnificam
490 3547 515 3600 ei
533 3547 648 3618 speciem
666 3547 748 3600 dedit.
818 3553 841 3618 §-
860 3556 885 3603 2.
918 3566 1101 3619 praegressas,
1118 3551 1260 3619 funditore
1286 3569 1318 3605 ac
1344 3570 1388 3605 su-

176 3622 199 3688 5.
220 3624 264 3672 25.
303 3634 354 3686 quo
382 3619 468 3673 subire
493 3619 617 3684 iusserat]
653 3615 750 3669 Editur
783 3618 919 3738 pinario}1
940 3616 1040 3672 Locum
1058 3618 1086 3671 in
1102 3636 1163 3671 mss.
1179 3628 1333 3699 corruptum
1345 3637 1388 3673 re·

143 3689 228 3741 adhuc
252 3703 321 3759 quos
343 3687 428 3739 subire
454 3701 503 3738 nec
524 3684 597 3738 varia
620 3685 751 3754 scriptura
785 3686 871 3740 stituit
920 3688 976 3740 adr.
993 3687 1093 3740 Iunius.
1128 3687 1200 3740 Nam
1223 3687 1261 3740 ilh
1283 3689 1389 3759 quidem

143 3756 263 3810 codicum
282 3753 400 3807 affertur.
425 3754 551 3824 Explicat
564 3753 751 3807 Schmiederus
785 3755 823 3810 sic
849 3756 963 3809 habent:
986 3773 1161 3826 praegressus
1178 3758 1330 3824 fitaditores
1357 3775 1388 3811 oc

142 3827 230 3879 audire
262 3823 337 3876 idem
363 3839 417 3875 esse
445 3824 515 3903 quod
543 3822 628 3893 sequi:
658 3841 750 3875 verum
785 3826 937 3895 sagittarios
961 3827 1087 3878 deturbat.
1122 3826 1161 3878 Iis
1186 3827 1241 3894 (tris
1263 3824 1319 3891 alii)
1345 3828 1389 3904 qui

143 3896 230 3948 subire
254 3893 372 3962 aliquem
393 3892 522 3960 significat
547 3891 638 3962 potius
659 3891 751 3943 furtim
786 3896 936 3946 obsiderent
959 3894 1115 3959 (obsiderent
1132 3892 1197 3960 alii).
1232 3892 1306 3945 Idem
1323 3896 1388 3944 Vrn-

143 3962 274 4032 aggredi:
298 3960 454 4013 neutraliter
471 3961 567 4014 dicitur
588 3962 676 4013 subire
693 3976 752 4012 suc·
786 3961 889 4014 delirus
907 3963 989 4014 edens
1003 3963 1148 4015 obsiderent
1162 3959 1276 4030 scripsit,
1293 3959 1388 4029 Aldus,

143 4032 253 4098 cedere,
283 4027 411 4098 imprimis
434 4046 467 4082 ex
488 4029 548 4082 loco
569 4027 695 4081 inferiore
717 4029 750 4080 ad
786 4048 845 4083 curn
862 4029 965 4102 reliqua
983 4038 1113 4096 servaret,
1141 4031 1294 4082 obsederant
1310 4031 1387 4097 bene,

143 4100 312 4172 superiorem
330 4095 384 4148 sive
400 4097 507 4151 editum.
543 4097 675 4161 Quocirca
687 4096 751 4150 mihi
785 4101 831 4152 sed
853 4099 921 4152 male
943 4117 1022 4168 quae,
1041 4115 1098 4219 pro
1123 4114 1154 4149 eo
1179 4097 1250 4166 quod
1272 4101 1388 4168 estqui,

143 4167 325 4222 necessarium
352 4163 434 4219 visum
461 4176 502 4221 est
533 4167 669 4235 corrigere
691 4182 750 4234 qao,
785 4167 909 4221 correxit.
946 4169 1016 4221 Tum
1057 4166 1131 4218 unius
1158 4166 1194 4218 sic
1219 4183 1325 4234 prorsus
1351 4167 1390 4220 uti

144 4236 266 4308 taqua
288 4233 335 4286 via
361 4234 424 4288 eniti
449 4236 478 4289 in
503 4252 626 4288 cacumen
652 4233 752 4287 montis
786 4255 865 4306 supra
882 4237 1042 4308 descriptum
1059 4235 1133 4287 vides
1152 4233 1296 4287 constituit.
1329 4235 1389 4288 Mo-

135 4305 256 4365 ,iusserat
271 4310 397 4356 armatos.
421 4303 604 4374 corruptionis
612 4303 682 4356 ratio
692 4319 752 4354 cum
787 4304 844 4358 dius
861 4323 953 4359 vocem
976 4322 1032 4359 cam
1056 4303 1089 4355 de
1113 4301 1266 4354 coniectura
1283 4302 1389 4371 adiecit,

188 4383 272 4428 uetur
291 4370 386 4424 adem
399 4371 487 4425 littera
495 4372 668 4494 etsguidem,
684 4388 752 4441 quae
786 4389 869 4445 eaque
878 4374 989 4443 vulgata
1003 4371 1083 4425 lectio
1092 4371 1162 4422 facta
1171 4379 1220 4423 est.
1252 4370 1309 4424 Nos
1322 4390 1392 4428 nunc

144 4443 269 4496 facillime
274 4437 435 4508 duplicatur,
440 4449 521 4520 patet
532 4439 553 4494 C
565 4442 752 4509 ‚ad1x,30,21.
785 4444 943 4501 revertimus
956 4444 991 4499 ad
1004 4439 1141 4499 lucianam
1155 4439 1318 4519 scripturam.
1336 4440 1391 4495 rte.
