2926 5174
103 291 175 363 156
574 309 607 371 o.
635 308 759 360 curru
784 310 870 361 num

71 519 192 592 -quae
217 489 379 565 nondum
404 489 452 563 ad
477 515 618 564 amnem
644 501 893 590 pervenerant,
919 501 1029 590 ponte
1054 491 1167 564 reciso
1195 489 1326 564 videbat

97 603 213 678 hostis
239 601 411 700 praedam
436 602 522 676 fore.
561 601 777 695 Abeuntem,
791 627 872 676 cum
896 602 1071 675 intactum
1096 602 1228 675 sineret
1252 623 1350 698 pon-s

99 724 193 805 tem,
219 711 353 787 dixisse
380 722 540 805 constat,
566 714 671 787 malle
698 739 737 788 se
764 712 994 810 sequentibus
1019 713 1089 785 iter
1114 710 1212 802 dare,
1233 737 1327 808 quam

98 826 239 901 auferre
279 823 508 921 fugientibus.
577 821 660 922 Ipse
693 824 819 921 ingens
852 823 1007 921 spatium
1044 822 1130 920 tuga
1165 846 1327 912 emensus,

99 934 220 1011 media
245 936 451 1009 ferenocte
476 932 613 1008 Arbela
637 935 811 1033 pervenit.

204 1042 291 1134 Quis
317 1055 375 1121 tot
398 1044 553 1145 ludibria
577 1046 758 1135 fortunae,
795 1042 945 1133 ducum,
977 1043 1161 1143 agminum
1195 1041 1359 1117 caedens

17 1228 20 1235 .
99 1156 348 1254 multiplicem,
384 1155 608 1229 devictorum
645 1156 782 1252 fugam,
819 1153 938 1227 clades
974 1173 1070 1228 nunc
1109 1153 1325 1252 singulorum,

96 1291 193 1341 nunc
224 1267 493 1357 universorum,
528 1276 592 1340 aut
626 1267 744 1341 animo
771 1266 912 1363 assequi
937 1274 1069 1361 queat,
1089 1273 1154 1337 aut
1181 1265 1324 1337 oratione

97 1376 309 1476 complecti?
348 1375 616 1475 Propemodum
648 1377 780 1450 saeculi
812 1401 871 1449 res
902 1375 940 1447 in
970 1401 1083 1451 unum
1113 1375 1215 1448 illum
1246 1373 1324 1447 diem

96 1488 177 1588 prol
203 1488 349 1561 fortuna
373 1487 578 1562 cumulavit.
617 1486 689 1561 Alii
714 1514 786 1585 qua
811 1486 1061 1561 brevissimum
1086 1483 1237 1584 patebat
1259 1485 1352 1573 itere

98 1599 158 1673 alii
193 1597 327 1672 diusos
360 1599 472 1671 saltus
508 1609 546 1672 et
576 1599 718 1696 ignotas
752 1597 981 1696 sequentibus
1017 1599 1125 1672 calles
1157 1596 1320 1694 petebam

95 1707 216 1808 Eques
242 1707 424 1807 pedesque
452 1709 589 1782 confusi
616 1709 692 1783 sine
719 1708 820 1800 duce,
847 1709 993 1782 armatis
1012 1709 1178 1799 inermes,
1190 1706 1319 1804 integris

74 1820 232 1895 debiles
258 1818 543 1919 implicabantur.
577 1818 728 1912 Deinde,
741 1817 983 1894 misericordia
1007 1819 1196 1893 inmetum
1221 1830 1347 1906 versqlt

130 2080 197 2151 Gap.
224 2086 271 2147 tl,
298 2082 322 2148 5.
349 2085 374 2134 8.
412 2087 494 2148 ponte
519 2080 615 2150 reciso]
655 2079 700 2134 Sic
734 2086 841 2151 praeter
856 2078 1012 2133 Modianum
1037 2080 1132 2132 dueum
1155 2079 1318 2148 cyminumque

95 2148 161 2202 editi
177 2165 277 2215 omnes,
296 2149 343 2201 sed
360 2148 433 2218 quod
446 2147 551 2218 gravius
565 2156 606 2201 est
619 2148 700 2202 etiam
734 2152 846 2202 caedem.
880 2148 913 2201 In
930 2147 976 2201 illo
993 2146 1127 2200 omittitur
1144 2163 1176 2201 eo
1195 2147 1246 2214 ula,
1262 2152 1317 2199 recto

94 2234 155 2270 mss.
173 2217 249 2269 codd.
266 2224 374 2287 praeter
389 2215 462 2268 Flor.
479 2216 508 2269 H
526 2224 554 2269 et
570 2216 652 2270 Bern.
665 2218 698 2270 Β.
733 2216 755 2270 si
772 2216 898 2270 librorum
915 2233 975 2269 mss.
992 2214 1163 2270 consensuifi
1181 2213 1318 2294 eshabends

95 2284 257 2353 Temperare
282 2291 372 2338 tamen
398 2282 462 2337 mihi
478 2285 524 2338 vix
541 2285 617 2355 potui
634 2304 699 2357 qno·
732 2292 782 2338 est.
816 2285 876 2338 Nec
892 2285 1040 2353 asyndeton
1060 2283 1088 2337 in
1106 2284 1209 2338 duobus
1225 2299 1317 2338 normu-

94 2351 180 2405 minus
197 2353 313 2473 rescqqspi
328 2350 496 2473 corrigqqum,
514 2351 581 2473 sielqt
599 2352 699 2434 illiduo
732 2354 782 2407 bus
808 2354 842 2406 ab
868 2352 984 2406 oratorio
1010 2351 1072 2433 stilo
1098 2353 1241 2419 abhorret,
1272 2349 1317 2403 vide

92 2421 698 2568 stt.bt.....}⁹t.³t..tl....⁰t¹..t¹t
731 2439 811 2543 :ll
828 2437 850 2475 ⁰·
870 2427 921 2488 '³⁴'
949 2427 981 2473 1⁴
1004 2437 1087 2474 Μ
1105 2438 1216 2488 ‘'⁰⁷²‘'m'
1239 2422 1317 2474 ..aa

93 2564 195 2610 comum
221 2563 262 2609 est
289 2557 361 2623 (vide
386 2555 470 2609 Drak.
496 2557 538 2610 ad.
556 2556 614 2610 Liv.
632 2557 697 2628 epit.
759 2558 832 2637 prol
857 2559 972 2627 fortuna
1007 2557 1161 2627 cumulavit]
1207 2554 1317 2611 voculam

91 2622 153 2679 libri
174 2625 203 2691 2)
238 2631 267 2677 et
293 2625 417 2745 frequens
444 2626 516 2705 apud
547 2623 695 2695 Caesarem,
724 2643 778 2695 pro
795 2641 850 2678 srve
861 2627 931 2693 prol
946 2623 1033 2692 (Flor.
1047 2624 1150 2691 ΠΕΡΙ)
1169 2642 1257 2678 omnes
1272 2620 1318 2676 libri

92 2692 187 2746 deinde
204 2693 332 2747 rescissus
360 2692 449 2764 egitur
461 2712 489 2747 m
503 2692 610 2762 optimis
619 2696 695 2748 codd.
729 2712 790 2746 mss.
808 2699 964 2762 agnoscunt,
982 2691 1097 2746 editores
1108 2701 1200 2747 tamen
1216 2707 1318 2747 resecue-

92 2763 163 2831 spnd
180 2761 252 2814 Flor.
261 2776 281 2827 1,
302 2768 341 2824 10,
359 2770 376 2816 4
393 2769 422 2814 et
438 2777 483 2827 111,
503 2768 545 2828 10,
563 2769 590 2828 3,
607 2762 697 2817 editur
729 2770 802 2828 runt,
821 2779 874 2815 non
891 2768 964 2815 recte
980 2777 1067 2830 neque
1084 2776 1119 2813 ex
1136 2761 1190 2814 fide
1204 2779 1256 2815 sua
1272 2760 1317 2814 Lis.

91 2836 181 2883 temen
207 2845 276 2901 quae
301 2828 382 2900 ipsius
399 2829 503 2884 Dukeri
519 2829 697 2885 inconstantia
728 2845 807 2897 xxm,
835 2837 868 2882 14
894 2839 992 2882 tantum
1010 2830 1080 2898 prol
1107 2832 1318 2898 decernamus

90 2906 132 2952 est
148 2898 233 2952 altero
251 2905 356 2951 tantum
373 2899 444 2965 loco,
470 2916 530 2953 cum
547 2898 636 3019 priore
653 2918 695 2953 re·
728 2900 881 2968 parentibus
898 2899 1005 2964 uostris,
1024 2896 1070 2950 ubi
1087 2905 1152 2950 ante
1170 2896 1318 2952 Gronoviun

90 2967 143 3020 eisc
166 2977 246 3036 poure
276 2967 345 3020 mule
371 2966 491 3021 servarit.
536 2968 695 3034 (cebodius
723 2969 793 3036 proli
811 2969 886 3020 dolor
903 2965 1040 3020 sciolorum
1063 2965 1272 3020 additamentum
1289 2964 1318 3017 le·

89 3042 205 3105 utroque
237 3037 350 3089 rescisso
386 3035 482 3096 dedit).
531 3033 694 3104 Significatio
729 3036 850 3105 gebatur.

89 3102 204 3173 deniqne
230 3103 302 3173 cogit
324 3114 355 3156 ut
384 3103 522 3157 discrimen
550 3103 598 3157 fiat
622 3103 693 3158 inter
763 3106 786 3172 5.
806 3110 847 3156 11.
870 3104 968 3156 divisos
985 3103 1070 3155 sollus
1087 3111 1112 3155 et
1129 3104 1235 3172 ipnotcs
1251 3102 1318 3155 callet

88 3174 187 3225 recisos
209 3171 305 3237 fustes,
332 3173 445 3225 recisam
467 3169 593 3226 orationis
611 3173 695 3226 abun·
729 3188 764 3224 ex
794 3170 968 3242 integerrimis
1002 3169 1075 3223 libris
1109 3170 1186 3225 Leid.
1212 3171 1316 3225 Vossl

89 3238 218 3304 dantium,
245 3246 275 3292 et
297 3247 405 3309 pontem
422 3242 563 3292 rescissum
579 3239 634 3292 sive
650 3260 695 3295 ru-
728 3240 809 3293 Bern.
827 3241 853 3292 A
869 3238 940 3292 Flor.
962 3238 1012 3291 AB
1039 3237 1100 3291 dedi
1122 3256 1173 3309 pro
1195 3239 1266 3308 vulg.
1287 3237 1318 3289 di·

89 3314 173 3377 ptum.
207 3306 278 3360 Vide
295 3324 375 3386 supra
397 3306 432 3360 ad
448 3324 471 3360 c.
489 3314 532 3360 47.
567 3307 608 3361 Ut
625 3326 695 3363 nunc
728 3325 815 3361 versos
833 3310 917 3361 saltus
936 3317 959 3360 et
981 3308 1079 3375 iquotos
1097 3309 1188 3362 calles.
1223 3307 1317 3384 Divisqr

90 3380 140 3440 est,
154 3383 260 3442 pontem
277 3391 388 3428 recisum
405 3381 540 3440 τεχνικῶς
557 3374 610 3428 dici
626 3385 694 3446 puto
728 3384 800 3430 recte
825 3383 890 3446 puto
912 3374 963 3427 dici
988 3391 1064 3445 posse
1085 3375 1171 3428 saltus
1188 3376 1223 3429 ab
1240 3391 1269 3428 se
1287 3388 1317 3425 urs

90 3442 124 3494 de
141 3440 243 3520 interm
264 3448 309 3507 to,
328 3459 382 3496 non
399 3442 505 3511 penitus
523 3441 620 3496 diruto.
727 3443 825 3524 campis
846 3450 980 3513 separatos
1002 3450 1030 3496 et
1056 3458 1136 3512 aegre
1158 3391 1317 3505 aoeemibdee,

124 3510 229 3562 cedebat
244 3460 326 3562 bostis
339 3513 470 3579 praedam
472 3513 539 3632 porc
548 3512 622 3564 codd.
631 3530 692 3567 mss.
726 3512 850 3565 nimirum
875 3510 961 3581 spatio
987 3510 1093 3590 situque
1119 3510 1232 3579 divisos,
1261 3511 1317 3565 siut

90 3592 188 3633 omnes.
222 3576 312 3648 Vulgo
328 3581 456 3648 praedam
491 3580 556 3634 ostis
570 3582 636 3650 fore
654 3583 692 3634 vi·
726 3579 823 3633 insulas
840 3587 924 3633 terras
941 3596 1007 3631 marr
1024 3579 1119 3632 drusas
1137 3579 1255 3634 dicimus
1282 3577 1316 3631 Dc

90 3647 175 3700 debat.
725 3648 920 3718 permutatione
928 3647 1114 3700 vocabulorum
1126 3649 1246 3702 (liumus
1253 3645 1315 3700 etli-

121 3715 145 3794 5.
174 3719 198 3766 9.
237 3717 315 3767 molle
340 3732 369 3768 se
399 3716 576 3786 sequentibus]
618 3715 690 3770 Olim
724 3714 1314 3783 utsuscitaremDrakmotadLiv.nutat,

85 3780 151 3836 editi
168 3798 203 3861 sc·
214 3783 296 3852 iuseq.
319 3782 425 3864 Medius
442 3791 471 3837 et
487 3782 584 3853 reliqui
600 3784 689 3838 deleto
725 3783 747 3838 si
763 3784 806 3838 hic
822 3800 896 3837 error
911 3782 1077 3837 librariorum
1088 3782 1315 3862 acncnconsilium

84 3851 690 3989 tttttltltltdtuttutlltl
722 3850 1313 3995 {mtffltffiltfdlt

85 3989 169 4054 libus,
195 3989 266 4067 quod
288 4005 347 4041 cum
364 3987 461 4042 enimse
507 3987 579 4041 deba
596 3989 688 4041 eadem
757 3989 960 4057 implicabuntur
980 4004 1034 4040 non
1055 3986 1155 4056 legitur
1178 3987 1212 4041 de
1228 3992 1312 4062 nosve·

84 4062 173 4109 ortum
190 4055 273 4108 nderi
282 4056 388 4121 debeat,
406 4005 598 4109 ulterilectioni
607 4055 688 4109 ctiam
722 4055 772 4109 nisi
796 4055 825 4109 in
849 4056 930 4109 Bern
953 4055 977 4107 B
1001 4061 1030 4107 et
1051 4054 1124 4108 Flor.
1149 4055 1216 4118 ΕΗ,
1241 4060 1311 4108 oeten

85 4120 245 4176 auctoritate
270 4124 345 4177 codd
373 4123 459 4190 (Leid.
478 4124 553 4178 Voss.
573 4130 586 4175 1
605 4123 687 4177 Bern.
739 4125 898 4191 luebantur,
916 4123 987 4193 quod
1004 4122 1069 4175 item
1086 4138 1121 4175 ex
1137 4121 1196 4176 Pal.
1214 4129 1226 4176 l
1245 4119 1309 4174 Leid

84 4190 111 4243 A
128 4189 199 4242 Flor.
217 4190 266 4243 AB
293 4191 341 4259 nl.)
363 4191 510 4261 praestanti
536 4191 686 4260 posthabui.
748 4209 798 4245 oss.
817 4198 830 4244 1
849 4198 987 4257 enotstur,
1010 4189 1081 4243 Flor.
1098 4189 1123 4242 F
1138 4190 1221 4244 etiam
1231 4189 1309 4258 pulb-

85 4258 225 4327 Sequentes
255 4266 344 4312 autem
373 4260 521 4313 verecunde
547 4257 616 4312 dixit
640 4276 687 4329 pro
721 4261 859 4324 cabonem,
876 4260 921 4313 sed
930 4255 1309 4312 illudmendumestexomis·

80 4326 305 4393 persequentibus,
322 4335 354 4380 ut
371 4329 394 4395 5.
414 4334 454 4380 11.
720 4335 785 4380 nota
806 4335 894 4380 ortum
915 4333 944 4379 st
963 4333 1036 4379 recte
1060 4324 1267 4380 animadverm
1281 4320 1308 4374 ΙΙ)

119 4395 143 4460 5.
169 4398 211 4445 10.
254 4395 356 4462 ducum,
383 4395 528 4464 cyminum]
575 4392 688 4464 Vulgati
720 4394 864 4450 editoribus
881 4393 1020 4450 veteribus.
