2926 5174
491 292 540 345 nu
567 292 694 346 casrrs
720 293 830 345 arax.
855 293 893 363 v,
919 290 961 340 ar.
1267 275 1340 350 209

107 475 371 575 deprecantium
396 475 524 574 specie,
550 487 718 568 ceterum,
746 478 776 550 si
802 486 1060 576 perseveraret,
1085 475 1251 568 vincturi,
1278 478 1343 553 cir·¹

91 585 377 661 xcumstetissent.
429 582 659 662 Nabarzanes
684 588 828 661 interim
853 588 1007 685 elapsus,
1033 577 1120 663 mox
1146 597 1184 664 et
1208 585 1341 665 Bessus
1405 602 1408 607 '

105 705 328 786 consecutus,
354 696 491 794 copias,
518 699 646 794 quibus
672 709 882 798 praeerant,
908 724 930 771 a
956 707 1076 774 cetero
1102 699 1265 773 exercitu
1287 725 1342 775 se·

104 807 227 882 cedere
254 806 393 899 iubent,
426 818 604 882 secretum
634 809 757 883 inituri
782 809 978 883 consilium.
1030 808 1235 884 Artabazus
1260 834 1342 884 con·

103 918 308 992 venientem
346 918 527 1016 praesenti
563 919 729 993 fortunae
769 919 985 994 sententiam
1019 945 1140 1010 orsus,
1178 920 1342 1018 mitigare

101 1029 269 1118 Dareum,
296 1036 498 1125 temporum
523 1028 720 1104 identidem
746 1028 954 1121 admonens,
980 1031 1116 1129 coepit:
1148 1031 1259 1106 ferret
1284 1054 1341 1107 ae·

102 1166 163 1237 quo
198 1138 323 1212 animo
355 1139 670 1236 qualiumcunque,
706 1165 853 1214 suorum
887 1149 1028 1232 tamen,
1054 1142 1114 1215 vel
1140 1141 1340 1234 stultitiam,

102 1254 151 1325 vel
179 1274 353 1324 errorem.
404 1248 543 1323 Instare
568 1250 817 1324 Alexandrum
852 1276 1016 1349 gravem,
1051 1251 1190 1326 etiamsi
1216 1277 1341 1329 omnes

102 1371 242 1460 praesto
287 1369 420 1434 essent:
460 1359 545 1457 quid
582 1360 758 1451 firturum,
800 1362 830 1435 si
861 1363 1039 1461 persecuti
1075 1364 1198 1460 fugam
1228 1363 1340 1461 ipsius

102 1469 326 1546 alienentur?
359 1467 478 1568 Aegre
510 1471 630 1567 paruit.
655 1471 857 1567 Artabazo,
889 1484 927 1548 et
953 1499 1169 1571 quamquam
1193 1499 1341 1549 movere

103 1594 212 1658 castra
240 1590 433 1671 statuerat,
468 1581 623 1654 turbatis
648 1591 771 1656 tamen
797 1585 956 1659 omnium
981 1584 1125 1676 animis,
1151 1584 1280 1660 eodem
1303 1586 1342 1660 in

101 1696 170 1769 loco
185 1693 362 1766 substitit.
390 1689 464 1767 Sed
488 1693 663 1767 attonitus
689 1695 870 1768 maestitia
896 1696 1001 1769 simul
1027 1705 1064 1768 et
1091 1694 1341 1794 desperatione

102 1805 332 1878 tabernaculo
364 1829 403 1877 se
419 1804 588 1880 inclusit.
641 1803 737 1902 Ergo
764 1807 972 1898 incastris,
1007 1831 1098 1902 quae
1130 1806 1261 1894 nullius
1287 1829 1341 1879 re·
1419 1829 1420 1834 ’

99 1918 275 2015 gebantur
303 1915 460 2012 imperi0,
474 1915 565 1988 varii
591 1915 792 1990 animorum
817 1924 937 1988 motus
964 1925 1077 2005 erant,
1090 1940 1158 1988 nec
1183 1916 1221 1989 in
1246 1940 1341 1988 com·

98 2053 216 2119 mune,
255 2035 300 2099 ut
334 2035 454 2115 antea,
489 2026 751 2100 consulebatur.
815 2024 903 2098 Dux
936 2021 1155 2100 Graecorum
1188 2027 1341 2101 militum

98 2137 230 2212 Patron
268 2160 369 2209 arma
404 2160 531 2232 capere
567 2162 651 2210 suos
684 2136 801 2228 iubet,
835 2146 1052 2235 paratosque
1079 2162 1158 2212 esse
1184 2137 1232 2211 ad
1257 2162 1340 2211 exe·

97 2249 278 2347 quendum
314 2247 510 2345 imperium.
563 2246 695 2322 Persae
722 2257 961 2321 secesserant:
996 2247 1130 2321 Bessus
1166 2275 1247 2323 cum
1273 2247 1341 2333 Ba,-

95 2361 237 2435 ctrianis
267 2367 361 2448 erat,
396 2357 667 2455 temptabatque
692 2358 822 2432 Persas
849 2360 1043 2450 abducere,
1069 2359 1200 2434 Bactra
1227 2371 1265 2434 et
1289 2360 1341 2433 in·

93 2483 209 2546 tactae
243 2469 400 2566 regionis
433 2468 619 2566 opulenta,
656 2471 832 2568 simulque
859 2497 950 2568 quae
976 2472 1203 2545 manentibus
1230 2471 1340 2544 insta·

91 2593 170 2657 rent
206 2581 383 2681 pericula,
420 2588 616 2654 ostentans.
683 2580 875 2655 Persarum
910 2583 1069 2655 omnium
1104 2580 1230 2657 eadem
1263 2583 1339 2658 fere

91 2695 157 2769 luit
188 2720 285 2784 voX,
318 2695 418 2766 nefas
454 2716 532 2766 esse
568 2692 685 2764 deseri
709 2718 841 2790 regem.
894 2691 993 2766 Inter
1018 2692 1107 2764 haec
1132 2691 1337 2766 Artabazus

91 2806 258 2880 omnibus
292 2803 528 2902 imperatoriis
563 2802 780 2900 fungebatur
806 2803 949 2876 officiis:
983 2804 1040 2876 ille
1067 2802 1261 2877 Persarum
1286 2812 1338 2876 ta·

91 3039 178 3077 amnes
211 3021 336 3076 veritatis
367 3030 443 3075 notas
474 3020 591 3074 haberet.
646 3017 701 3072 Sed
769 3022 792 3087 ᾖ.
813 3026 853 3073 13.
888 3036 966 3089 seqre
977 3020 1082 3098 paruit]
1109 3018 1271 3071 Faciendum
1288 3035 1337 3089 pu-

91 3091 218 3172 ›riginem
236 3093 397 3160 depravatae
415 3088 560 3159 scripturae
574 3105 607 3140 ex
621 3088 700 3141 abso·
734 3087 789 3140 tavi
806 3096 837 3140 ut
854 3087 1016 3157 ingeniosam
1027 3085 1141 3141 Acidalii
1159 3086 1338 3140 coniecturam

91 3168 147 3214 etis
165 3160 321 3213 litterarum
337 3157 459 3212 ductibus
472 3157 501 3211 in
513 3155 699 3211 terminatione
733 3155 878 3226 reciperem
894 3174 943 3236 pro
961 3171 1002 3222 eo,
1020 3156 1090 3226 quod
1108 3154 1136 3208 in
1148 3153 1221 3209 libris
1235 3162 1265 3208 et
1276 3170 1338 3210 mss.

91 3228 159 3283 iocis
177 3228 377 3297 deprecantium
395 3233 516 3296 repetere
532 3225 611 3279 malo.
733 3232 762 3278 et
779 3224 841 3278 olim
858 3224 936 3277 editis
953 3223 978 3276 le
999 3222 1059 3287 tur,
1077 3225 1224 3277 alienentur
1237 3242 1253 3277 a
1268 3240 1338 3292 repe.

118 3301 147 3363 s.
176 3304 220 3349 11.
266 3313 325 3348 mos
355 3305 378 3347 et
402 3295 504 3348 Bessus
536 3296 697 3360 consecutus]
733 3295 777 3346 Ea
800 3311 828 3345 re
845 3294 948 3362 paruit.
969 3336 983 3365 χ
1012 3291 1069 3346 imis
1092 3291 1162 3345 enim
1184 3291 1338 3362 languidum

91 3365 178 3434 Vulgo
188 3374 307 3430 secatus,
325 3363 370 3415 sed
383 3371 503 3416 nostrum
512 3361 613 3415 codices
621 3360 698 3415 unice
733 3369 783 3428 est,
801 3361 919 3433 quamvis
937 3360 1020 3432 possis
1037 3378 1069 3416 ea
1086 3377 1116 3413 re
1128 3379 1182 3481 pro
1217 3369 1337 3441 rqoterea

91 3443 200 3488 ‚nentur
214 3431 311 3500 (etiam
326 3431 456 3485 scribendi
465 3430 595 3484 rationem
607 3429 699 3483 littera
733 3431 833 3484 dictum
855 3429 989 3500 accipere,
1020 3429 1049 3483 id
1091 3447 1127 3483 uo
1199 3430 1276 3483 udrus
1302 3428 1338 3483 ed

91 3522 104 3572 e,
123 3503 162 3556 de
182 3519 239 3572 qua
257 3518 335 3554 nemo
353 3508 473 3553 veterum
490 3498 646 3566 dubitavit).
732 3499 846 3552 Phaedr.
869 3498 986 3551 fabulam
1009 3505 1039 3550 11
1067 3496 1292 3553 hrildefendit
1309 3516 1337 3568 p.

116 3574 143 3640 ξ.
164 3576 210 3625 12.
246 3571 348 3622 instare
366 3568 559 3637 Alexandrum]
587 3567 699 3619 Addunt
732 3575 766 3622 24
784 3568 847 3620 edit.
865 3568 957 3621 Burm.

174 3636 613 3773 destructurus
627 3635 698 3757 aa
731 3673 855 3791 aa
868 3667 1335 3805 ,defletadefleta

91 3771 699 3911 adsistereassidere
732 3805 1107 3941 insalutatus?
1124 3803 1257 3925 riusa
1270 3803 1335 3922 eida

91 3908 698 4047 &fflfflumiiieffldffmiiiioidbigili
732 3949 960 4064 gngapquqq
979 3941 1095 4012 Reliqua
1117 3941 1196 3994 turba
1212 3937 1268 3991 sine
1285 3938 1335 3990 du·

91 4049 162 4103 ism.
187 4045 308 4099 Videtur
328 4061 344 4097 e
360 4045 520 4117 praegressis
537 4044 606 4098 male
622 4061 698 4115 repe-

91 4117 183 4180 itnm3
213 4113 243 4194 ip
274 4113 430 4196 editionibus
454 4113 562 4184 quidem
583 4112 697 4234 antpquis
761 4115 791 4192 5.
819 4119 859 4192 lt.
905 4113 1019 4164 intactae
1036 4110 1172 4191 ,rapienda
1202 4108 1334 4189 apuleam]

91 4193 151 4239 inte
168 4184 281 4236 Iumum
308 4190 337 4235 et
357 4183 477 4237 Medium
503 4181 616 4236 alterum
663 4183 698 4233 ud
731 4181 846 4235 Drcendr
864 4196 947 4250 genus
965 4179 1060 4232 Curtio
1081 4176 1209 4232 familiare
1230 4184 1335 4230 restitui

91 4264 185 4319 *amem
205 4252 279 4321 quod
290 4251 424 4372 praeeedit
436 4269 496 4306 eum
509 4269 624 4317 suoram,
643 4268 698 4303 non
732 4252 853 4320 opulenta
875 4246 1024 4317 recipiendo
1050 4265 1085 4299 ex
1110 4247 1191 4298 Bern.
1213 4251 1241 4296 et
1262 4245 1335 4298 Flor.

91 4320 206 4389 legitur,
234 4337 288 4390 quo
325 4320 500 4375 necessarium
516 4327 589 4375 recte
606 4318 697 4372 existi-
732 4317 863 4372 codicibus
881 4314 1001 4369 omnibus
1018 4324 1047 4368 et
1064 4313 1138 4367 Leid.
1156 4314 1233 4367 Voss.
1253 4318 1266 4366 1
1286 4331 1335 4384 pro

91 4396 187 4442 matur.
481 4446 485 4453 ,
731 4387 803 4458 vulg.
821 4385 987 4454 opulentiam.
1024 4383 1063 4438 cf.
1082 4383 1117 4435 ad
1133 4397 1177 4448 111,
1196 4387 1239 4449 20,
1259 4388 1301 4436 12.

1096 4473 1129 4519 14
