<?xml version="1.0" encoding="UTF-8"?>
<!DOCTYPE html PUBLIC "-//W3C//DTD XHTML 1.0 Transitional//EN"
    "http://www.w3.org/TR/xhtml1/DTD/xhtml1-transitional.dtd">
<html xmlns="http://www.w3.org/1999/xhtml" xml:lang="en" lang="en">
 <head>
  <title>
</title>
<meta http-equiv="Content-Type" content="text/html;charset=utf-8" />
  <meta name='ocr-system' content='tesseract 3.04.00' />
  <meta name='ocr-capabilities' content='ocr_page ocr_carea ocr_par ocr_line ocrx_word'/>
</head>
<body>
  <div class='ocr_page' id='page_1' title='image "./qcurtiirufidege01rufugoog_0183.png"; bbox 0 0 2926 5174; ppageno 0'>
   <div class='ocr_carea' id='block_1_1' title="bbox 172 264 940 345">
    <p class='ocr_par' dir='ltr' id='par_1_1' title="bbox 172 264 940 345">
     <span class='ocr_line' id='line_1_1' title="bbox 172 264 940 345; baseline -0.012 -6"><span class='ocrx_word' id='word_1_1' title='bbox 172 264 243 341; x_wconf 76' lang='lat'><strong>152</strong></span> <span class='ocrx_word' id='word_1_2' title='bbox 539 332 543 341; x_wconf 85' lang='grc'><strong>,</strong></span> <span class='ocrx_word' id='word_1_3' title='bbox 642 282 676 345; x_wconf 86' lang='lat' dir='ltr'><strong>o.</strong></span> <span class='ocrx_word' id='word_1_4' title='bbox 705 281 829 333; x_wconf 74' lang='lat' dir='ltr'><strong>curru</strong></span> <span class='ocrx_word' id='word_1_5' title='bbox 854 279 940 331; x_wconf 82' lang='lat' dir='ltr'><strong>rum</strong></span> 
     </span>
    </p>
   </div>
   <div class='ocr_carea' id='block_1_2' title="bbox 108 459 1417 2444">
    <p class='ocr_par' dir='ltr' id='par_1_2' title="bbox 163 459 1415 672">
     <span class='ocr_line' id='line_1_2' title="bbox 164 459 1415 564; baseline -0.008 -23"><span class='ocrx_word' id='word_1_6' title='bbox 164 467 375 564; x_wconf 80' lang='lat' dir='ltr'><strong>coegissent.</strong></span> <span class='ocrx_word' id='word_1_7' title='bbox 434 463 595 537; x_wconf 87' lang='lat' dir='ltr'><strong>Turbata</strong></span> <span class='ocrx_word' id='word_1_8' title='bbox 626 476 705 539; x_wconf 86' lang='lat' dir='ltr'><strong>erat</strong></span> <span class='ocrx_word' id='word_1_9' title='bbox 738 476 890 561; x_wconf 90' lang='lat' dir='ltr'><strong>utraque</strong></span> <span class='ocrx_word' id='word_1_10' title='bbox 921 462 1024 537; x_wconf 88' lang='lat' dir='ltr'><strong>acies.</strong></span> <span class='ocrx_word' id='word_1_11' title='bbox 1082 459 1290 536; x_wconf 82' lang='lat' dir='ltr'><strong>Alexander</strong></span> <span class='ocrx_word' id='word_1_12' title='bbox 1319 474 1350 537; x_wconf 91' lang='lat' dir='ltr'><strong>et</strong></span> <span class='ocrx_word' id='word_1_13' title='bbox 1369 484 1415 537; x_wconf 85' lang='lat' dir='ltr'><strong>aa</strong></span> 
     </span>
     <span class='ocr_line' id='line_1_3' title="bbox 163 573 1385 672; baseline -0.002 -22"><span class='ocrx_word' id='word_1_14' title='bbox 163 578 283 658; x_wconf 80' lang='lat' dir='ltr'><strong>fronte</strong></span> <span class='ocrx_word' id='word_1_15' title='bbox 309 587 347 650; x_wconf 91' lang='lat' dir='ltr'><strong>et</strong></span> <span class='ocrx_word' id='word_1_16' title='bbox 372 600 394 648; x_wconf 89' lang='lat' dir='ltr'><strong>a</strong></span> <span class='ocrx_word' id='word_1_17' title='bbox 419 585 523 672; x_wconf 86' lang='lat' dir='ltr'><strong>tergo</strong></span> <span class='ocrx_word' id='word_1_18' title='bbox 548 575 689 651; x_wconf 89' lang='lat' dir='ltr'><strong>hostem</strong></span> <span class='ocrx_word' id='word_1_19' title='bbox 715 575 887 649; x_wconf 88' lang='lat' dir='ltr'><strong>habebat:</strong></span> <span class='ocrx_word' id='word_1_20' title='bbox 915 573 975 670; x_wconf 93' lang='lat' dir='ltr'><strong>qui</strong></span> <span class='ocrx_word' id='word_1_21' title='bbox 1002 596 1129 646; x_wconf 88' lang='lat' dir='ltr'><strong>averso</strong></span> <span class='ocrx_word' id='word_1_22' title='bbox 1157 573 1190 645; x_wconf 91' lang='lat' dir='ltr'><strong>ei</strong></span> <span class='ocrx_word' id='word_1_23' title='bbox 1214 573 1385 664; x_wconf 79' lang='lat' dir='ltr'><strong>instabant,</strong></span> 
     </span>
    </p>

    <p class='ocr_par' dir='ltr' id='par_1_3' title="bbox 164 681 1387 786">
     <span class='ocr_line' id='line_1_4' title="bbox 164 681 1387 786; baseline -0.008 -20"><span class='ocrx_word' id='word_1_24' title='bbox 164 687 211 767; x_wconf 77' lang='lat' dir='ltr'><strong>ab</strong></span> <span class='ocrx_word' id='word_1_25' title='bbox 243 687 411 786; x_wconf 81' lang='lat' dir='ltr'>Agrianis</span> <span class='ocrx_word' id='word_1_26' title='bbox 444 686 621 783; x_wconf 89' lang='lat' dir='ltr'><strong>equitibus</strong></span> <span class='ocrx_word' id='word_1_27' title='bbox 655 686 928 786; x_wconf 85' lang='lat' dir='ltr'><strong>premebantur:</strong></span> <span class='ocrx_word' id='word_1_28' title='bbox 963 692 1001 757; x_wconf 91' lang='lat' dir='ltr'><strong>et</strong></span> <span class='ocrx_word' id='word_1_29' title='bbox 1034 681 1232 774; x_wconf 82' lang='lat' dir='ltr'><strong>Bactriani,</strong></span> <span class='ocrx_word' id='word_1_30' title='bbox 1263 684 1387 782; x_wconf 89' lang='lat' dir='ltr'><strong>impedi·</strong></span> 
     </span>
    </p>

    <p class='ocr_par' dir='ltr' id='par_1_4' title="bbox 164 792 1388 895">
     <span class='ocr_line' id='line_1_5' title="bbox 164 792 1388 895; baseline -0.001 -25"><span class='ocrx_word' id='word_1_31' title='bbox 164 799 294 871; x_wconf 89' lang='lat' dir='ltr'><strong>mentis</strong></span> <span class='ocrx_word' id='word_1_32' title='bbox 327 797 486 871; x_wconf 92' lang='lat' dir='ltr'><strong>hostium</strong></span> <span class='ocrx_word' id='word_1_33' title='bbox 520 795 684 895; x_wconf 80' lang='lat' dir='ltr'><strong>direptis,</strong></span> <span class='ocrx_word' id='word_1_34' title='bbox 715 792 866 886; x_wconf 86' lang='lat' dir='ltr'><strong>reversi,</strong></span> <span class='ocrx_word' id='word_1_35' title='bbox 903 792 1046 866; x_wconf 86' lang='lat' dir='ltr'><strong>ordines</strong></span> <span class='ocrx_word' id='word_1_36' title='bbox 1079 818 1164 869; x_wconf 91' lang='lat' dir='ltr'><strong>suos</strong></span> <span class='ocrx_word' id='word_1_37' title='bbox 1196 819 1388 893; x_wconf 87' lang='lat' dir='ltr'><strong>recuperare</strong></span> 
     </span>
    </p>

    <p class='ocr_par' dir='ltr' id='par_1_5' title="bbox 163 905 1387 1007">
     <span class='ocr_line' id='line_1_6' title="bbox 163 905 1387 1007; baseline -0.002 -25"><span class='ocrx_word' id='word_1_38' title='bbox 163 935 239 991; x_wconf 89' lang='lat' dir='ltr'><strong>non</strong></span> <span class='ocrx_word' id='word_1_39' title='bbox 269 917 456 1007; x_wconf 88' lang='lat' dir='ltr'><strong>poterant:</strong></span> <span class='ocrx_word' id='word_1_40' title='bbox 490 909 595 1004; x_wconf 89' lang='lat' dir='ltr'><strong>plura</strong></span> <span class='ocrx_word' id='word_1_41' title='bbox 627 907 731 981; x_wconf 93' lang='lat' dir='ltr'><strong>simul</strong></span> <span class='ocrx_word' id='word_1_42' title='bbox 763 907 918 1003; x_wconf 89' lang='lat' dir='ltr'><strong>abrupta</strong></span> <span class='ocrx_word' id='word_1_43' title='bbox 943 931 966 977; x_wconf 90' lang='lat' dir='ltr'><strong>a</strong></span> <span class='ocrx_word' id='word_1_44' title='bbox 991 905 1118 977; x_wconf 87' lang='lat' dir='ltr'><strong>ceteris</strong></span> <span class='ocrx_word' id='word_1_45' title='bbox 1145 906 1306 1004; x_wconf 86' lang='lat' dir='ltr'><strong>agmina,</strong></span> <span class='ocrx_word' id='word_1_46' title='bbox 1330 907 1387 979; x_wconf 91' lang='lat' dir='ltr'><strong>ubi-</strong></span> 
     </span>
    </p>

    <p class='ocr_par' dir='ltr' id='par_1_6' title="bbox 163 1014 1417 1228">
     <span class='ocr_line' id='line_1_7' title="bbox 164 1014 1417 1116; baseline -0.003 -24"><span class='ocrx_word' id='word_1_47' title='bbox 164 1044 305 1116; x_wconf 89' lang='lat' dir='ltr'><strong>cunque</strong></span> <span class='ocrx_word' id='word_1_48' title='bbox 339 1019 448 1091; x_wconf 92' lang='lat' dir='ltr'><strong>alium</strong></span> <span class='ocrx_word' id='word_1_49' title='bbox 482 1018 540 1090; x_wconf 87' lang='lat' dir='ltr'><strong>alii</strong></span> <span class='ocrx_word' id='word_1_50' title='bbox 574 1018 647 1090; x_wconf 88' lang='lat' dir='ltr'><strong>fors</strong></span> <span class='ocrx_word' id='word_1_51' title='bbox 674 1018 881 1107; x_wconf 75' lang='lat' dir='ltr'><strong>miscuerat,</strong></span> <span class='ocrx_word' id='word_1_52' title='bbox 913 1014 1140 1088; x_wconf 85' lang='lat' dir='ltr'><strong>dimicabant.</strong></span> <span class='ocrx_word' id='word_1_53' title='bbox 1193 1015 1278 1089; x_wconf 95' lang='lat' dir='ltr'><strong>Duo</strong></span> <span class='ocrx_word' id='word_1_54' title='bbox 1303 1035 1417 1114; x_wconf 76' lang='lat' dir='ltr'><strong>regest</strong></span> 
     </span>
     <span class='ocr_line' id='line_1_8' title="bbox 163 1125 1387 1228; baseline -0.005 -25"><span class='ocrx_word' id='word_1_55' title='bbox 163 1130 291 1204; x_wconf 88' lang='lat' dir='ltr'><strong>iunctis</strong></span> <span class='ocrx_word' id='word_1_56' title='bbox 317 1154 431 1228; x_wconf 87' lang='lat' dir='ltr'><strong>prope</strong></span> <span class='ocrx_word' id='word_1_57' title='bbox 458 1128 657 1227; x_wconf 84' lang='lat' dir='ltr'><strong>agminibus</strong></span> <span class='ocrx_word' id='word_1_58' title='bbox 684 1128 859 1227; x_wconf 89' lang='lat' dir='ltr'><strong>proelium</strong></span> <span class='ocrx_word' id='word_1_59' title='bbox 886 1126 1132 1201; x_wconf 84' lang='lat' dir='ltr'><strong>accenderant.</strong></span> <span class='ocrx_word' id='word_1_60' title='bbox 1182 1125 1310 1201; x_wconf 90' lang='lat' dir='ltr'><strong>Plures</strong></span> <span class='ocrx_word' id='word_1_61' title='bbox 1323 1126 1387 1200; x_wconf 91' lang='lat' dir='ltr'><strong>Per·</strong></span> 
     </span>
    </p>

    <p class='ocr_par' dir='ltr' id='par_1_7' title="bbox 164 1239 1386 1338">
     <span class='ocr_line' id='line_1_9' title="bbox 164 1239 1386 1338; baseline -0.005 -23"><span class='ocrx_word' id='word_1_62' title='bbox 164 1266 226 1315; x_wconf 88' lang='lat' dir='ltr'><strong>sae</strong></span> <span class='ocrx_word' id='word_1_63' title='bbox 259 1240 450 1315; x_wconf 83' lang='lat' dir='ltr'><strong>cadebant:</strong></span> <span class='ocrx_word' id='word_1_64' title='bbox 485 1265 552 1338; x_wconf 89' lang='lat' dir='ltr'><strong>par</strong></span> <span class='ocrx_word' id='word_1_65' title='bbox 581 1241 693 1315; x_wconf 86' lang='lat' dir='ltr'><strong>ferme</strong></span> <span class='ocrx_word' id='word_1_66' title='bbox 726 1240 905 1335; x_wconf 85' lang='lat' dir='ltr'><strong>utrimque</strong></span> <span class='ocrx_word' id='word_1_67' title='bbox 937 1262 1106 1311; x_wconf 92' lang='lat' dir='ltr'><strong>numerus</strong></span> <span class='ocrx_word' id='word_1_68' title='bbox 1132 1239 1386 1312; x_wconf 83' lang='lat' dir='ltr'><strong>vulnerabatur:</strong></span> 
     </span>
    </p>

    <p class='ocr_par' dir='ltr' id='par_1_8' title="bbox 161 1347 1416 1558">
     <span class='ocr_line' id='line_1_10' title="bbox 163 1347 1416 1448; baseline -0.008 -24"><span class='ocrx_word' id='word_1_69' title='bbox 163 1377 270 1425; x_wconf 94' lang='lat' dir='ltr'><strong>curru</strong></span> <span class='ocrx_word' id='word_1_70' title='bbox 295 1351 445 1441; x_wconf 90' lang='lat' dir='ltr'><strong>Dareus,</strong></span> <span class='ocrx_word' id='word_1_71' title='bbox 471 1349 679 1425; x_wconf 86' lang='lat' dir='ltr'><strong>Alexander</strong></span> <span class='ocrx_word' id='word_1_72' title='bbox 705 1376 796 1448; x_wconf 91' lang='lat' dir='ltr'><strong>equo</strong></span> <span class='ocrx_word' id='word_1_73' title='bbox 822 1350 1039 1426; x_wconf 88' lang='lat' dir='ltr'><strong>vehebatur:</strong></span> <span class='ocrx_word' id='word_1_74' title='bbox 1064 1357 1259 1445; x_wconf 91' lang='lat' dir='ltr'><strong>utrumque</strong></span> <span class='ocrx_word' id='word_1_75' title='bbox 1280 1347 1386 1422; x_wconf 88' lang='lat' dir='ltr'><strong>delecti</strong></span> <span class='ocrx_word' id='word_1_76' title='bbox 1396 1365 1416 1413; x_wconf 82' lang='lat' dir='ltr'><strong>n</strong></span> 
     </span>
     <span class='ocr_line' id='line_1_11' title="bbox 161 1458 1384 1558; baseline -0.003 -24"><span class='ocrx_word' id='word_1_77' title='bbox 161 1461 374 1551; x_wconf 90' lang='lat' dir='ltr'><strong>tuebantur,</strong></span> <span class='ocrx_word' id='word_1_78' title='bbox 409 1462 465 1534; x_wconf 93' lang='lat' dir='ltr'><strong>sui</strong></span> <span class='ocrx_word' id='word_1_79' title='bbox 490 1461 726 1535; x_wconf 86' lang='lat' dir='ltr'><strong>immemores.</strong></span> <span class='ocrx_word' id='word_1_80' title='bbox 780 1458 920 1558; x_wconf 85' lang='lat' dir='ltr'><strong>Quippe</strong></span> <span class='ocrx_word' id='word_1_81' title='bbox 947 1460 1078 1533; x_wconf 89' lang='lat' dir='ltr'><strong>amisso</strong></span> <span class='ocrx_word' id='word_1_82' title='bbox 1104 1485 1191 1557; x_wconf 84' lang='lat' dir='ltr'><strong>rege</strong></span> <span class='ocrx_word' id='word_1_83' title='bbox 1217 1484 1284 1532; x_wconf 92' lang='lat' dir='ltr'><strong>nec</strong></span> <span class='ocrx_word' id='word_1_84' title='bbox 1309 1459 1384 1532; x_wconf 84' lang='lat' dir='ltr'><strong>vole</strong></span> 
     </span>
    </p>

    <p class='ocr_par' dir='ltr' id='par_1_9' title="bbox 161 1570 1384 1670">
     <span class='ocr_line' id='line_1_12' title="bbox 161 1570 1384 1670; baseline -0.003 -26"><span class='ocrx_word' id='word_1_85' title='bbox 161 1571 253 1644; x_wconf 89' lang='lat' dir='ltr'><strong>bant</strong></span> <span class='ocrx_word' id='word_1_86' title='bbox 286 1571 376 1644; x_wconf 85' lang='lat' dir='ltr'><strong>salvi</strong></span> <span class='ocrx_word' id='word_1_87' title='bbox 411 1596 504 1662; x_wconf 90' lang='lat' dir='ltr'><strong>esse,</strong></span> <span class='ocrx_word' id='word_1_88' title='bbox 536 1597 604 1644; x_wconf 89' lang='lat' dir='ltr'><strong>nec</strong></span> <span class='ocrx_word' id='word_1_89' title='bbox 634 1578 811 1670; x_wconf 84' lang='lat' dir='ltr'><strong>poterant.</strong></span> <span class='ocrx_word' id='word_1_90' title='bbox 869 1570 966 1643; x_wconf 83' lang='lat' dir='ltr'><strong>Ante</strong></span> <span class='ocrx_word' id='word_1_91' title='bbox 1006 1571 1127 1643; x_wconf 90' lang='lat' dir='ltr'><strong>oculos</strong></span> <span class='ocrx_word' id='word_1_92' title='bbox 1164 1570 1222 1642; x_wconf 91' lang='lat' dir='ltr'><strong>sui</strong></span> <span class='ocrx_word' id='word_1_93' title='bbox 1257 1570 1384 1666; x_wconf 87' lang='lat' dir='ltr'><strong>quisquc</strong></span> 
     </span>
    </p>

    <p class='ocr_par' dir='ltr' id='par_1_10' title="bbox 160 1677 1413 1890">
     <span class='ocr_line' id='line_1_13' title="bbox 160 1677 1413 1779; baseline -0.004 -24"><span class='ocrx_word' id='word_1_94' title='bbox 160 1681 256 1779; x_wconf 85' lang='lat' dir='ltr'><strong>regis</strong></span> <span class='ocrx_word' id='word_1_95' title='bbox 282 1690 436 1754; x_wconf 88' lang='lat' dir='ltr'><strong>mortem</strong></span> <span class='ocrx_word' id='word_1_96' title='bbox 463 1681 672 1756; x_wconf 90' lang='lat' dir='ltr'><strong>occumbere</strong></span> <span class='ocrx_word' id='word_1_97' title='bbox 699 1681 854 1756; x_wconf 89' lang='lat' dir='ltr'><strong>ducebat</strong></span> <span class='ocrx_word' id='word_1_98' title='bbox 885 1681 1075 1779; x_wconf 81' lang='lat' dir='ltr'><strong>egregium.</strong></span> <span class='ocrx_word' id='word_1_99' title='bbox 1126 1677 1326 1753; x_wconf 87' lang='lat' dir='ltr'><strong>Maximum</strong></span> <span class='ocrx_word' id='word_1_100' title='bbox 1347 1689 1413 1750; x_wconf 69' lang='lat' dir='ltr'><strong>tar-2⁵</strong></span> 
     </span>
     <span class='ocr_line' id='line_1_14' title="bbox 160 1778 1381 1890; baseline -0.003 -26"><span class='ocrx_word' id='word_1_101' title='bbox 160 1816 244 1865; x_wconf 90' lang='lat' dir='ltr'><strong>men</strong></span> <span class='ocrx_word' id='word_1_102' title='bbox 282 1778 480 1889; x_wconf 84' lang='lat' dir='ltr'><strong>periculum</strong></span> <span class='ocrx_word' id='word_1_103' title='bbox 511 1791 675 1883; x_wconf 91' lang='lat' dir='ltr'><strong>adibant,</strong></span> <span class='ocrx_word' id='word_1_104' title='bbox 709 1819 798 1890; x_wconf 92' lang='lat' dir='ltr'><strong>quos</strong></span> <span class='ocrx_word' id='word_1_105' title='bbox 830 1794 985 1865; x_wconf 81' lang='lat' dir='ltr'><strong>maxime</strong></span> <span class='ocrx_word' id='word_1_106' title='bbox 1017 1792 1231 1883; x_wconf 82' lang='lat' dir='ltr'><strong>tuebantur3</strong></span> <span class='ocrx_word' id='word_1_107' title='bbox 1274 1791 1381 1888; x_wconf 89' lang='lat' dir='ltr'><strong>quippe</strong></span> 
     </span>
    </p>

    <p class='ocr_par' dir='ltr' id='par_1_11' title="bbox 160 1902 1014 2002">
     <span class='ocr_line' id='line_1_15' title="bbox 160 1902 1014 2002; baseline -0.001 -26"><span class='ocrx_word' id='word_1_108' title='bbox 160 1902 228 1976; x_wconf 87' lang='lat' dir='ltr'><strong>sibi</strong></span> <span class='ocrx_word' id='word_1_109' title='bbox 255 1904 405 2000; x_wconf 91' lang='lat' dir='ltr'><strong>quisque</strong></span> <span class='ocrx_word' id='word_1_110' title='bbox 432 1902 526 1975; x_wconf 90' lang='lat' dir='ltr'><strong>caesi</strong></span> <span class='ocrx_word' id='word_1_111' title='bbox 551 1904 646 2000; x_wconf 83' lang='lat' dir='ltr'><strong>regis</strong></span> <span class='ocrx_word' id='word_1_112' title='bbox 674 1904 869 2002; x_wconf 88' lang='lat' dir='ltr'><strong>expetebat</strong></span> <span class='ocrx_word' id='word_1_113' title='bbox 895 1902 1014 1976; x_wconf 88' lang='lat' dir='ltr'><strong>decus.</strong></span> 
     </span>
    </p>

    <p class='ocr_par' dir='ltr' id='par_1_12' title="bbox 108 2012 1409 2444">
     <span class='ocr_line' id='line_1_16' title="bbox 108 2012 1409 2110; baseline -0.004 -24"><span class='ocrx_word' id='word_1_114' title='bbox 108 2015 156 2088; x_wconf 82' lang='lat'><strong>59</strong></span> <span class='ocrx_word' id='word_1_115' title='bbox 264 2012 450 2103; x_wconf 83' lang='lat' dir='ltr'><strong>Ceterum,</strong></span> <span class='ocrx_word' id='word_1_116' title='bbox 486 2014 562 2088; x_wconf 87' lang='lat' dir='ltr'><strong>sive</strong></span> <span class='ocrx_word' id='word_1_117' title='bbox 587 2014 780 2087; x_wconf 90' lang='lat' dir='ltr'><strong>ludibrium</strong></span> <span class='ocrx_word' id='word_1_118' title='bbox 816 2015 1014 2104; x_wconf 88' lang='lat' dir='ltr'><strong>oculorum,</strong></span> <span class='ocrx_word' id='word_1_119' title='bbox 1048 2014 1123 2086; x_wconf 89' lang='lat' dir='ltr'><strong>sive</strong></span> <span class='ocrx_word' id='word_1_120' title='bbox 1149 2038 1240 2087; x_wconf 90' lang='lat' dir='ltr'><strong>vera</strong></span> <span class='ocrx_word' id='word_1_121' title='bbox 1266 2012 1409 2110; x_wconf 74' lang='lat' dir='ltr'><strong>speciest</strong></span> 
     </span>
     <span class='ocr_line' id='line_1_17' title="bbox 158 2122 1381 2220; baseline -0.003 -23"><span class='ocrx_word' id='word_1_122' title='bbox 158 2125 241 2215; x_wconf 83' lang='lat' dir='ltr'><strong>firit,</strong></span> <span class='ocrx_word' id='word_1_123' title='bbox 279 2125 339 2220; x_wconf 93' lang='lat' dir='ltr'><strong>qui</strong></span> <span class='ocrx_word' id='word_1_124' title='bbox 375 2123 467 2197; x_wconf 89' lang='lat' dir='ltr'><strong>circa</strong></span> <span class='ocrx_word' id='word_1_125' title='bbox 496 2123 747 2200; x_wconf 90' lang='lat' dir='ltr'><strong>Alexandrum</strong></span> <span class='ocrx_word' id='word_1_126' title='bbox 779 2136 897 2215; x_wconf 88' lang='lat' dir='ltr'><strong>erant,</strong></span> <span class='ocrx_word' id='word_1_127' title='bbox 935 2123 1069 2197; x_wconf 88' lang='lat' dir='ltr'><strong>vidisse</strong></span> <span class='ocrx_word' id='word_1_128' title='bbox 1102 2149 1141 2197; x_wconf 90' lang='lat' dir='ltr'><strong>se</strong></span> <span class='ocrx_word' id='word_1_129' title='bbox 1173 2122 1381 2196; x_wconf 89' lang='lat' dir='ltr'><strong>crediderunt</strong></span> 
     </span>
     <span class='ocr_line' id='line_1_18' title="bbox 158 2224 1380 2335; baseline -0.003 -28"><span class='ocrx_word' id='word_1_130' title='bbox 158 2234 344 2333; x_wconf 88' lang='lat' dir='ltr'><strong>paululum</strong></span> <span class='ocrx_word' id='word_1_131' title='bbox 369 2260 477 2333; x_wconf 89' lang='lat' dir='ltr'><strong>super</strong></span> <span class='ocrx_word' id='word_1_132' title='bbox 503 2247 612 2334; x_wconf 89' lang='lat' dir='ltr'><strong>caput</strong></span> <span class='ocrx_word' id='word_1_133' title='bbox 637 2237 730 2335; x_wconf 85' lang='lat' dir='ltr'><strong>regis</strong></span> <span class='ocrx_word' id='word_1_134' title='bbox 757 2224 896 2335; x_wconf 80' lang='lat' dir='ltr'><strong>placide</strong></span> <span class='ocrx_word' id='word_1_135' title='bbox 921 2238 1104 2308; x_wconf 87' lang='lat' dir='ltr'><strong>volantem</strong></span> <span class='ocrx_word' id='word_1_136' title='bbox 1129 2236 1303 2332; x_wconf 84' lang='lat' dir='ltr'><strong>aquilam,</strong></span> <span class='ocrx_word' id='word_1_137' title='bbox 1326 2257 1380 2307; x_wconf 90' lang='lat' dir='ltr'><strong>non</strong></span> 
     </span>
     <span class='ocr_line' id='line_1_19' title="bbox 159 2346 1380 2444; baseline -0.004 -24"><span class='ocrx_word' id='word_1_138' title='bbox 159 2372 249 2420; x_wconf 88' lang='lat' dir='ltr'><strong>sono</strong></span> <span class='ocrx_word' id='word_1_139' title='bbox 285 2371 482 2437; x_wconf 91' lang='lat' dir='ltr'><strong>armorum,</strong></span> <span class='ocrx_word' id='word_1_140' title='bbox 516 2372 591 2419; x_wconf 91' lang='lat' dir='ltr'><strong>non</strong></span> <span class='ocrx_word' id='word_1_141' title='bbox 621 2348 758 2444; x_wconf 82' lang='lat' dir='ltr'><strong>gemitu</strong></span> <span class='ocrx_word' id='word_1_142' title='bbox 791 2347 1018 2419; x_wconf 88' lang='lat' dir='ltr'><strong>morientium</strong></span> <span class='ocrx_word' id='word_1_143' title='bbox 1052 2346 1233 2418; x_wconf 90' lang='lat' dir='ltr'><strong>territam:</strong></span> <span class='ocrx_word' id='word_1_144' title='bbox 1271 2346 1380 2442; x_wconf 81' lang='lat' dir='ltr'><strong>diuque</strong></span> 
     </span>
    </p>
   </div>
   <div class='ocr_carea' id='block_1_3' title="bbox 194 2524 1379 2610">
    <p class='ocr_par' dir='ltr' id='par_1_13' title="bbox 194 2524 1379 2610">
     <span class='ocr_line' id='line_1_20' title="bbox 194 2524 1379 2610; baseline -0.006 -27"><span class='ocrx_word' id='word_1_145' title='bbox 194 2532 217 2598; x_wconf 72' lang='grc' dir='ltr'><strong>ξ.</strong></span> <span class='ocrx_word' id='word_1_146' title='bbox 236 2535 278 2583; x_wconf 90' lang='grc'><strong>22.</strong></span> <span class='ocrx_word' id='word_1_147' title='bbox 313 2532 474 2610; x_wconf 33' lang='grc' dir='ltr'><strong>εειαχνοητε</strong></span> <span class='ocrx_word' id='word_1_148' title='bbox 492 2539 515 2583; x_wconf 84' lang='lat' dir='ltr'><strong>et</strong></span> <span class='ocrx_word' id='word_1_149' title='bbox 533 2548 550 2583; x_wconf 88' lang='lat' dir='ltr'><strong>a</strong></span> <span class='ocrx_word' id='word_1_150' title='bbox 568 2530 650 2598; x_wconf 73' lang='lat' dir='ltr'><strong>teryo]</strong></span> <span class='ocrx_word' id='word_1_151' title='bbox 685 2526 764 2582; x_wconf 87' lang='lat' dir='ltr'><strong>Prius</strong></span> <span class='ocrx_word' id='word_1_152' title='bbox 797 2548 857 2584; x_wconf 84' lang='lat' dir='ltr'><strong>raro</strong></span> <span class='ocrx_word' id='word_1_153' title='bbox 873 2529 897 2583; x_wconf 93' lang='lat' dir='ltr'><strong>ei</strong></span> <span class='ocrx_word' id='word_1_154' title='bbox 911 2527 1032 2599; x_wconf 84' lang='lat' dir='ltr'><strong>contigit,</strong></span> <span class='ocrx_word' id='word_1_155' title='bbox 1047 2527 1134 2582; x_wconf 80' lang='lat' dir='ltr'><strong>faciles</strong></span> <span class='ocrx_word' id='word_1_156' title='bbox 1143 2527 1291 2583; x_wconf 86' lang='lat' dir='ltr'><strong>imitatores</strong></span> <span class='ocrx_word' id='word_1_157' title='bbox 1299 2524 1379 2582; x_wconf 86' lang='lat' dir='ltr'><strong>habuit</strong></span> 
     </span>
    </p>
   </div>
   <div class='ocr_carea' id='block_1_4' title="bbox 159 2596 1380 2737">
    <p class='ocr_par' dir='ltr' id='par_1_14' title="bbox 159 2596 1380 2737">
     <span class='ocr_line' id='line_1_21' title="bbox 159 2596 1380 2667; baseline 0 -17"><span class='ocrx_word' id='word_1_158' title='bbox 159 2607 183 2651; x_wconf 83' lang='lat' dir='ltr'><strong>et</strong></span> <span class='ocrx_word' id='word_1_159' title='bbox 200 2597 282 2666; x_wconf 87' lang='lat' dir='ltr'><strong>vulgo</strong></span> <span class='ocrx_word' id='word_1_160' title='bbox 298 2606 440 2665; x_wconf 77' lang='lat' dir='ltr'><strong>omittitur,</strong></span> <span class='ocrx_word' id='word_1_161' title='bbox 458 2616 518 2652; x_wconf 89' lang='lat' dir='ltr'><strong>cum</strong></span> <span class='ocrx_word' id='word_1_162' title='bbox 534 2598 560 2651; x_wconf 91' lang='lat' dir='ltr'><strong>le</strong></span> <span class='ocrx_word' id='word_1_163' title='bbox 579 2596 764 2650; x_wconf 86' lang='lat' dir='ltr'><strong>aturinutro·</strong></span> <span class='ocrx_word' id='word_1_164' title='bbox 798 2599 852 2653; x_wconf 87' lang='lat' dir='ltr'><strong>Sed</strong></span> <span class='ocrx_word' id='word_1_165' title='bbox 875 2605 967 2652; x_wconf 85' lang='lat' dir='ltr'><strong>auctor</strong></span> <span class='ocrx_word' id='word_1_166' title='bbox 996 2604 1087 2650; x_wconf 90' lang='lat' dir='ltr'><strong>noster</strong></span> <span class='ocrx_word' id='word_1_167' title='bbox 1117 2615 1172 2650; x_wconf 88' lang='lat' dir='ltr'><strong>non</strong></span> <span class='ocrx_word' id='word_1_168' title='bbox 1199 2598 1268 2651; x_wconf 89' lang='lat' dir='ltr'><strong>solet</strong></span> <span class='ocrx_word' id='word_1_169' title='bbox 1294 2599 1380 2667; x_wconf 78' lang='lat' dir='ltr'><strong>quiqu</strong></span> 
     </span>
     <span class='ocr_line' id='line_1_22' title="bbox 178 2616 1379 2737; baseline -0.002 -19"><span class='ocrx_word' id='word_1_170' title='bbox 178 2682 212 2718; x_wconf 88' lang='lat' dir='ltr'><strong>ue</strong></span> <span class='ocrx_word' id='word_1_171' title='bbox 228 2666 309 2719; x_wconf 86' lang='lat' dir='ltr'><strong>Bern</strong></span> <span class='ocrx_word' id='word_1_172' title='bbox 337 2674 365 2719; x_wconf 89' lang='lat' dir='ltr'><strong>et</strong></span> <span class='ocrx_word' id='word_1_173' title='bbox 390 2666 462 2719; x_wconf 82' lang='lat' dir='ltr'><strong>Flor.</strong></span> <span class='ocrx_word' id='word_1_174' title='bbox 488 2616 609 2720; x_wconf 67' lang='lat' dir='ltr'><strong>omnibus</strong></span> <span class='ocrx_word' id='word_1_175' title='bbox 635 2673 664 2718; x_wconf 89' lang='lat' dir='ltr'><strong>et</strong></span> <span class='ocrx_word' id='word_1_176' title='bbox 688 2664 762 2718; x_wconf 89' lang='lat' dir='ltr'><strong>Leid.</strong></span> <span class='ocrx_word' id='word_1_177' title='bbox 797 2685 857 2720; x_wconf 89' lang='lat' dir='ltr'><strong>oum</strong></span> <span class='ocrx_word' id='word_1_178' title='bbox 878 2665 973 2737; x_wconf 87' lang='lat' dir='ltr'><strong>plurali</strong></span> <span class='ocrx_word' id='word_1_179' title='bbox 998 2664 1072 2719; x_wconf 86' lang='lat' dir='ltr'><strong>verbi</strong></span> <span class='ocrx_word' id='word_1_180' title='bbox 1095 2682 1206 2719; x_wconf 91' lang='lat' dir='ltr'><strong>numero</strong></span> <span class='ocrx_word' id='word_1_181' title='bbox 1234 2666 1379 2735; x_wconf 71' lang='lat' dir='ltr'><strong>ooniungea</strong></span> 
     </span>
    </p>
   </div>
   <div class='ocr_carea' id='block_1_5' title="bbox 83 2733 1380 4439">
    <p class='ocr_par' dir='ltr' id='par_1_15' title="bbox 83 2733 1380 4439">
     <span class='ocr_line' id='line_1_23' title="bbox 186 2733 1379 2805; baseline -0.003 -18"><span class='ocrx_word' id='word_1_182' title='bbox 186 2751 237 2788; x_wconf 92' lang='lat' dir='ltr'><strong>oss.</strong></span> <span class='ocrx_word' id='word_1_183' title='bbox 257 2742 280 2788; x_wconf 94' lang='lat'><strong>1.</strong></span> <span class='ocrx_word' id='word_1_184' title='bbox 315 2734 369 2787; x_wconf 86' lang='lat' dir='ltr'><strong>Sed</strong></span> <span class='ocrx_word' id='word_1_185' title='bbox 390 2733 469 2787; x_wconf 86' lang='lat' dir='ltr'><strong>iidem</strong></span> <span class='ocrx_word' id='word_1_186' title='bbox 494 2734 556 2787; x_wconf 86' lang='lat' dir='ltr'><strong>msti</strong></span> <span class='ocrx_word' id='word_1_187' title='bbox 582 2742 610 2787; x_wconf 90' lang='lat' dir='ltr'><strong>et</strong></span> <span class='ocrx_word' id='word_1_188' title='bbox 636 2734 695 2786; x_wconf 88' lang='lat' dir='ltr'><strong>edd.</strong></span> <span class='ocrx_word' id='word_1_189' title='bbox 742 2752 763 2786; x_wconf 93' lang='lat' dir='ltr'><strong>r.</strong></span> <span class='ocrx_word' id='word_1_190' title='bbox 796 2735 825 2788; x_wconf 90' lang='lat' dir='ltr'><strong>in</strong></span> <span class='ocrx_word' id='word_1_191' title='bbox 851 2751 935 2805; x_wconf 84' lang='lat' dir='ltr'><strong>esque</strong></span> <span class='ocrx_word' id='word_1_192' title='bbox 959 2750 989 2787; x_wconf 88' lang='lat' dir='ltr'><strong>re</strong></span> <span class='ocrx_word' id='word_1_193' title='bbox 1020 2741 1123 2786; x_wconf 85' lang='lat' dir='ltr'><strong>veteres</strong></span> <span class='ocrx_word' id='word_1_194' title='bbox 1144 2733 1235 2804; x_wconf 88' lang='lat' dir='ltr'><strong>potius</strong></span> <span class='ocrx_word' id='word_1_195' title='bbox 1261 2734 1379 2804; x_wconf 77' lang='lat' dir='ltr'><strong>scriptores</strong></span> 
     </span>
     <span class='ocr_line' id='line_1_24' title="bbox 83 2751 1380 2874; baseline 0.001 -23"><span class='ocrx_word' id='word_1_196' title='bbox 83 2845 87 2851; x_wconf 93' lang='lat'><strong>.</strong></span> <span class='ocrx_word' id='word_1_197' title='bbox 159 2820 219 2857; x_wconf 87' lang='lat' dir='ltr'><strong>oum</strong></span> <span class='ocrx_word' id='word_1_198' title='bbox 235 2803 327 2856; x_wconf 90' lang='lat' dir='ltr'><strong>Modio</strong></span> <span class='ocrx_word' id='word_1_199' title='bbox 349 2802 439 2872; x_wconf 86' lang='lat' dir='ltr'><strong>inepte</strong></span> <span class='ocrx_word' id='word_1_200' title='bbox 463 2812 486 2856; x_wconf 84' lang='lat' dir='ltr'><strong>et</strong></span> <span class='ocrx_word' id='word_1_201' title='bbox 503 2802 584 2856; x_wconf 86' lang='lat' dir='ltr'><strong>etiam</strong></span> <span class='ocrx_word' id='word_1_202' title='bbox 602 2810 665 2855; x_wconf 83' lang='lat' dir='ltr'><strong>ante</strong></span> <span class='ocrx_word' id='word_1_203' title='bbox 682 2751 764 2855; x_wconf 75' lang='lat' dir='ltr'><strong>verbs</strong></span> <span class='ocrx_word' id='word_1_204' title='bbox 797 2804 931 2874; x_wconf 88' lang='lat' dir='ltr'><strong>sequitur,</strong></span> <span class='ocrx_word' id='word_1_205' title='bbox 949 2819 999 2856; x_wconf 89' lang='lat' dir='ltr'><strong>neo</strong></span> <span class='ocrx_word' id='word_1_206' title='bbox 1015 2801 1114 2872; x_wconf 85' lang='lat' dir='ltr'><strong>legitur</strong></span> <span class='ocrx_word' id='word_1_207' title='bbox 1136 2804 1267 2856; x_wconf 80' lang='lat' dir='ltr'><strong>docebunt</strong></span> <span class='ocrx_word' id='word_1_208' title='bbox 1284 2796 1380 2855; x_wconf 84' lang='lat' dir='ltr'><strong>inlibris</strong></span> 
     </span>
     <span class='ocr_line' id='line_1_25' title="bbox 160 2869 1380 2941; baseline 0 -17"><span class='ocrx_word' id='word_1_209' title='bbox 160 2872 193 2924; x_wconf 84' lang='lat' dir='ltr'><strong>ab</strong></span> <span class='ocrx_word' id='word_1_210' title='bbox 212 2872 343 2941; x_wconf 68' lang='lat' dir='ltr'><strong>Aprioois</strong></span> <span class='ocrx_word' id='word_1_211' title='bbox 361 2870 489 2924; x_wconf 90' lang='lat' dir='ltr'><strong>inserunt.</strong></span> <span class='ocrx_word' id='word_1_212' title='bbox 520 2871 587 2925; x_wconf 90' lang='lat' dir='ltr'><strong>Mox</strong></span> <span class='ocrx_word' id='word_1_213' title='bbox 604 2869 644 2923; x_wconf 92' lang='lat' dir='ltr'><strong>his</strong></span> <span class='ocrx_word' id='word_1_214' title='bbox 663 2871 763 2940; x_wconf 73' lang='lat' dir='ltr'><strong>Aprio·</strong></span> <span class='ocrx_word' id='word_1_215' title='bbox 797 2890 856 2924; x_wconf 90' lang='lat' dir='ltr'><strong>mss.</strong></span> <span class='ocrx_word' id='word_1_216' title='bbox 875 2871 930 2924; x_wconf 89' lang='lat' dir='ltr'><strong>sine</strong></span> <span class='ocrx_word' id='word_1_217' title='bbox 947 2869 1133 2924; x_wconf 85' lang='lat' dir='ltr'><strong>controversia.</strong></span> <span class='ocrx_word' id='word_1_218' title='bbox 1169 2870 1265 2924; x_wconf 88' lang='lat' dir='ltr'><strong>Nostri</strong></span> <span class='ocrx_word' id='word_1_219' title='bbox 1284 2871 1380 2924; x_wconf 80' lang='lat' dir='ltr'><strong>oeneet</strong></span> 
     </span>
     <span class='ocr_line' id='line_1_26' title="bbox 159 2937 1379 3020; baseline -0.005 -28"><span class='ocrx_word' id='word_1_220' title='bbox 159 2941 202 2992; x_wconf 80' lang='lat' dir='ltr'><strong>nis</strong></span> <span class='ocrx_word' id='word_1_221' title='bbox 220 2939 300 3009; x_wconf 81' lang='lat' dir='ltr'><strong>vulgo</strong></span> <span class='ocrx_word' id='word_1_222' title='bbox 317 2937 499 3007; x_wconf 86' lang='lat' dir='ltr'><strong>praedicatum</strong></span> <span class='ocrx_word' id='word_1_223' title='bbox 521 2938 675 3008; x_wconf 85' lang='lat' dir='ltr'><strong>adiungitur</strong></span> <span class='ocrx_word' id='word_1_224' title='bbox 692 2939 762 2991; x_wconf 82' lang='lat' dir='ltr'><strong>mili·</strong></span> <span class='ocrx_word' id='word_1_225' title='bbox 798 2958 864 3020; x_wconf 82' lang='lat' dir='ltr'><strong>quos</strong></span> <span class='ocrx_word' id='word_1_226' title='bbox 883 2939 964 2993; x_wconf 84' lang='lat' dir='ltr'><strong>Snak.</strong></span> <span class='ocrx_word' id='word_1_227' title='bbox 982 2938 1095 2992; x_wconf 90' lang='lat' dir='ltr'><strong>contulit</strong></span> <span class='ocrx_word' id='word_1_228' title='bbox 1117 2955 1209 2992; x_wconf 83' lang='lat' dir='ltr'><strong>omnes</strong></span> <span class='ocrx_word' id='word_1_229' title='bbox 1228 2941 1334 2992; x_wconf 76' lang='lat' dir='ltr'><strong>docebat</strong></span> <span class='ocrx_word' id='word_1_230' title='bbox 1347 2953 1379 2989; x_wconf 82' lang='lat' dir='ltr'><strong>er·</strong></span> 
     </span>
     <span class='ocr_line' id='line_1_27' title="bbox 158 3005 1379 3078; baseline 0.001 -19"><span class='ocrx_word' id='word_1_231' title='bbox 158 3009 241 3073; x_wconf 80' lang='lat' dir='ltr'><strong>tibus,</strong></span> <span class='ocrx_word' id='word_1_232' title='bbox 264 3025 313 3078; x_wconf 92' lang='lat' dir='ltr'><strong>pro</strong></span> <span class='ocrx_word' id='word_1_233' title='bbox 336 3024 389 3076; x_wconf 89' lang='lat' dir='ltr'><strong>quo</strong></span> <span class='ocrx_word' id='word_1_234' title='bbox 410 3023 488 3060; x_wconf 89' lang='lat' dir='ltr'><strong>nemo</strong></span> <span class='ocrx_word' id='word_1_235' title='bbox 513 3025 566 3060; x_wconf 93' lang='lat' dir='ltr'><strong>non</strong></span> <span class='ocrx_word' id='word_1_236' title='bbox 588 3007 678 3060; x_wconf 86' lang='lat' dir='ltr'><strong>statim</strong></span> <span class='ocrx_word' id='word_1_237' title='bbox 696 3005 762 3059; x_wconf 87' lang='lat' dir='ltr'><strong>reci·</strong></span> <span class='ocrx_word' id='word_1_238' title='bbox 796 3009 897 3061; x_wconf 87' lang='lat' dir='ltr'><strong>hrbent.</strong></span> <span class='ocrx_word' id='word_1_239' title='bbox 940 3007 1040 3059; x_wconf 90' lang='lat' dir='ltr'><strong>Mirum</strong></span> <span class='ocrx_word' id='word_1_240' title='bbox 1069 3005 1151 3058; x_wconf 90' lang='lat' dir='ltr'><strong>etiam</strong></span> <span class='ocrx_word' id='word_1_241' title='bbox 1180 3007 1202 3059; x_wconf 88' lang='lat' dir='ltr'><strong>si</strong></span> <span class='ocrx_word' id='word_1_242' title='bbox 1231 3008 1311 3077; x_wconf 83' lang='lat' dir='ltr'><strong>paulo</strong></span> <span class='ocrx_word' id='word_1_243' title='bbox 1334 3009 1379 3077; x_wconf 69' lang='lat' dir='ltr'><strong>posi</strong></span> 
     </span>
     <span class='ocr_line' id='line_1_28' title="bbox 176 3071 1379 3144; baseline -0.001 -16"><span class='ocrx_word' id='word_1_244' title='bbox 176 3075 284 3128; x_wconf 82' lang='lat' dir='ltr'><strong>lendum</strong></span> <span class='ocrx_word' id='word_1_245' title='bbox 300 3073 375 3128; x_wconf 82' lang='lat' dir='ltr'><strong>videt</strong></span> <span class='ocrx_word' id='word_1_246' title='bbox 401 3077 473 3144; x_wconf 92' lang='lat' dir='ltr'><strong>quod</strong></span> <span class='ocrx_word' id='word_1_247' title='bbox 494 3085 522 3128; x_wconf 94' lang='lat' dir='ltr'><strong>et</strong></span> <span class='ocrx_word' id='word_1_248' title='bbox 540 3075 621 3129; x_wconf 82' lang='lat' dir='ltr'><strong>Snak.</strong></span> <span class='ocrx_word' id='word_1_249' title='bbox 640 3076 715 3128; x_wconf 86' lang='lat' dir='ltr'><strong>codd.</strong></span> <span class='ocrx_word' id='word_1_250' title='bbox 733 3082 762 3127; x_wconf 89' lang='lat' dir='ltr'><strong>et</strong></span> <span class='ocrx_word' id='word_1_251' title='bbox 797 3076 905 3130; x_wconf 88' lang='lat' dir='ltr'><strong>Curtius</strong></span> <span class='ocrx_word' id='word_1_252' title='bbox 921 3077 973 3128; x_wconf 85' lang='lat' dir='ltr'><strong>sibi</strong></span> <span class='ocrx_word' id='word_1_253' title='bbox 990 3077 1099 3143; x_wconf 81' lang='lat' dir='ltr'><strong>quisque</strong></span> <span class='ocrx_word' id='word_1_254' title='bbox 1122 3077 1257 3143; x_wconf 75' lang='lat' dir='ltr'><strong>expetebat</strong></span> <span class='ocrx_word' id='word_1_255' title='bbox 1283 3071 1379 3144; x_wconf 77' lang='lat' dir='ltr'><strong>scriptis</strong></span> 
     </span>
     <span class='ocr_line' id='line_1_29' title="bbox 156 3093 1379 3214; baseline -0.002 -17"><span class='ocrx_word' id='word_1_256' title='bbox 156 3093 238 3197; x_wconf 61' lang='lat' dir='ltr'><strong>bern.</strong></span> <span class='ocrx_word' id='word_1_257' title='bbox 255 3143 363 3198; x_wconf 86' lang='lat' dir='ltr'><strong>etFlor.</strong></span> <span class='ocrx_word' id='word_1_258' title='bbox 377 3160 466 3196; x_wconf 89' lang='lat' dir='ltr'><strong>omnes</strong></span> <span class='ocrx_word' id='word_1_259' title='bbox 480 3143 607 3197; x_wconf 89' lang='lat' dir='ltr'><strong>exhibent</strong></span> <span class='ocrx_word' id='word_1_260' title='bbox 624 3144 761 3212; x_wconf 83' lang='lat' dir='ltr'><strong>equitibus.</strong></span> <span class='ocrx_word' id='word_1_261' title='bbox 795 3153 845 3211; x_wconf 86' lang='lat' dir='ltr'><strong>set,</strong></span> <span class='ocrx_word' id='word_1_262' title='bbox 863 3145 913 3198; x_wconf 89' lang='lat' dir='ltr'><strong>hoc</strong></span> <span class='ocrx_word' id='word_1_263' title='bbox 929 3150 1019 3211; x_wconf 72' lang='lat' dir='ltr'><strong>autem</strong></span> <span class='ocrx_word' id='word_1_264' title='bbox 1036 3143 1094 3196; x_wconf 87' lang='lat' dir='ltr'><strong>loeo</strong></span> <span class='ocrx_word' id='word_1_265' title='bbox 1111 3159 1252 3196; x_wconf 88' lang='lat' dir='ltr'><strong>numerum</strong></span> <span class='ocrx_word' id='word_1_266' title='bbox 1268 3141 1379 3214; x_wconf 79' lang='lat' dir='ltr'><strong>plmalem</strong></span> 
     </span>
     <span class='ocr_line' id='line_1_30' title="bbox 156 3210 932 3284; baseline 0.001 -21"><span class='ocrx_word' id='word_1_267' title='bbox 156 3210 262 3264; x_wconf 88' lang='lat' dir='ltr'><strong>Deinde</strong></span> <span class='ocrx_word' id='word_1_268' title='bbox 280 3220 303 3263; x_wconf 86' lang='lat' dir='ltr'><strong>et</strong></span> <span class='ocrx_word' id='word_1_269' title='bbox 319 3211 461 3263; x_wconf 83' lang='lat' dir='ltr'><strong>Bactriani</strong></span> <span class='ocrx_word' id='word_1_270' title='bbox 478 3210 569 3264; x_wconf 82' lang='lat' dir='ltr'><strong>addita</strong></span> <span class='ocrx_word' id='word_1_271' title='bbox 577 3211 761 3264; x_wconf 86' lang='lat' dir='ltr'><strong>coniunctione</strong></span> <span class='ocrx_word' id='word_1_272' title='bbox 795 3212 932 3284; x_wconf 88' lang='lat' dir='ltr'><strong>posuisset.</strong></span> 
     </span>
     <span class='ocr_line' id='line_1_31' title="bbox 157 3275 1378 3349; baseline -0.002 -17"><span class='ocrx_word' id='word_1_273' title='bbox 157 3278 219 3332; x_wconf 89' lang='lat' dir='ltr'><strong>dedi</strong></span> <span class='ocrx_word' id='word_1_274' title='bbox 235 3295 269 3330; x_wconf 88' lang='lat' dir='ltr'><strong>ex</strong></span> <span class='ocrx_word' id='word_1_275' title='bbox 286 3277 385 3330; x_wconf 87' lang='lat' dir='ltr'><strong>Aldina</strong></span> <span class='ocrx_word' id='word_1_276' title='bbox 403 3285 431 3330; x_wconf 89' lang='lat' dir='ltr'><strong>et</strong></span> <span class='ocrx_word' id='word_1_277' title='bbox 447 3278 518 3332; x_wconf 85' lang='lat' dir='ltr'><strong>Flor.</strong></span> <span class='ocrx_word' id='word_1_278' title='bbox 536 3278 665 3332; x_wconf 80' lang='lat' dir='ltr'><strong>BGEGH</strong></span> <span class='ocrx_word' id='word_1_279' title='bbox 678 3279 759 3331; x_wconf 89' lang='lat' dir='ltr'><strong>Bern.</strong></span> <span class='ocrx_word' id='word_1_280' title='bbox 830 3284 852 3349; x_wconf 67' lang='grc' dir='ltr'><strong>ς.</strong></span> <span class='ocrx_word' id='word_1_281' title='bbox 871 3286 912 3334; x_wconf 78' lang='grc'><strong>25.</strong></span> <span class='ocrx_word' id='word_1_282' title='bbox 947 3279 1057 3332; x_wconf 84' lang='lat' dir='ltr'><strong>odibunt</strong></span> <span class='ocrx_word' id='word_1_283' title='bbox 1074 3297 1138 3347; x_wconf 84' lang='lat' dir='ltr'><strong>quos</strong></span> <span class='ocrx_word' id='word_1_284' title='bbox 1156 3298 1228 3333; x_wconf 78' lang='lat' dir='ltr'><strong>mos.</strong></span> <span class='ocrx_word' id='word_1_285' title='bbox 1247 3275 1378 3344; x_wconf 81' lang='lat' dir='ltr'><strong>tuebantur]</strong></span> 
     </span>
     <span class='ocr_line' id='line_1_32' title="bbox 156 3345 1377 3419; baseline -0.002 -20"><span class='ocrx_word' id='word_1_286' title='bbox 156 3345 274 3399; x_wconf 87' lang='lat' dir='ltr'><strong>BLeid.</strong></span> <span class='ocrx_word' id='word_1_287' title='bbox 295 3346 372 3398; x_wconf 92' lang='lat' dir='ltr'><strong>Voss.</strong></span> <span class='ocrx_word' id='word_1_288' title='bbox 398 3353 410 3398; x_wconf 97' lang='lat'>1</span> <span class='ocrx_word' id='word_1_289' title='bbox 435 3353 464 3398; x_wconf 89' lang='lat' dir='ltr'><strong>et</strong></span> <span class='ocrx_word' id='word_1_290' title='bbox 481 3353 506 3398; x_wconf 96' lang='grc'><strong>2.</strong></span> <span class='ocrx_word' id='word_1_291' title='bbox 542 3345 697 3400; x_wconf 87' lang='lat' dir='ltr'><strong>Omiserunt</strong></span> <span class='ocrx_word' id='word_1_292' title='bbox 714 3346 760 3398; x_wconf 92' lang='lat' dir='ltr'><strong>Iu·</strong></span> <span class='ocrx_word' id='word_1_293' title='bbox 793 3349 922 3419; x_wconf 87' lang='lat' dir='ltr'><strong>Argutius</strong></span> <span class='ocrx_word' id='word_1_294' title='bbox 939 3348 1010 3400; x_wconf 82' lang='lat' dir='ltr'><strong>haud</strong></span> <span class='ocrx_word' id='word_1_295' title='bbox 1030 3347 1110 3400; x_wconf 87' lang='lat' dir='ltr'><strong>dubie</strong></span> <span class='ocrx_word' id='word_1_296' title='bbox 1131 3346 1169 3401; x_wconf 89' lang='lat' dir='ltr'><strong>sio</strong></span> <span class='ocrx_word' id='word_1_297' title='bbox 1191 3347 1256 3402; x_wconf 90' lang='lat' dir='ltr'><strong>dicit</strong></span> <span class='ocrx_word' id='word_1_298' title='bbox 1279 3345 1377 3407; x_wconf 82' lang='lat' dir='ltr'><strong>Curtios,</strong></span> 
     </span>
     <span class='ocr_line' id='line_1_33' title="bbox 155 3411 1379 3487; baseline 0.003 -23"><span class='ocrx_word' id='word_1_299' title='bbox 155 3412 214 3465; x_wconf 91' lang='lat' dir='ltr'><strong>nius</strong></span> <span class='ocrx_word' id='word_1_300' title='bbox 236 3420 264 3465; x_wconf 89' lang='lat' dir='ltr'><strong>et</strong></span> <span class='ocrx_word' id='word_1_301' title='bbox 285 3411 393 3465; x_wconf 89' lang='lat' dir='ltr'><strong>Modius</strong></span> <span class='ocrx_word' id='word_1_302' title='bbox 419 3420 447 3465; x_wconf 89' lang='lat' dir='ltr'><strong>et</strong></span> <span class='ocrx_word' id='word_1_303' title='bbox 468 3413 578 3484; x_wconf 90' lang='lat' dir='ltr'><strong>reliqui,</strong></span> <span class='ocrx_word' id='word_1_304' title='bbox 607 3414 759 3484; x_wconf 83' lang='lat' dir='ltr'><strong>habentque</strong></span> <span class='ocrx_word' id='word_1_305' title='bbox 795 3435 874 3487; x_wconf 85' lang='lat' dir='ltr'><strong>quam</strong></span> <span class='ocrx_word' id='word_1_306' title='bbox 899 3416 921 3470; x_wconf 92' lang='lat' dir='ltr'><strong>si</strong></span> <span class='ocrx_word' id='word_1_307' title='bbox 943 3415 1079 3484; x_wconf 83' lang='lat' dir='ltr'><strong>vulgatam</strong></span> <span class='ocrx_word' id='word_1_308' title='bbox 1098 3415 1241 3469; x_wconf 84' lang='lat' dir='ltr'><strong>lectionem</strong></span> <span class='ocrx_word' id='word_1_309' title='bbox 1262 3414 1379 3485; x_wconf 84' lang='lat' dir='ltr'><strong>sequimur</strong></span> 
     </span>
     <span class='ocr_line' id='line_1_34' title="bbox 156 3478 1377 3554; baseline 0 -19"><span class='ocrx_word' id='word_1_310' title='bbox 156 3495 219 3535; x_wconf 86' lang='lat' dir='ltr'><strong>sane</strong></span> <span class='ocrx_word' id='word_1_311' title='bbox 243 3486 362 3533; x_wconf 83' lang='lat' dir='ltr'><strong>auctores</strong></span> <span class='ocrx_word' id='word_1_312' title='bbox 387 3479 458 3533; x_wconf 85' lang='lat' dir='ltr'><strong>Flor.</strong></span> <span class='ocrx_word' id='word_1_313' title='bbox 479 3480 506 3533; x_wconf 86' lang='lat' dir='ltr'><strong>A</strong></span> <span class='ocrx_word' id='word_1_314' title='bbox 531 3488 559 3535; x_wconf 88' lang='lat' dir='ltr'><strong>et</strong></span> <span class='ocrx_word' id='word_1_315' title='bbox 584 3481 666 3535; x_wconf 88' lang='lat' dir='ltr'><strong>Bern.</strong></span> <span class='ocrx_word' id='word_1_316' title='bbox 691 3487 716 3535; x_wconf 88' lang='lat' dir='ltr'><strong>A</strong></span> <span class='ocrx_word' id='word_1_317' title='bbox 743 3501 759 3536; x_wconf 85' lang='lat' dir='ltr'><strong>a</strong></span> <span class='ocrx_word' id='word_1_318' title='bbox 793 3488 839 3554; x_wconf 84' lang='lat' dir='ltr'><strong>qui</strong></span> <span class='ocrx_word' id='word_1_319' title='bbox 855 3503 925 3538; x_wconf 75' lang='lat' dir='ltr'><strong>siros.</strong></span> <span class='ocrx_word' id='word_1_320' title='bbox 943 3486 1088 3537; x_wconf 80' lang='lat' dir='ltr'><strong>tuebantur.</strong></span> <span class='ocrx_word' id='word_1_321' title='bbox 1109 3483 1171 3537; x_wconf 88' lang='lat' dir='ltr'><strong>Hoc</strong></span> <span class='ocrx_word' id='word_1_322' title='bbox 1187 3491 1260 3538; x_wconf 87' lang='lat' dir='ltr'><strong>certe</strong></span> <span class='ocrx_word' id='word_1_323' title='bbox 1277 3502 1328 3537; x_wconf 91' lang='lat' dir='ltr'><strong>non</strong></span> <span class='ocrx_word' id='word_1_324' title='bbox 1342 3478 1377 3535; x_wconf 82' lang='lat' dir='ltr'><strong>ni·</strong></span> 
     </span>
     <span class='ocr_line' id='line_1_35' title="bbox 154 3549 1378 3622; baseline 0.005 -22"><span class='ocrx_word' id='word_1_325' title='bbox 154 3567 196 3620; x_wconf 88' lang='lat' dir='ltr'><strong>pr.</strong></span> <span class='ocrx_word' id='word_1_326' title='bbox 216 3565 250 3600; x_wconf 89' lang='lat' dir='ltr'><strong>m.</strong></span> <span class='ocrx_word' id='word_1_327' title='bbox 792 3561 869 3619; x_wconf 81' lang='lat' dir='ltr'><strong>rum‘,</strong></span> <span class='ocrx_word' id='word_1_328' title='bbox 896 3552 942 3622; x_wconf 89' lang='lat' dir='ltr'><strong>qui</strong></span> <span class='ocrx_word' id='word_1_329' title='bbox 967 3550 1044 3604; x_wconf 85' lang='lat' dir='ltr'><strong>enixe</strong></span> <span class='ocrx_word' id='word_1_330' title='bbox 1086 3560 1220 3622; x_wconf 83' lang='lat' dir='ltr'><strong>uguarent</strong></span> <span class='ocrx_word' id='word_1_331' title='bbox 1236 3551 1265 3606; x_wconf 90' lang='lat' dir='ltr'><strong>in</strong></span> <span class='ocrx_word' id='word_1_332' title='bbox 1280 3549 1378 3605; x_wconf 70' lang='lat' dir='ltr'><strong>maxim</strong></span> 
     </span>
     <span class='ocr_line' id='line_1_36' title="bbox 190 3571 1377 3690; baseline 0.001 -20"><span class='ocrx_word' id='word_1_333' title='bbox 190 3619 215 3682; x_wconf 72' lang='grc'><strong>5.</strong></span> <span class='ocrx_word' id='word_1_334' title='bbox 233 3622 276 3670; x_wconf 85' lang='grc'><strong>23.</strong></span> <span class='ocrx_word' id='word_1_335' title='bbox 304 3617 436 3684; x_wconf 82' lang='lat' dir='ltr'><strong>proelium</strong></span> <span class='ocrx_word' id='word_1_336' title='bbox 454 3620 637 3686; x_wconf 82' lang='lat' dir='ltr'><strong>accenderant]</strong></span> <span class='ocrx_word' id='word_1_337' title='bbox 672 3618 758 3672; x_wconf 89' lang='lat' dir='ltr'><strong>Aldus</strong></span> <span class='ocrx_word' id='word_1_338' title='bbox 824 3621 907 3674; x_wconf 86' lang='lat' dir='ltr'><strong>riculo</strong></span> <span class='ocrx_word' id='word_1_339' title='bbox 923 3619 1011 3687; x_wconf 87' lang='lat' dir='ltr'><strong>fuisse,</strong></span> <span class='ocrx_word' id='word_1_340' title='bbox 1029 3571 1086 3672; x_wconf 70' lang='lat' dir='ltr'><strong>seri</strong></span> <span class='ocrx_word' id='word_1_341' title='bbox 1093 3620 1162 3690; x_wconf 90' lang='lat' dir='ltr'><strong>ipsos</strong></span> <span class='ocrx_word' id='word_1_342' title='bbox 1179 3637 1256 3690; x_wconf 79' lang='lat' dir='ltr'><strong>reges</strong></span> <span class='ocrx_word' id='word_1_343' title='bbox 1273 3620 1377 3673; x_wconf 82' lang='lat' dir='ltr'><strong>intertot</strong></span> 
     </span>
     <span class='ocr_line' id='line_1_37' title="bbox 153 3682 1375 3759; baseline 0.002 -22"><span class='ocrx_word' id='word_1_344' title='bbox 153 3683 205 3737; x_wconf 88' lang='lat' dir='ltr'><strong>hoe</strong></span> <span class='ocrx_word' id='word_1_345' title='bbox 221 3683 337 3738; x_wconf 86' lang='lat' dir='ltr'><strong>correxit</strong></span> <span class='ocrx_word' id='word_1_346' title='bbox 354 3682 485 3738; x_wconf 90' lang='lat' dir='ltr'><strong>immerito</strong></span> <span class='ocrx_word' id='word_1_347' title='bbox 503 3685 657 3757; x_wconf 86' lang='lat' dir='ltr'><strong>scripsitque</strong></span> <span class='ocrx_word' id='word_1_348' title='bbox 665 3704 757 3741; x_wconf 82' lang='lat' dir='ltr'><strong>occen—</strong></span> <span class='ocrx_word' id='word_1_349' title='bbox 801 3689 944 3743; x_wconf 89' lang='lat' dir='ltr'><strong>ortissimos</strong></span> <span class='ocrx_word' id='word_1_350' title='bbox 966 3687 1074 3742; x_wconf 83' lang='lat' dir='ltr'><strong>comites</strong></span> <span class='ocrx_word' id='word_1_351' title='bbox 1096 3706 1150 3741; x_wconf 88' lang='lat' dir='ltr'><strong>non</strong></span> <span class='ocrx_word' id='word_1_352' title='bbox 1172 3695 1296 3759; x_wconf 85' lang='lat' dir='ltr'><strong>expertes</strong></span> <span class='ocrx_word' id='word_1_353' title='bbox 1313 3685 1375 3740; x_wconf 73' lang='lat' dir='ltr'><strong>fuiss</strong></span> 
     </span>
     <span class='ocr_line' id='line_1_38' title="bbox 154 3751 1376 3828; baseline 0 -21"><span class='ocrx_word' id='word_1_354' title='bbox 154 3754 259 3821; x_wconf 83' lang='lat' dir='ltr'><strong>debant,</strong></span> <span class='ocrx_word' id='word_1_355' title='bbox 277 3770 340 3805; x_wconf 90' lang='lat' dir='ltr'><strong>num</strong></span> <span class='ocrx_word' id='word_1_356' title='bbox 357 3751 446 3823; x_wconf 85' lang='lat' dir='ltr'><strong>aliqua</strong></span> <span class='ocrx_word' id='word_1_357' title='bbox 463 3753 580 3808; x_wconf 87' lang='lat' dir='ltr'><strong>codicum</strong></span> <span class='ocrx_word' id='word_1_358' title='bbox 599 3755 757 3808; x_wconf 82' lang='lat' dir='ltr'><strong>auctoritate</strong></span> <span class='ocrx_word' id='word_1_359' title='bbox 789 3757 898 3828; x_wconf 79' lang='lat' dir='ltr'><strong>periculi</strong></span> <span class='ocrx_word' id='word_1_360' title='bbox 915 3756 1051 3826; x_wconf 86' lang='lat' dir='ltr'><strong>aliquanto</strong></span> <span class='ocrx_word' id='word_1_361' title='bbox 1068 3757 1126 3826; x_wconf 92' lang='lat' dir='ltr'><strong>plus</strong></span> <span class='ocrx_word' id='word_1_362' title='bbox 1142 3757 1225 3811; x_wconf 82' lang='lat' dir='ltr'><strong>habet</strong></span> <span class='ocrx_word' id='word_1_363' title='bbox 1242 3752 1376 3809; x_wconf 74' lang='lat' dir='ltr'><strong>admiratio·</strong></span> 
     </span>
     <span class='ocr_line' id='line_1_39' title="bbox 152 3819 1374 3900; baseline 0.003 -26"><span class='ocrx_word' id='word_1_364' title='bbox 152 3821 247 3892; x_wconf 83' lang='lat' dir='ltr'><strong>ignoro</strong></span> <span class='ocrx_word' id='word_1_365' title='bbox 265 3822 378 3891; x_wconf 81' lang='lat' dir='ltr'><strong>(Vossl</strong></span> <span class='ocrx_word' id='word_1_366' title='bbox 395 3821 512 3889; x_wconf 85' lang='lat' dir='ltr'><strong>citarem,</strong></span> <span class='ocrx_word' id='word_1_367' title='bbox 530 3823 552 3875; x_wconf 89' lang='lat' dir='ltr'><strong>si</strong></span> <span class='ocrx_word' id='word_1_368' title='bbox 569 3822 634 3876; x_wconf 88' lang='lat' dir='ltr'><strong>fides</strong></span> <span class='ocrx_word' id='word_1_369' title='bbox 651 3823 756 3877; x_wconf 87' lang='lat' dir='ltr'><strong>silentio</strong></span> <span class='ocrx_word' id='word_1_370' title='bbox 790 3825 838 3878; x_wconf 88' lang='lat' dir='ltr'><strong>nis.</strong></span> <span class='ocrx_word' id='word_1_371' title='bbox 878 3824 978 3890; x_wconf 84' lang='lat' dir='ltr'><strong>Quidni</strong></span> <span class='ocrx_word' id='word_1_372' title='bbox 1003 3823 1086 3894; x_wconf 88' lang='lat' dir='ltr'><strong>igitur</strong></span> <span class='ocrx_word' id='word_1_373' title='bbox 1110 3823 1240 3877; x_wconf 83' lang='lat' dir='ltr'><strong>malumus</strong></span> <span class='ocrx_word' id='word_1_374' title='bbox 1267 3819 1374 3900; x_wconf 62' lang='lat' dir='ltr'><strong>quodin</strong></span> 
     </span>
     <span class='ocr_line' id='line_1_40' title="bbox 152 3890 1373 3960; baseline -0.003 -15"><span class='ocrx_word' id='word_1_375' title='bbox 152 3893 244 3958; x_wconf 82' lang='lat' dir='ltr'><strong>essct),</strong></span> <span class='ocrx_word' id='word_1_376' title='bbox 262 3897 335 3945; x_wconf 86' lang='lat' dir='ltr'><strong>certe</strong></span> <span class='ocrx_word' id='word_1_377' title='bbox 352 3907 443 3960; x_wconf 83' lang='lat' dir='ltr'><strong>parum</strong></span> <span class='ocrx_word' id='word_1_378' title='bbox 462 3890 570 3956; x_wconf 87' lang='lat' dir='ltr'><strong>idonea,</strong></span> <span class='ocrx_word' id='word_1_379' title='bbox 593 3909 655 3944; x_wconf 87' lang='lat' dir='ltr'><strong>nam</strong></span> <span class='ocrx_word' id='word_1_380' title='bbox 672 3891 756 3945; x_wconf 88' lang='lat' dir='ltr'><strong>nostri</strong></span> <span class='ocrx_word' id='word_1_381' title='bbox 791 3893 910 3947; x_wconf 88' lang='lat' dir='ltr'><strong>omnibus</strong></span> <span class='ocrx_word' id='word_1_382' title='bbox 936 3891 1009 3945; x_wconf 91' lang='lat' dir='ltr'><strong>libris</strong></span> <span class='ocrx_word' id='word_1_383' title='bbox 1034 3909 1094 3945; x_wconf 90' lang='lat' dir='ltr'><strong>mss.</strong></span> <span class='ocrx_word' id='word_1_384' title='bbox 1120 3900 1162 3945; x_wconf 87' lang='lat' dir='ltr'><strong>est</strong></span> <span class='ocrx_word' id='word_1_385' title='bbox 1186 3891 1248 3959; x_wconf 90' lang='lat' dir='ltr'><strong>(nisi</strong></span> <span class='ocrx_word' id='word_1_386' title='bbox 1290 3891 1338 3945; x_wconf 90' lang='lat' dir='ltr'><strong>uod</strong></span> <span class='ocrx_word' id='word_1_387' title='bbox 1352 3903 1373 3941; x_wconf 80' lang='lat' dir='ltr'><strong>m</strong></span> 
     </span>
     <span class='ocr_line' id='line_1_41' title="bbox 153 3952 1373 4029; baseline 0.001 -18"><span class='ocrx_word' id='word_1_388' title='bbox 153 3958 259 4029; x_wconf 89' lang='lat' dir='ltr'><strong>quidem</strong></span> <span class='ocrx_word' id='word_1_389' title='bbox 285 3957 346 4012; x_wconf 90' lang='lat' dir='ltr'><strong>libri</strong></span> <span class='ocrx_word' id='word_1_390' title='bbox 372 3958 443 4012; x_wconf 89' lang='lat' dir='ltr'><strong>inter</strong></span> <span class='ocrx_word' id='word_1_391' title='bbox 468 3975 497 4012; x_wconf 85' lang='lat' dir='ltr'><strong>ss</strong></span> <span class='ocrx_word' id='word_1_392' title='bbox 522 3966 578 4012; x_wconf 88' lang='lat' dir='ltr'><strong>tam</strong></span> <span class='ocrx_word' id='word_1_393' title='bbox 604 3959 700 4013; x_wconf 86' lang='lat' dir='ltr'><strong>diversi</strong></span> <span class='ocrx_word' id='word_1_394' title='bbox 721 3962 756 4012; x_wconf 84' lang='lat' dir='ltr'><strong>od</strong></span> <span class='ocrx_word' id='word_1_395' title='bbox 788 3961 860 4015; x_wconf 86' lang='lat' dir='ltr'><strong>Flor.</strong></span> <span class='ocrx_word' id='word_1_396' title='bbox 886 3961 939 4015; x_wconf 85' lang='grc' dir='ltr'><strong>ΕΗ</strong></span> <span class='ocrx_word' id='word_1_397' title='bbox 969 3960 1050 4013; x_wconf 89' lang='lat' dir='ltr'><strong>Bern.</strong></span> <span class='ocrx_word' id='word_1_398' title='bbox 1076 3959 1101 4012; x_wconf 92' lang='lat' dir='ltr'>B</span> <span class='ocrx_word' id='word_1_399' title='bbox 1131 3963 1202 4029; x_wconf 82' lang='lat' dir='ltr'><strong>quod</strong></span> <span class='ocrx_word' id='word_1_400' title='bbox 1234 3978 1285 4014; x_wconf 85' lang='lat' dir='ltr'><strong>sorr</strong></span> <span class='ocrx_word' id='word_1_401' title='bbox 1302 3952 1373 4022; x_wconf 68' lang='lat' dir='ltr'><strong>itud?</strong></span> 
     </span>
     <span class='ocr_line' id='line_1_42' title="bbox 151 4025 1370 4100; baseline -0.002 -21"><span class='ocrx_word' id='word_1_402' title='bbox 151 4044 233 4080; x_wconf 88' lang='lat' dir='ltr'><strong>unum</strong></span> <span class='ocrx_word' id='word_1_403' title='bbox 261 4043 351 4081; x_wconf 83' lang='lat' dir='ltr'><strong>omncs</strong></span> <span class='ocrx_word' id='word_1_404' title='bbox 382 4028 454 4097; x_wconf 88' lang='lat' dir='ltr'><strong>quod</strong></span> <span class='ocrx_word' id='word_1_405' title='bbox 488 4027 616 4081; x_wconf 86' lang='lat' dir='ltr'><strong>edidimus</strong></span> <span class='ocrx_word' id='word_1_406' title='bbox 650 4029 755 4082; x_wconf 86' lang='lat' dir='ltr'><strong>habent.</strong></span> <span class='ocrx_word' id='word_1_407' title='bbox 788 4029 899 4100; x_wconf 87' lang='lat' dir='ltr'><strong>Aliquot</strong></span> <span class='ocrx_word' id='word_1_408' title='bbox 920 4035 1010 4082; x_wconf 85' lang='lat' dir='ltr'><strong>tamen</strong></span> <span class='ocrx_word' id='word_1_409' title='bbox 1035 4034 1063 4081; x_wconf 89' lang='lat' dir='ltr'><strong>et</strong></span> <span class='ocrx_word' id='word_1_410' title='bbox 1087 4026 1256 4083; x_wconf 82' lang='lat' dir='ltr'><strong>vetustissimi</strong></span> <span class='ocrx_word' id='word_1_411' title='bbox 1283 4025 1370 4098; x_wconf 84' lang='lat' dir='ltr'><strong>quiden</strong></span> 
     </span>
     <span class='ocr_line' id='line_1_43' title="bbox 152 4087 1371 4168; baseline -0.002 -20"><span class='ocrx_word' id='word_1_412' title='bbox 152 4093 278 4148; x_wconf 77' lang='lat' dir='ltr'><strong>Ceterum</strong></span> <span class='ocrx_word' id='word_1_413' title='bbox 303 4094 411 4148; x_wconf 89' lang='lat' dir='ltr'><strong>Modius</strong></span> <span class='ocrx_word' id='word_1_414' title='bbox 439 4112 546 4166; x_wconf 87' lang='lat' dir='ltr'><strong>quoque</strong></span> <span class='ocrx_word' id='word_1_415' title='bbox 566 4096 693 4150; x_wconf 84' lang='lat' dir='ltr'><strong>Aldinsm</strong></span> <span class='ocrx_word' id='word_1_416' title='bbox 716 4096 755 4150; x_wconf 84' lang='lat' dir='ltr'><strong>le·</strong></span> <span class='ocrx_word' id='word_1_417' title='bbox 788 4115 837 4168; x_wconf 94' lang='lat' dir='ltr'><strong>pro</strong></span> <span class='ocrx_word' id='word_1_418' title='bbox 854 4098 964 4151; x_wconf 78' lang='lat' dir='ltr'><strong>odibant</strong></span> <span class='ocrx_word' id='word_1_419' title='bbox 985 4097 1129 4150; x_wconf 87' lang='lat' dir='ltr'><strong>ostendunt</strong></span> <span class='ocrx_word' id='word_1_420' title='bbox 1149 4098 1318 4161; x_wconf 69' lang='lat' dir='ltr'><strong>adiubabunt,</strong></span> <span class='ocrx_word' id='word_1_421' title='bbox 1336 4087 1371 4146; x_wconf 74' lang='lat' dir='ltr'><strong>ssd</strong></span> 
     </span>
     <span class='ocr_line' id='line_1_44' title="bbox 151 4161 1370 4235; baseline 0 -19"><span class='ocrx_word' id='word_1_422' title='bbox 151 4161 266 4217; x_wconf 85' lang='lat' dir='ltr'><strong>ctionem</strong></span> <span class='ocrx_word' id='word_1_423' title='bbox 282 4163 406 4218; x_wconf 73' lang='lat' dir='ltr'><strong>servant.</strong></span> <span class='ocrx_word' id='word_1_424' title='bbox 787 4167 912 4219; x_wconf 89' lang='lat' dir='ltr'><strong>mendum</strong></span> <span class='ocrx_word' id='word_1_425' title='bbox 928 4165 979 4219; x_wconf 87' lang='lat' dir='ltr'><strong>hoc</strong></span> <span class='ocrx_word' id='word_1_426' title='bbox 996 4173 1045 4232; x_wconf 88' lang='lat' dir='ltr'><strong>est,</strong></span> <span class='ocrx_word' id='word_1_427' title='bbox 1064 4182 1080 4218; x_wconf 90' lang='lat' dir='ltr'><strong>a</strong></span> <span class='ocrx_word' id='word_1_428' title='bbox 1096 4181 1149 4235; x_wconf 90' lang='lat' dir='ltr'><strong>quo</strong></span> <span class='ocrx_word' id='word_1_429' title='bbox 1165 4163 1247 4217; x_wconf 88' lang='lat' dir='ltr'><strong>libros</strong></span> <span class='ocrx_word' id='word_1_430' title='bbox 1262 4163 1318 4217; x_wconf 88' lang='lat' dir='ltr'><strong>illos</strong></span> <span class='ocrx_word' id='word_1_431' title='bbox 1328 4172 1370 4214; x_wconf 74' lang='lat' dir='ltr'><strong>usn</strong></span> 
     </span>
     <span class='ocr_line' id='line_1_45' title="bbox 186 4230 1245 4303; baseline 0.001 -19"><span class='ocrx_word' id='word_1_432' title='bbox 186 4232 210 4298; x_wconf 84' lang='lat'><strong>§.</strong></span> <span class='ocrx_word' id='word_1_433' title='bbox 234 4237 276 4285; x_wconf 86' lang='grc'><strong>24.</strong></span> <span class='ocrx_word' id='word_1_434' title='bbox 320 4233 429 4286; x_wconf 82' lang='lat' dir='ltr'><strong>ducebat</strong></span> <span class='ocrx_word' id='word_1_435' title='bbox 454 4249 514 4301; x_wconf 73' lang='lat' dir='ltr'><strong>eqre</strong></span> <span class='ocrx_word' id='word_1_436' title='bbox 533 4232 597 4303; x_wconf 73' lang='lat' dir='ltr'><strong>iona]</strong></span> <span class='ocrx_word' id='word_1_437' title='bbox 646 4231 753 4285; x_wconf 86' lang='lat' dir='ltr'><strong>Modius</strong></span> <span class='ocrx_word' id='word_1_438' title='bbox 787 4251 843 4288; x_wconf 83' lang='lat' dir='ltr'><strong>esse</strong></span> <span class='ocrx_word' id='word_1_439' title='bbox 859 4233 958 4287; x_wconf 78' lang='lat' dir='ltr'><strong>aliems</strong></span> <span class='ocrx_word' id='word_1_440' title='bbox 975 4248 1052 4303; x_wconf 85' lang='lat' dir='ltr'><strong>saepe</strong></span> <span class='ocrx_word' id='word_1_441' title='bbox 1069 4230 1245 4303; x_wconf 80' lang='lat' dir='ltr'><strong>cognovimus</strong></span> 
     </span>
     <span class='ocr_line' id='line_1_46' title="bbox 151 4251 1367 4372; baseline 0.004 -21"><span class='ocrx_word' id='word_1_442' title='bbox 151 4298 279 4352; x_wconf 71' lang='lat' dir='ltr'><strong>dwcbont</strong></span> <span class='ocrx_word' id='word_1_443' title='bbox 294 4298 323 4352; x_wconf 92' lang='lat' dir='ltr'><strong>in</strong></span> <span class='ocrx_word' id='word_1_444' title='bbox 339 4299 412 4353; x_wconf 91' lang='lat' dir='ltr'><strong>libris</strong></span> <span class='ocrx_word' id='word_1_445' title='bbox 429 4251 562 4354; x_wconf 77' lang='lat' dir='ltr'><strong>veter-idus</strong></span> <span class='ocrx_word' id='word_1_446' title='bbox 579 4317 608 4353; x_wconf 86' lang='lat' dir='ltr'><strong>sc</strong></span> <span class='ocrx_word' id='word_1_447' title='bbox 623 4299 753 4352; x_wconf 87' lang='lat' dir='ltr'><strong>invenisse</strong></span> <span class='ocrx_word' id='word_1_448' title='bbox 822 4301 886 4372; x_wconf 86' lang='lat' dir='ltr'><strong>Cap.</strong></span> <span class='ocrx_word' id='word_1_449' title='bbox 904 4307 952 4368; x_wconf 83' lang='lat'><strong>59,</strong></span> <span class='ocrx_word' id='word_1_450' title='bbox 971 4304 994 4368; x_wconf 71' lang='lat'><strong>§-</strong></span> <span class='ocrx_word' id='word_1_451' title='bbox 1012 4307 1053 4354; x_wconf 79' lang='grc'><strong>26.</strong></span> <span class='ocrx_word' id='word_1_452' title='bbox 1088 4319 1139 4354; x_wconf 84' lang='lat' dir='ltr'><strong>non</strong></span> <span class='ocrx_word' id='word_1_453' title='bbox 1164 4317 1228 4354; x_wconf 79' lang='lat' dir='ltr'><strong>sono</strong></span> <span class='ocrx_word' id='word_1_454' title='bbox 1245 4309 1367 4356; x_wconf 63' lang='lat' dir='ltr'><strong>omorio.</strong></span> 
     </span>
     <span class='ocr_line' id='line_1_47' title="bbox 148 4365 1368 4439; baseline 0.001 -21"><span class='ocrx_word' id='word_1_455' title='bbox 148 4365 298 4436; x_wconf 85' lang='lat' dir='ltr'><strong>contendit,</strong></span> <span class='ocrx_word' id='word_1_456' title='bbox 311 4365 401 4436; x_wconf 82' lang='lat' dir='ltr'><strong>itaque</strong></span> <span class='ocrx_word' id='word_1_457' title='bbox 409 4367 494 4422; x_wconf 89' lang='lat' dir='ltr'><strong>edidit</strong></span> <span class='ocrx_word' id='word_1_458' title='bbox 501 4376 664 4439; x_wconf 83' lang='lat' dir='ltr'><strong>ceterosque,</strong></span> <span class='ocrx_word' id='word_1_459' title='bbox 681 4368 753 4438; x_wconf 90' lang='lat' dir='ltr'><strong>quod</strong></span> <span class='ocrx_word' id='word_1_460' title='bbox 785 4388 838 4425; x_wconf 80' lang='lat' dir='ltr'><strong>non</strong></span> <span class='ocrx_word' id='word_1_461' title='bbox 856 4372 918 4437; x_wconf 86' lang='lat' dir='ltr'><strong>oet]</strong></span> <span class='ocrx_word' id='word_1_462' title='bbox 952 4369 1022 4422; x_wconf 86' lang='lat' dir='ltr'><strong>Edd.</strong></span> <span class='ocrx_word' id='word_1_463' title='bbox 1039 4375 1106 4423; x_wconf 85' lang='lat' dir='ltr'><strong>vett.</strong></span> <span class='ocrx_word' id='word_1_464' title='bbox 1127 4385 1174 4422; x_wconf 81' lang='lat' dir='ltr'><strong>nec</strong></span> <span class='ocrx_word' id='word_1_465' title='bbox 1194 4369 1281 4423; x_wconf 82' lang='lat' dir='ltr'><strong>sonitu</strong></span> <span class='ocrx_word' id='word_1_466' title='bbox 1296 4377 1368 4419; x_wconf 75' lang='lat' dir='ltr'><strong>omo·</strong></span> 
     </span>
    </p>
   </div>
   <div class='ocr_carea' id='block_1_6' title="bbox 0 0 1468 5174">
    <p class='ocr_par' dir='ltr' id='par_1_16' title="bbox 0 0 1468 5174">
     <span class='ocr_line' id='line_1_48' title="bbox 0 0 1468 5174; baseline 0 5"><span class='ocrx_word' id='word_1_467' title='bbox 0 0 1468 5174; x_wconf 95' lang='lat' dir='ltr'><strong> </strong></span> 
     </span>
    </p>
   </div>
  </div>
 </body>
</html>
