2926 5174
179 306 253 379 180
644 323 679 386 a.
707 321 832 374 cusrn
856 321 943 374 aurn

172 532 282 608 super
309 507 428 607 capita
452 505 612 580 hostium
637 530 819 579 evasuros.
873 503 965 580 (lum
996 503 1185 578 consilium
1217 499 1428 601 placuisset,t

172 619 281 693 iidem
312 618 481 691 itinerum
515 618 662 691 suerunt
695 616 815 690 duces.
873 640 903 690 n
929 628 966 690 et
991 639 1018 689 n
1051 614 1220 689 mercede
1257 615 1408 689 conducti

173 740 212 804 et
236 729 387 828 Agriani
412 730 488 802 iere
514 751 544 800 Μ
568 727 727 800 Tauroni
752 729 934 826 praefecto
960 727 1046 819 dati,
1074 752 1115 800 ac
1142 735 1231 824 post
1258 725 1341 800 solis
1364 751 1408 798 oc-

173 865 298 913 casum
322 841 392 913 iter
416 839 556 937 ingredi
582 839 679 912 iussi.
740 838 823 938 Ipse
855 841 962 913 tertia
996 839 1116 936 vigilia
1152 838 1284 910 castris
1317 838 1430 910 motisr

174 950 269 1024 circa
293 952 383 1024 lucis
411 962 531 1024 ortum
557 960 706 1048 superat
732 951 933 1048 angustiae,
969 974 1145 1047 caesaque
1170 948 1327 1021 materia
1351 973 1408 1021 cra·

174 1061 271 1135 tibus
300 1073 337 1135 et
362 1062 493 1161 pluteis
526 1060 718 1152 faciundis,
754 1071 796 1133 ut
823 1063 884 1159 qui
909 1073 1028 1135 turres
1055 1058 1298 1133 admoverent
1323 1071 1409 1133 extra

174 1173 237 1246 teli
263 1174 397 1247 iactum
423 1182 554 1263 essent,
574 1172 703 1245 urbem
729 1170 895 1245 obsidere
922 1174 1050 1270 coepit.
1089 1169 1299 1269 Praerupta
1324 1181 1428 1244 erantt

173 1285 313 1377 omnia,
347 1285 445 1358 saxis
479 1294 516 1358 et
542 1283 682 1356 cotibus
715 1282 896 1380 impedita.
948 1281 1071 1357 Multis
1098 1307 1186 1379 ergo
1216 1281 1407 1354 vulneribus
1453 1260 1457 1353 l

173 1394 331 1492 depulsi,
367 1406 409 1468 ut
440 1396 570 1492 quibus
596 1420 671 1468 non
697 1420 778 1467 cum
804 1394 910 1468 hoste
936 1395 1069 1486 solum,
1104 1393 1171 1467 sed
1208 1394 1322 1466 etiam
1346 1417 1407 1465 cun
1454 1382 1457 1425 ³

173 1503 524 1578 locodimicandum
551 1517 656 1597 esset,
684 1499 855 1579 subibant
880 1517 1012 1596 tamen,
1030 1505 1113 1602 quia
1139 1529 1210 1577 rex
1238 1504 1334 1578 inter
1355 1503 1425 1603 pri-t
1455 1558 1457 1563 .

173 1639 252 1686 mos
280 1617 507 1708 constiterat,
542 1617 769 1714 interrogans
802 1627 860 1690 tot
885 1617 1028 1689 urbium
1061 1617 1244 1707 victores,
1279 1641 1326 1688 an
1350 1639 1405 1688 eru·
1451 1566 1457 1713 l

172 1725 363 1800 bescerent
395 1728 544 1801 haerere
578 1728 617 1799 in
649 1728 837 1801 obsidione
872 1727 1007 1801 castelli
1034 1727 1156 1824 exigui
1184 1736 1225 1800 et
1251 1725 1404 1826 ignobilis,
1453 1726 1457 1813 l

174 1837 280 1909 simul
307 1836 507 1912 admonens
534 1839 556 1884 *¹
583 1839 605 1883 *
1118 1840 1120 1845 ’
1455 1840 1457 1851 ’

172 1945 272 2020 Inter
297 1948 387 2022 haec
414 1951 552 2023 eminus
578 1951 786 2048 petebatur;
823 1974 929 2048 quem
960 1947 1143 2021 testudine
1171 1947 1319 2021 obiecta
1342 1945 1405 2020 mili·

174 2069 242 2149 teS,
269 2059 331 2132 ubi
358 2072 400 2135 ut
426 2061 628 2136 discederet
654 2062 852 2161 perpellere
877 2060 1099 2157 nequierant,
1126 2058 1339 2133 tuebantur.

126 2172 171 2243 11
278 2169 441 2244 Tandem
468 2171 613 2245 Tauron
640 2198 749 2272 super
776 2198 894 2245 arcem
915 2171 1014 2243 urbis
1034 2196 1073 2243 se
1093 2195 1177 2242 cum
1197 2196 1268 2243 suo
1290 2170 1405 2270 agmine
1418 2177 1457 2228 1⁰·

175 2279 351 2353 ostendit:
380 2282 428 2355 ad
454 2284 554 2357 ouius
581 2294 813 2382 conspectum
840 2279 880 2357 et=
901 2284 1060 2356 hostium
1085 2281 1197 2353 animi
1225 2284 1362 2373 labare,
1382 2288 1407 2352 el

174 2390 390 2465 Macedones
424 2395 540 2466 acrius
575 2396 752 2492 proelium
776 2395 865 2468 inire
892 2401 1097 2490 coeperunt.
1151 2391 1305 2492 Anceps
1332 2390 1406 2491 oppi·
1421 2396 1446 2450 1¹

210 2580 234 2641 S.
254 2584 277 2629 t.
300 2585 407 2646 superat
425 2572 585 2649 enpustias]
600 2577 646 2632 Sic
663 2578 782 2649 plerique
816 2596 877 2632 vens
895 2579 949 2630 iam
967 2578 1110 2630 interlaee
1130 2580 1408 2646 captiuorumque

173 2642 233 2697 libri
252 2644 322 2697 Flor.
341 2651 370 2697 et
387 2652 501 2715 uterque
517 2646 598 2699 Bern.
616 2646 781 2701 Leid..Voss.
816 2656 872 2713 test.
890 2647 940 2699 obi.
957 2647 1062 2712 milites,
1081 2661 1157 2713 quem
1175 2655 1206 2698 ut
1225 2649 1289 2700 inde
1298 2649 1358 2700 disc.
1361 2660 1408 2714 per·

176 2721 206 2780 1,
226 2723 352 2783 superant
368 2712 391 2765 F
393 2712 439 2767 lor.
459 2713 524 2782 O,s
561 2725 647 2768 ererat
665 2715 737 2771 Flor.
757 2715 781 2783 I,
811 2717 910 2787 pellere
934 2715 1107 2782 nequierant,
1134 2714 1289 2768 tuebuntur.
1323 2712 1408 2768 Medius

173 2791 316 2851 superarat
338 2781 410 2835 Flor.
428 2781 472 2849 H,
499 2801 519 2835 n
557 2801 587 2836 us
612 2785 684 2854 quod
701 2783 782 2854 vulgo
816 2782 937 2852 denique,
956 2799 1016 2835 cum
1032 2779 1166 2850 flagitiose
1183 2790 1268 2835 antea
1285 2797 1408 2837 an-uon

174 2849 298 2904 scribitur
319 2861 497 2920 ιιιριναυιιαί.
539 2852 624 2905 Paulo
650 2860 713 2923 post
730 2855 781 2921 fa·
816 2853 1002 2917 erubescerent,
1022 2849 1096 2920 quasi
1114 2849 1154 2901 sie
1167 2850 1229 2903 fieri
1238 2854 1407 2912 necessecsstt

22 2978 24 2985 ,
175 2921 279 2973 ciunrlis
301 2937 351 2989 pro
365 2921 506 2999 faciendis
525 2920 611 2973 veteri
627 2938 701 2975 more
719 2920 781 2974 scri-
816 2919 971 2990 scripsisset,
998 2925 1056 2970 tum
1073 2916 1153 2970 seuit:
1177 2920 1262 2973 simul
1288 2922 1340 2973 ium
1359 2921 1408 2996 inter

67 3031 72 3041 .
174 2988 290 3040 bendum
308 2989 373 3040 duxr
391 3004 425 3040 ex
442 2988 583 3041 BernAB
602 2997 630 3041 et
647 2990 782 3043 Florum
816 2992 880 3043 baec
898 3005 944 3040 ern.
957 2988 1111 3056 petebatur,
1137 3004 1197 3039 cum
1216 2997 1276 3042 test.
1294 2991 1341 3042 obi.
1356 2986 1407 3040 mib-

175 3054 197 3110 C
216 3064 328 3128 excepto
346 3056 475 3110 omnibus.
494 3052 576 3110 Snak.
593 3056 653 3111 silet
671 3058 704 3110 de
722 3057 783 3110 suis.
818 3068 864 3124 tes,
884 3073 957 3125 quem
975 3057 1082 3108 atinde
1100 3057 1204 3108 cederet
1260 3059 1362 3126 opellere
1376 3069 1407 3106 ne

173 3123 220 3178 sia
236 3142 298 3178 mox
316 3142 338 3178 c.
358 3132 387 3177 17
406 3143 448 3195 pr.
460 3127 696 3194 proprediuuduru.
714 3126 784 3179 Item
818 3128 963 3195 quiverant,
982 3124 1128 3177 tuebantur.
1162 3074 1270 3179 Exbls
1288 3119 1407 3178 nuncvul·

174 3202 249 3246 extra
268 3195 313 3246 teli
330 3195 427 3246 iactum
445 3210 535 3246 omnes
549 3192 609 3246 libri
624 3193 684 3262 mei,
702 3194 783 3264 vulgo
818 3201 881 3264 gata
906 3192 1049 3263 composita
1073 3199 1127 3244 est:
1157 3193 1249 3247 Simul
1276 3196 1336 3247 iam
1358 3193 1408 3245 inter

174 3261 431 3327 ictum:cf.ad1v,
452 3267 492 3312 11.
818 3265 881 3316 baec
899 3263 998 3314 eminus
1016 3261 1176 3329 petebatur,·
1202 3279 1274 3316 cum
1299 3271 1350 3317 test.
1371 3257 1407 3312 ott

210 3331 233 3396 ς.
253 3336 277 3383 9.
312 3329 392 3382 simul
410 3329 584 3382 admouens*.
616 3330 691 3382 Inter
707 3333 783 3403 baec]
818 3332 913 3384 milites
936 3331 989 3399 qui
1011 3339 1039 3382 ut
1067 3330 1145 3381 inde
1164 3331 1313 3384 discederet
1324 3327 1407 3400 perpelff

175 3395 257 3449 Edidi
273 3397 361 3449 locum
379 3395 415 3448 sic
433 3404 464 3448 ut
480 3396 509 3449 in
521 3396 675 3451 Florentino
693 3401 785 3453 codice
819 3402 871 3453 lere
889 3400 1058 3478 nequiverant
1077 3403 1127 3449 cet.
1163 3397 1272 3452 Verum
1289 3403 1406 3453 admunt

176 3462 359 3532 antiquissimu
383 3463 493 3534 legitur,
522 3482 538 3517 a
561 3463 635 3518 cuius
653 3466 784 3537 scriptura
818 3468 847 3521 in
864 3468 984 3521 omnibus
1003 3464 1137 3519 codicibus
1154 3473 1215 3530 est,
1245 3470 1299 3521 ium
1321 3467 1347 3520 in
1367 3477 1406 3516 um

175 3547 211 3584 ne
229 3531 308 3583 ceteri
328 3530 435 3602 quidem
452 3532 502 3584 nisi
519 3533 626 3603 paulum
640 3533 783 3590 discedunt.
818 3537 891 3591 Flor.
915 3534 948 3588 G.
983 3534 1052 3587 Item
1078 3551 1153 3603 quem
1177 3552 1273 3589 omnes
1295 3533 1405 3594 exhibent,

176 3599 268 3654 Unum
286 3600 320 3651 de
337 3617 397 3654 meo
416 3599 518 3668 adieci,
544 3618 636 3655 vocem
660 3605 705 3656 ubl
723 3615 785 3659 ante
837 3609 866 3659 ui
890 3604 918 3657 in
944 3603 1016 3656 nullo
1033 3601 1176 3655 invenitur.
1213 3603 1271 3658 Pro
1289 3604 1406 3658 discederet

176 3676 218 3734 ut,
245 3685 323 3737 quam
346 3668 415 3722 ratio
433 3669 513 3722 tonus
531 3669 676 3723 sententiae
693 3682 785 3743 postu-
818 3623 890 3728 ilar.
910 3671 936 3725 G
953 3675 1013 3725 inde
1032 3674 1132 3724 cederet
1150 3671 1251 3740 habet,
1275 3670 1360 3743 reliqui
1374 3669 1405 3720 de·

176 3736 232 3790 lare
255 3736 401 3790 videbatur.
442 3737 577 3791 Lacunam
600 3739 701 3810 aliquot
725 3760 785 3796 ver·
820 3746 921 3796 eederet
937 3749 983 3793 aut
1000 3742 1182 3807 descenderet,
1206 3741 1290 3795 Bern.
1312 3742 1404 3806 Asp·

176 3807 271 3861 borum
289 3823 346 3859 esse
363 3805 440 3859 facile
458 3806 621 3877 intelligitur,
642 3826 721 3879 quam
739 3811 785 3883 qui
815 3829 854 3864 m.
872 3820 900 3863 ut
918 3812 1032 3875 diceret,·
1054 3809 1101 3860 sed
1120 3809 1268 3863 discederet
1284 3817 1362 3864 tamen
1376 3819 1405 3856 st·

175 3893 231 3929 non
311 3884 447 3940 oscerent,
476 3878 589 3929 secando
616 3884 644 3929 et
669 3878 785 3951 interpp-
820 3879 854 3932 tis
873 3895 900 3931 se
918 3884 1013 3931 tuetur.
1049 3877 1200 3956 Perpellere
1226 3879 1261 3933 de
1284 3877 1405 3933 conium

176 3943 257 3996 lando
291 3962 368 3998 ocum
390 3943 474 4012 magis
491 3940 578 3997 ”etiam
602 3956 784 4016 corruperunt.
821 3947 952 4013 scribitur,
971 3945 1048 4000 codd.
1066 3962 1136 3997 emm
1148 3949 1266 4016 pellere,
1292 3945 1404 4018 quodnec

176 4011 249 4065 Nam
257 4013 318 4065 edit.
329 4032 369 4083 pr.
387 4015 466 4066 simul
485 4015 626 4067 admonens
644 4016 698 4068 ium
716 4019 787 4070 iuter
820 4015 898 4068 huius
921 4014 972 4068 loci
988 4021 1029 4067 est
1046 4030 1096 4067 nec
1112 4013 1277 4084 particulam
1293 4026 1320 4069 ut
1334 4020 1404 4082 regem

177 4081 240 4133 baec
263 4083 364 4135 eminus
385 4083 539 4151 petebatur,
572 4101 628 4137 eum
653 4093 709 4136 test.
735 4087 785 4139 obi.
821 4092 916 4154 potest.
940 4084 1123 4152 Nequiverant
1139 4082 1169 4136 in
1187 4102 1242 4138 uno
1259 4082 1355 4139 Flanss
1368 4081 1403 4141 tib

176 4149 272 4201 milites
290 4160 318 4202 ut
342 4151 403 4203 inde
422 4152 566 4204 discederet
576 4154 724 4220 perpellere
741 4172 786 4207 ne·
821 4153 901 4206 ceteri
919 4153 1081 4222 nequierant.

178 4217 323 4296 quiverant,
333 4221 480 4272 tuebantur.
497 4219 609 4273 Aldina:
625 4223 704 4274 simul
713 4226 784 4277 adm.

177 4301 232 4336 tam
250 4286 317 4338 iuter
335 4289 398 4340 laec
416 4290 517 4340 cutinus
529 4289 681 4357 petebatur,
710 4309 786 4359 quent
858 4289 923 4359 Cap.
942 4304 983 4355 xl,
1003 4292 1025 4357 §.
1046 4295 1086 4343 10.
1105 4298 1129 4343 et
1146 4291 1261 4344 bostium
1278 4288 1353 4343 animi
1365 4283 1401 4336 bot

178 4360 235 4405 lest.
263 4355 312 4406 obi.
341 4357 452 4423 milites,
485 4365 513 4408 ut
542 4358 603 4410 inde
630 4360 784 4425 discederet,
821 4357 913 4410 ordine
931 4375 1019 4410 omnes
1042 4357 1095 4411 mei
1112 4364 1140 4411 et
1158 4358 1241 4412 Snalr.
1259 4357 1329 4412 Laid.
1344 4353 1400 4408 Vos

173 4421 273 4489 pellere
289 4439 347 4493 neq.
365 4426 430 4478 tueb.
454 4423 578 4480 Iuniana:
597 4428 676 4482 simul
694 4432 785 4482 admo·
823 4433 847 4495 1,
865 4426 946 4498 vulgo
964 4437 988 4481 et
1004 4428 1089 4481 animi
1113 4429 1228 4483 bostium
1245 4428 1325 4481 minus
1340 4426 1400 4478 aar„
