2926 5174
198 230 272 354 hid
668 303 702 368 Q.
730 303 854 356 curun
878 304 964 357 auru

194 480 275 536 bitur.
310 483 368 548 (11)
385 479 429 532 lbi
446 480 551 536 litterae
569 500 585 535 a
602 481 761 537 Nabarzane
779 481 875 537 allatae
893 491 960 548 sunt,
978 483 1074 555 quibus
1091 499 1120 538 se
1136 482 1287 555 excusavit,
1302 488 1371 559 quod
1384 504 1425 542 ne·

194 556 316 611 cessitate
334 563 440 610 coaetus
461 565 555 612 eontra
571 558 689 612 Dareum
706 558 896 626 coniuraverit,
923 575 1003 631 seque
1022 558 1153 614 deditioni
1169 569 1296 632 paratum
1311 565 1425 635 ostendit,

194 633 218 687 si
234 634 316 687 fidem
332 632 358 685 ei
375 649 424 686 rex
441 633 554 688 dederit.
580 635 619 688 Et
636 651 696 688 eam
713 635 822 726 quidem
839 600 913 690 dedit
929 635 1092 689 Alexander.
1120 638 1339 709 (12)Hyreania,
1356 660 1425 712 quam

194 718 251 764 tum
268 719 366 764 terram
383 708 505 778 intravit,
521 712 701 780 describitur,
725 711 897 784 pinguissima
919 711 996 766 vallis
1018 712 1054 765 ad
1074 729 1148 766 mare
1166 712 1299 786 Caspium
1316 717 1424 772 demissa

196 791 255 858 (13)
273 785 435 841 Procedenti
453 752 680 857 Phiataphemes,
698 788 885 860 Hyrcanorum
902 797 931 843 et
946 788 1157 860 Parthyaeorum
1174 798 1295 862 samapa,
1314 810 1370 847 sese
1386 795 1424 847 de

196 865 250 932 dit,
273 871 303 917 et
325 863 476 917 Phradates
498 864 649 934 praefectus
674 864 856 935 Tapurorum,
884 871 941 933 (14)
963 883 1045 936 porro
1066 866 1219 922 Artabazus
1243 869 1423 925 cumGraecis

195 940 322 996 militibus
341 941 376 993 ad
392 938 513 993 ultimum
530 941 620 994 Dareo
638 940 770 995 fidelibus.
797 943 835 996 Et
850 941 896 995 ille
915 942 1022 1013 quidem
1039 941 1151 997 comiter
1168 945 1204 999 ab
1215 944 1370 1002 Alexandro
1386 964 1424 1001 ex·

197 1017 307 1088 cipitur,
326 1019 386 1088 (16)
405 1017 454 1069 sed
472 1015 569 1072 Graeci
586 1017 659 1070 mille
678 1027 706 1071 et
723 1017 862 1089 quingenti
880 1026 1035 1072 cunctanter
1052 1035 1081 1072 se
1098 1018 1170 1089 regis
1188 1020 1255 1075 fidei
1272 1023 1422 1092 permittunt,

194 1110 245 1147 nec
262 1101 351 1147 tamen
369 1101 477 1164 praeter
492 1093 767 1149 Lacedaemoniorum
784 1096 889 1167 legatos
907 1094 1048 1167 quicquam
1065 1095 1172 1167 gravius
1191 1095 1341 1169 patiuntur.
1373 1101 1421 1170 (16)

196 1173 267 1226 Tum
287 1179 396 1242 gentem
417 1170 503 1223 feram
520 1171 678 1224 Mardorum
699 1180 811 1242 propter
832 1172 966 1243 singulare
983 1170 1138 1226 munitionis
1155 1191 1244 1245 genus
1262 1193 1421 1246 magnacum

194 1246 318 1302 molestia
340 1263 495 1319 aggressus,
523 1249 582 1317 (17)
601 1247 671 1319 capti
694 1246 774 1301 etiam
791 1248 962 1337 Bucephalae
985 1247 1081 1301 dolore
1102 1248 1225 1320 graviter
1244 1262 1419 1319 commovetur,

193 1342 291 1396 equum
313 1331 402 1378 tamen
427 1324 536 1379 barbari
559 1326 689 1392 reddunt,
713 1332 743 1379 et
766 1334 851 1379 semet
867 1324 941 1395 ipsos
965 1324 1112 1394 pertinacia
1137 1326 1212 1397 regis
1240 1328 1307 1383 victi
1329 1330 1419 1383 dedmt

192 1401 362 1456 Adiiciuntnr
381 1401 566 1472 praefecturae
588 1400 740 1456 Phradatis.
782 1405 842 1474 (18)
861 1400 984 1456 Tandem
1008 1400 1186 1457 Nabarzanes
1210 1403 1258 1459 diu
1281 1414 1418 1476 expectatus

192 1477 220 1531 in
238 1477 313 1548 regia
329 1479 396 1530 urbe
413 1478 567 1548 Hyrcaniae
587 1481 770 1545 (Zadrccarta
788 1480 983 1549 appellabatur)
1002 1494 1061 1532 sese
1075 1472 1229 1534 Alexandri
1246 1483 1312 1536 fidei
1328 1482 1417 1554 permit·

192 1555 233 1608 tit
266 1554 386 1622 <1a)1bi
407 1554 570 1624 Thalestris,
592 1555 686 1627 regina
703 1557 884 1624 Amazonum,
912 1555 947 1608 ad
963 1571 1056 1626 regem
1072 1554 1179 1610 venisse
1198 1559 1295 1629 fertur,
1314 1558 1416 1613 cuiusli-

192 1630 291 1684 bidinis
309 1632 460 1702 explendae
479 1649 559 1686 causa
576 1633 726 1703 complures
746 1632 803 1687 dies
823 1630 949 1687 substitit.

261 1709 321 1778 (20)
338 1709 405 1762 Inde
422 1708 450 1762 irr
467 1710 631 1763 Parthienen
649 1727 771 1764 reversus
789 1709 941 1782 superbiam
958 1717 986 1762 et
1003 1707 1133 1764 luxuriem
1150 1727 1248 1783 regum
1265 1711 1414 1766 Persicorum

191 1784 316 1837 aemulari
335 1784 437 1856 eoepit,
457 1788 515 1857 (21)
534 1803 646 1856 cumque
663 1786 760 1840 milites
777 1804 836 1840 earn
853 1802 911 1840 rem
927 1783 1044 1856 graviter
1060 1786 1131 1840 ferre
1149 1787 1338 1856 intellexisset,
1353 1803 1413 1858 prae

191 1863 348 1915 vertendum
365 1871 447 1931 ratus,
465 1864 586 1931 Bessum,
605 1862 658 1916 iam
676 1863 833 1919 Artaxerxis
852 1861 960 1916 nomine
976 1877 1069 1932 regem
1086 1864 1242 1933 salutatum,
1251 1865 1325 1919 bello
1341 1880 1412 1935 perse·

191 1937 237 2009 qui
260 1939 366 2008 statuit,
394 1949 423 1994 et
444 1939 561 1994 sarcinas
584 1939 666 1993 totius
695 1940 828 1994 exercitus
856 1947 964 2010 praeter
984 1937 1099 1992 maxime
1123 1942 1291 1996 necessarias
1314 1938 1411 1996 comburi

190 2013 274 2070 iussit
310 2018 369 2087 (22)
392 2016 449 2069 Iam
472 2016 499 2070 in
520 2015 690 2071 Bactrianam
717 2015 894 2087 proficiscenti
917 2013 1052 2068 nuntiatur
1074 2016 1282 2089 Satibarzanes,
1310 2018 1347 2072 cui
1368 2017 1410 2087 ipse
1453 2050 1455 2055 -

189 2093 270 2161 paulo
289 2101 351 2146 ante
368 2092 485 2146 Arianae
504 2103 654 2163 satrapeam
671 2091 988 2161 restituerat,-defecisse
1005 2092 1039 2144 ab
1058 2109 1100 2147 eo.
1136 2094 1249 2167 Itaque,
1274 2096 1365 2150 omisso
1379 2091 1410 2146 iti·

190 2184 254 2220 nere
272 2168 390 2239 incepto,
408 2170 479 2222 hunc
495 2170 568 2240 prius
586 2170 661 2240 petit.
698 2171 884 2226 Satibarzanes
907 2186 966 2222 eum
988 2168 1087 2239 exigua
1108 2189 1219 2225 suorum
1237 2191 1317 2226 manu
1332 2173 1409 2227 Bactra

188 2243 265 2332 fugit.
300 2245 457 2298 Alexander
474 2246 614 2300 Craterum
630 2248 781 2303 Artacacna
798 2263 955 2318 oppugnare
972 2245 1100 2313 iubet(
1088 2251 1146 2315 (23)
1165 2249 1232 2319 Ipse
1250 2250 1317 2304 alios
1333 2248 1409 2302 barba
1449 2254 1455 2271 ¹

130 2320 143 2343 ⁹
188 2337 242 2387 ros,
262 2320 353 2391 quiin
370 2321 504 2375 montibus
523 2324 735 2393 consederant,
728 2342 790 2396 rgne
809 2332 954 2394 expugnat,
974 2324 1033 2392 (24)
1042 2331 1098 2376 tum
1115 2325 1271 2380 Maecena
1288 2325 1360 2392 redit,
1375 2324 1408 2375 de

189 2361 283 2451 derites
302 2407 387 2452 semet
404 2398 432 2452 in
448 2399 529 2453 fidem
547 2399 651 2471 accipit.
688 2368 756 2456 Ihde
778 2401 964 2471 supplemento
980 2393 1094 2452 militum
1112 2408 1207 2454 auctus
1226 2401 1348 2474 Drangae
1362 2415 1407 2471 per·

188 2473 263 2528 venit
281 2493 393 2545 quorum
411 2484 531 2547 satrapes
548 2477 712 2532 Barzaentes
730 2479 878 2548 aufugerat

258 2553 318 2622 (25)
336 2551 378 2607 Ibi
401 2552 576 2606 commoranti
603 2555 767 2608 domesticae
789 2553 902 2607 insidiae
927 2559 1066 2639 parantur,
1089 2572 1203 2625 quarum
1225 2555 1356 2627 particeps
1369 2550 1406 2607 Di-

188 2645 265 2681 mnus
287 2645 345 2682 rem
366 2645 425 2683 cum
442 2630 623 2698 Nicomacho,
642 2631 743 2684 deliciis
768 2629 835 2698 suis,
855 2628 1039 2684 communicat
1073 2631 1134 2699 (26)
1152 2630 1332 2687 Nicomachus
1350 2624 1407 2685 bati

189 2705 321 2761 Cebalino
345 2707 440 2761 defert.
475 2708 503 2762 Is
523 2706 660 2761 Philotam
683 2708 752 2776 adit,
776 2716 920 2779 rogatque,
947 2714 977 2760 ut
997 2704 1056 2777 regi
1079 2707 1194 2762 nuntiet.
1234 2710 1353 2766 Philotas
1366 2722 1408 2761 ren

188 2783 380 2855 procrastinat,
406 2803 438 2839 ac
458 2783 638 2856 suspicionem
660 2786 746 2839 malae
769 2784 832 2837 fidei
858 2786 980 2855 praebet.
1015 2781 1111 2854 Itaque
1130 2784 1280 2841 Cababum
1301 2804 1346 2859 per
1363 2783 1407 2837 ue·

187 2867 293 2915 tronem
311 2863 445 2934 quendam
462 2880 518 2916 rem
535 2863 571 2915 ad
588 2861 772 2916 Alexandrum
788 2863 884 2915 defert.
909 2863 968 2930 (27)
986 2859 1099 2912 Dimnus
1118 2865 1327 2933 comprehensus
1343 2864 1407 2917 senet

187 2936 246 3008 ipse
263 2937 396 3008 interficit,
417 2939 562 2996 Cebalinus
579 2938 715 2993 Philotam
731 2936 978 3010 procrastinationis
997 2946 1110 2991 accusat.
1146 2943 1206 3008 (28)
1225 2941 1280 2996 Hie
1296 2945 1407 3013 purgatae

187 3015 253 3085 regi,
273 3017 347 3087 quod
364 3016 490 3072 indicium
508 3016 707 3086 contempserit,
726 3024 754 3070 et
770 3015 883 3086 primurn
900 3023 1035 3084 tamquam
1052 3014 1191 3069 absolutus
1202 3016 1348 3073 dimittitur
1363 3012 1407 3085 (29)

187 3092 244 3146 Sed
260 3101 366 3164 postea,
385 3093 495 3149 consilio
514 3093 659 3148 amicorum
676 3095 821 3161 advocato,
840 3089 1005 3159 Craterus,'
998 3089 1118 3144 mimicus
1137 3091 1280 3163 Philotae,
1299 3092 1363 3166 regis
1377 3106 1408 3144 ιι·

187 3168 319 3240 spiciones
337 3171 465 3224 adversus
483 3170 557 3223 illum
574 3178 730 3242 patremque
749 3169 805 3222 eius
823 3167 1028 3221 Parmenionem
1045 3167 1126 3234 acuit,
1146 3170 1206 3237 (30)
1194 3171 1357 3243 >ceterique
1370 3163 1407 3221 cri·

186 3246 319 3300 minosum
336 3246 461 3306 Philotae
484 3246 618 3301 silentium
639 3255 752 3318 arguent-
750 3263 781 3300 es
804 3243 988 3315 quaestionem
1005 3245 1039 3297 de
1058 3261 1091 3298 ιο
1110 3209 1266 3301 habendam
1290 3264 1347 3302 esse
1360 3260 1408 3299 ceu·

187 3332 255 3376 sent.
291 3327 352 3396 (31)
370 3323 466 3394 Itaque
483 3341 532 3377 rex
549 3323 661 3379 comiter
678 3323 813 3377 dirrrissum
830 3329 909 3376 nocte
927 3320 1048 3392 proxima
1064 3340 1124 3376 cum
1142 3323 1256 3391 ceteris,
1275 3325 1321 3397 qui
1336 3320 1407 3380 eoniu-

188 3415 261 3452 rasse
279 3400 450 3469 dicebantur,
475 3401 592 3456 vinctum
609 3399 637 3453 in
654 3400 756 3471 regiam
777 3398 874 3452 attrahi
892 3398 976 3452 iussit.
1013 3401 1072 3470 (32)
1090 3399 1163 3454 Luce
1181 3408 1242 3455 orta
1259 3400 1289 3455 in
1306 3399 1408 3457 contione

186 3475 300 3530 militum
317 3478 351 3530 de
370 3475 554 3530 coniuratione
572 3477 699 3547 queritur,
719 3486 747 3530 et
764 3484 901 3530 auctorem
917 3475 973 3529 eius
982 3474 1200 3545 Parmenionem,
1219 3472 1408 3533 ministrosPhi·

186 3553 278 3621 lotam,
296 3552 367 3608 illius
384 3555 480 3623 filium,
504 3572 562 3609 cum
580 3554 715 3608 Peucolao
734 3562 763 3607 et
779 3551 918 3606 Demetrio
936 3552 1063 3623 appellat.
1098 3555 1157 3621 (33)
1176 3554 1315 3610 indicibus
1332 3547 1408 3609 adiu

185 3628 311 3684 Philotae
333 3631 467 3685 silentium
488 3630 589 3703 arguit,
617 3633 675 3699 (34)
694 3630 798 3703 reliqua
822 3628 902 3682 animi
924 3629 1023 3682 dudum
1041 3629 1121 3684 alieni
1140 3640 1300 3722 argumenta
1316 3625 1408 3698 colligit

186 3714 279 3776 aperte
302 3707 418 3780 denique
436 3709 601 3764 Macedones
624 3716 696 3775 orat,
723 3716 753 3761 ut
776 3725 850 3760 suam
871 3706 984 3759 salutem
1006 3705 1173 3777 puniendis'
1165 3708 1281 3764 mimicis
1299 3714 1408 3764 maum-

186 3786 245 3855 (35)
266 3784 335 3838 Turn
352 3785 444 3839 Philet
433 3793 475 3840 tas
492 3787 636 3857 productus
654 3783 800 3838 miserabili
818 3789 929 3854 aspectu
947 3780 1048 3836 animos
1066 3782 1180 3838 militum
1196 3795 1299 3842 movet
1328 3785 1408 3840 vem

185 3868 279 3915 contra
301 3879 361 3916 eum
384 3863 539 3917 cooriuntur
556 3869 584 3914 et
600 3861 747 3949 Amyntas,
776 3863 834 3930 (36)
854 3869 882 3914 ιι
899 3860 1017 3927 Coenus,
1036 3859 1139 3930 etipse
1157 3879 1221 3931 rex,
1243 3863 1365 3918 invidiam
1378 3852 1407 3911 illl

185 3956 221 3992 ex
238 3957 287 3992 usu
306 3939 401 3994 Gracci
424 3939 553 3993 sermonis
576 3937 703 3992 excitans
739 3941 798 4008 (ιιι)
818 3938 888 3992 Τιιιιι
905 3936 1027 3991 Philotas
1045 3937 1275 3994 defensionem
1249 3936 1407 3997 uxorum:

185 4032 214 4069 se
232 4015 302 4070 inter
320 4017 471 4071 coniuratos
489 4035 544 4070 non
561 4032 620 4069 esse
638 4016 810 4083 nominatum,
830 4019 887 4084 (38)
897 4032 1003 4069 unicum
1020 4020 1048 4067 et
1064 4031 1157 4068 verum
1175 4016 1278 4071 crimen
1296 4012 1406 4070 silentium

185 4109 253 4145 esse.
279 4092 312 4145 Id
330 4092 449 4164 quamvis
467 4111 516 4146 rex
534 4092 622 4146 oranti
639 4093 693 4147 iam
709 4092 849 4160 remiserit,
869 4091 990 4147 excusari
1007 4098 1096 4144 tamen
1113 4091 1225 4146 levitate
1243 4088 1403 4160 iudiciale)

185 4177 214 4221 et
230 4168 409 4223 innocentiam
428 4188 501 4223 suam
518 4187 551 4223 ea
567 4170 626 4241 ipsa
642 4188 672 4225 re
689 4170 807 4243 probari,
827 4170 899 4240 quod
916 4168 983 4222 nibil
1001 4167 1083 4222 biduo
1102 4168 1198 4239 egerit,
1217 4168 1327 4241 probari
1342 4164 1405 4221 eam

184 4244 240 4298 vita
257 4254 389 4300 anteacta:
408 4265 458 4301 nce
474 4265 555 4317 posse
574 4247 625 4300 sibi
643 4246 744 4301 crimini
762 4246 840 4313 verti,
860 4247 933 4317 quod
946 4248 1079 4314 Amyntae
1096 4244 1168 4316 regis
1186 4245 1303 4317 patrueli
1320 4245 1403 4314 (ceuto-

176 4323 287 4375 ‘bre'aum
304 4327 419 4392 (ppellcl
440 4324 555 4393 Curtius,
574 4328 706 4394 culparem
724 4327 932 4378 corssuelude'aem
949 4326 1062 4389 secutus)
1081 4320 1179 4378 amicus
1198 4322 1287 4390 fuerit,
1301 4329 1327 4374 et
1342 4320 1401 4375 deum

184 4415 244 4452 esso
260 4398 443 4454 Alexandrum
461 4418 542 4471 aegre
558 4419 651 4472 passus
670 4400 711 4455 sit
748 4404 806 4470 (46)
824 4399 913 4454 Patris
937 4399 1052 4472 denique
1075 4397 1145 4453 senis
1162 4397 1298 4453 fortunam
1312 4395 1401 4451 misera
