2926 5174
92 255 164 326 188
564 272 599 336 o.
627 272 751 324 cunrn
776 273 862 369 surr

90 457 192 556 quasi
223 456 318 528 feras
353 455 487 529 bestias
520 457 618 555 ipsos
645 481 752 554 posse
780 455 1012 554 deprehendi.
1066 457 1129 531 Ex
1156 461 1258 534 unius
1281 488 1317 536 ca«

89 569 180 668 ptivi
205 567 266 642 vel
290 566 362 642 fide
388 568 448 640 vel
472 567 592 639 anima
616 566 775 664 pendere
800 577 837 640 et
862 568 958 666 regis
985 570 1145 644 salutem
1172 582 1209 645 et
1229 597 1316 646 suan

89 679 252 753 Tandem
285 703 418 752 venere
451 678 489 750 in
514 679 650 776 iugum.
702 677 738 750 A
765 676 895 751 dextra
919 679 990 753 iter
1016 679 1065 753 ad
1091 682 1213 780 ipsum
1236 683 1317 759 Ario·

88 792 269 865 barzanen
305 801 399 863 erat:
432 790 490 862 hic
522 787 703 861 Philotam
734 799 771 862 et
806 787 954 883 Coenon
990 818 1073 864 cum
1104 791 1267 894 Amynta
1296 821 1317 869 o

90 900 365 1001 Polyperconte,
392 899 600 998 expeditam
624 901 800 974 habentes
827 926 993 993 manum,
1020 902 1204 1001 relinquit,
1229 909 1317 979 moni

11 1057 16 1065 ·
90 1023 165 1103 tos,
200 1022 242 1085 ut
276 1013 360 1109 quia
394 1036 503 1108 eques
534 1011 648 1109 pediti
675 1022 752 1084 erat
778 1013 929 1102 mixtus,
966 1037 1039 1110 qua
1064 1014 1317 1111 pinguissimun

91 1134 187 1197 esset
218 1124 335 1198 solum
367 1132 405 1195 et
437 1124 561 1219 pabuli
594 1124 725 1214 fertile,
767 1123 899 1196 sensim
933 1122 1193 1221 procederent:
1231 1126 1317 1200 duces

90 1245 194 1308 erant
218 1235 355 1308 itineris
382 1233 427 1306 de
454 1234 605 1332 captivis
633 1234 717 1307 dati.
769 1233 851 1331 Ipse
884 1260 967 1307 cum
993 1235 1183 1334 armigeris
1210 1248 1246 1310 et
1270 1241 1316 1311 ala

90 1372 197 1444 quam
222 1346 363 1444 Agema
389 1344 628 1441 appellabant,
654 1345 768 1418 ardua
794 1346 931 1436 semita,
959 1345 1026 1419 sed
1050 1346 1195 1445 longius
1222 1375 1244 1422 a
1268 1361 1317 1422 sta

90 1457 247 1530 tionibus
278 1457 437 1529 hostium
472 1467 626 1547 remota,
658 1457 774 1530 multa
804 1481 887 1529 cum
922 1457 1121 1529 vexatione
1154 1462 1316 1555 processit

88 1566 228 1641 Medius
256 1577 334 1641 erat
361 1566 448 1656 dise,
475 1577 512 1639 et
536 1567 694 1666 fatigatis
720 1567 922 1641 necessaria
949 1568 1068 1664 quies:
1105 1570 1237 1668 quippe
1261 1581 1317 1643 tan·

89 1678 239 1753 tundem
273 1678 410 1750 itineris
437 1689 639 1775 supererat,
667 1690 842 1776 quantum
868 1678 1004 1751 emensi
1031 1689 1153 1771 erant,
1189 1681 1252 1755 sed
1274 1683 1317 1754 mi«

89 1815 158 1864 nus
185 1788 389 1888 praecipitis
417 1798 525 1886 atque
552 1789 665 1863 ardui.
709 1789 835 1887 Itaque
862 1791 1004 1863 refectis
1033 1791 1114 1864 cibo
1143 1817 1317 1891 somnoque

89 1902 277 1992 militibus,
310 1899 468 1973 secunda
502 1900 624 1998 vigiha
656 1903 780 2001 surgit.
841 1899 890 1975 Et
922 1912 1044 1975 cetera
1071 1904 1217 2000 quidem
1241 1904 1317 1978 haud

89 2039 197 2112 aegre
223 2011 412 2110 praeterit3
446 2023 623 2104 ceterum,
651 2040 722 2111 qua
749 2038 787 2086 se
812 2013 989 2086 montium
1015 2015 1143 2113 iugum
1169 2017 1317 2115 paulatin

90 2123 138 2197 ad
169 2124 331 2221 planiora
363 2122 535 2213 demittit,
569 2125 697 2221 ingens
728 2148 865 2219 vorago
897 2148 1077 2200 concursu
1112 2138 1242 2201 cavata
1264 2138 1317 2200 tor·

89 2235 244 2307 rentium
269 2236 339 2307 iter
364 2244 520 2331 ruperat.
565 2234 627 2306 Ad
652 2237 723 2309 hoc
749 2234 919 2308 arborum
943 2238 1035 2309 rami
1062 2239 1155 2312 alius
1183 2241 1249 2314 alio
1271 2240 1317 2310 in·

90 2346 211 2443 plicati
238 2356 275 2419 et
301 2346 533 2418 cohaerentes
560 2357 602 2419 ut
627 2357 841 2445 perpetuam
867 2349 1075 2421 obiecerant
1103 2375 1235 2448 sepem.
1265 2349 1317 2422 De·

90 2455 247 2555 speratio
287 2456 397 2554 igitur
430 2455 571 2554 ingens,
611 2456 704 2531 adeo
741 2467 781 2529 ut
812 2458 877 2531 vix
910 2458 1067 2531 lacrimis
1107 2463 1317 2548 abstinerent,

90 2569 294 2641 incesserat.
347 2565 544 2665 Praecipue
571 2568 774 2643 obscuritas
801 2569 929 2642 terrori
956 2581 1055 2644 erat:
1089 2599 1177 2646 nam
1202 2571 1317 2647 etiamsi

89 2805 170 2858 batur
197 2805 298 2871 auimo,
332 2804 405 2873 quod
433 2801 528 2855 fulsum
555 2802 617 2872 quia
639 2821 698 2857 non
733 2812 757 2855 et
775 2821 860 2872 quum,
878 2803 950 2857 Flor.
969 2805 995 2858 G
1013 2813 1042 2858 et
1059 2807 1143 2861 Bern.
1161 2809 1185 2862 Β
1203 2815 1317 2880 praetem

89 2873 179 2927 differt
196 2890 213 2926 s
229 2873 290 2940 fide,
309 2889 368 2926 cum
384 2873 473 2926 anima
488 2871 522 2924 sit
531 2870 595 2924 vita.
615 2870 697 2935 Quod
732 2881 790 2924 eret
824 2889 855 2924 ro
874 2883 947 2925 esset.
962 2874 1044 2926 Snak.
1063 2892 1099 2928 ex
1117 2877 1193 2930 Leid.
1212 2889 1316 2957 etquis,

89 2960 149 2997 cum
165 2941 335 2996 manifestum
352 2940 400 3008 sit,
427 2939 509 2993 miror
534 2939 562 2992 in
579 2947 696 3010 utroque
730 2956 765 2991 ex
810 2958 860 2993 oss
880 2947 894 2993 2
914 2959 991 3010 quom
1011 2944 1099 2997 affert.
1117 2947 1240 3017 Apparet
1254 2944 1317 3016 rgitur

88 3011 168 3064 Bern.
201 3018 229 3064 et
257 3029 318 3064 mss.
347 3008 409 3064 olim
439 3008 541 3063 collatis
572 3009 694 3062 omnibus
730 3009 804 3078 quod
830 3027 901 3062 nunc
926 3010 1014 3064 editur
1040 3013 1085 3065 edi
1112 3015 1146 3067 de
1179 3015 1315 3075 coniectum

88 3082 176 3133 animo
199 3080 335 3133 inventum
362 3094 435 3145 esse,
463 3095 497 3130 ex
514 3077 585 3131 Flor.
603 3086 693 3130 autem
729 3076 778 3129 nisi
806 3077 865 3147 quis
890 3077 1078 3133 Florentinum
1107 3083 1130 3136 C
1157 3084 1209 3137 fide
1231 3086 1315 3138 cenea

86 3156 195 3220 praeter
213 3148 250 3203 CI
267 3147 371 3201 enotari
389 3149 486 3201 anime.
727 3153 863 3266 qraestare
871 3146 989 3217 reliquis;
999 3151 1046 3201 sed
1055 3151 1209 3205 coniectura
1216 3154 1315 3205 bomest

122 3221 146 3285 §-
168 3222 210 3270 20.
251 3234 268 3269 a
294 3219 396 3283 dextro]
438 3214 482 3268 Sic
505 3215 586 3268 Bern.
612 3215 639 3267 A
665 3221 693 3267 et
755 3232 800 3267 um
818 3218 896 3268 duces
914 3227 1010 3270 erant
1027 3220 1314 3288 itinertsrestituimuo·

85 3284 149 3337 libri
175 3284 246 3338 Flor.
274 3292 382 3354 praeter
409 3301 491 3335 unum
521 3284 556 3335 H.
600 3282 692 3353 Vulgo
726 3301 786 3335 rum
807 3284 947 3337 verborum
968 3285 1087 3339 medium
1110 3288 1224 3342 Acidalii
1245 3289 1314 3342 conio·

87 3356 202 3406 (testere.
239 3353 309 3404 Turn
329 3352 530 3404 Ariobarzanen
547 3350 608 3403 dedi
627 3356 692 3418 (non
728 3359 805 3404 ctura
835 3351 922 3404 inutili
948 3353 1149 3410 Freinshemius
1180 3356 1312 3413 metuent

87 3438 126 3473 em
143 3426 174 3471 ut
192 3426 233 3472 est
251 3420 278 3472 in
296 3419 374 3472 editis
390 3418 690 3489 praeterSnak.)Bern.
725 3427 753 3472 et
772 3422 939 3489 appellabant
958 3421 1038 3487 (sicut
1056 3439 1097 3490 1v,
1117 3431 1161 3492 50,
1180 3429 1225 3496 26)
1241 3418 1311 3492 scdpss'

86 3486 270 3540 AFlor.ADI
288 3495 409 3554 secutus3
428 3488 507 3540 credo
525 3486 604 3539 etiam
615 3487 690 3540 Leid.
725 3504 781 3558 pro·
798 3489 870 3558 vulg.
898 3490 1034 3558 appellarit
1057 3492 1191 3548 librorum
1218 3495 1311 3548 mss-tl

85 3556 188 3608 Voral
209 3555 370 3622 dehabere,
390 3555 514 3625 quoniam
523 3554 605 3608 snak.
623 3556 690 3609 silet.
725 3556 789 3610 edit.
808 3557 950 3611 Modianae
967 3576 1109 3615 consensu.

84 3623 190 3677 Deinde
208 3625 331 3693 relinquit
348 3642 382 3677 ex
401 3623 506 3694 optimis
519 3623 691 3695 plurimisque
759 3629 782 3693 ς.
800 3633 842 3680 23.
877 3629 951 3680 houd
972 3645 1052 3697 seqre
1072 3634 1214 3700 praeterit]
1254 3623 1310 3684 Edit'

84 3711 136 3763 pro
161 3692 233 3762 vulg.
260 3695 379 3761 reliquit,
412 3709 480 3763 quae
508 3711 563 3745 non
593 3699 634 3745 est
657 3696 689 3747 de
718 3697 866 3762 proeteriit.
901 3694 971 3748 Item
991 3706 1055 3765 post
1083 3704 1208 3754 montium
1232 3701 1309 3769 iusum

83 3760 182 3816 nostris
216 3760 266 3815 nisi
298 3762 325 3814 in
351 3761 423 3814 Flor.
450 3761 516 3814 DEI
547 3761 628 3814 Bern.
655 3763 688 3815 B.
723 3763 774 3817 hoc
792 3763 899 3830 ordine,
919 3781 1009 3817 omnes
1027 3767 1100 3820 msti.

83 3831 228 3884 Praemisit
265 3832 318 3883 uod
333 3830 431 3901 legitur
444 3830 471 3883 in
480 3830 548 3883 Mer.
557 3830 619 3882 Ald.
629 3833 688 3884 lun.
758 3835 781 3899 ᾗ.
800 3838 841 3884 24.
860 3835 898 3885 ad
913 3834 971 3902 hoc]
994 3832 1040 3887 Sic
1057 3835 1123 3890 libri
1141 3837 1225 3892 nostri
1240 3847 1308 3890 omues

82 3900 112 3953 in
129 3899 203 3954 nullo
221 3917 252 3953 oo
273 3899 310 3954 'ce
327 3899 465 3953 inventum
483 3907 532 3952 est.
722 3908 750 3952 et
767 3899 842 3969 Leid.
860 3903 937 3961 Voss.
954 3909 965 3954 1
987 3919 1054 3972 quos
1073 3904 1157 3959 Snalr.
1175 3917 1306 3960 commemo

118 3971 181 4037 quia
199 3987 275 4039 eques
293 3970 379 4039 perliti
403 3977 460 4021 eret
481 3970 596 4035 mistus,
623 3971 686 4036 quo]
721 3975 780 4035 rat3
799 3968 864 4022 editi
888 3972 1018 4024 adhaec.
1055 3971 1144 4028 Paulo
1161 3973 1305 4045 postcom

81 4037 127 4091 Sic
135 4037 241 4091 Modius
258 4055 319 4090 curn
333 4036 440 4107 reliquis
450 4037 590 4101 dederunt,
605 4045 687 4103 recte,
723 4047 807 4090 rentes
826 4055 876 4107 pro
893 4037 964 4107 vulg.
974 4046 1094 4095 coeuntes
1104 4044 1226 4095 adunum
1236 4051 1304 4094 omre

81 4107 128 4159 sed
146 4123 198 4158 uno
208 4114 312 4159 tantum
326 4105 394 4160 libro
403 4105 507 4159 Floro
524 4103 687 4159 concinente.
721 4104 781 4158 libri
807 4124 868 4159 mss.
895 4105 980 4160 nostri
997 4116 1026 4161 et
1044 4108 1240 4180 snakenburgii
1261 4119 1303 4160 cum

80 4174 152 4227 Nam
175 4174 338 4246 integerrimi
356 4174 419 4227 alias
443 4175 521 4226 codd.
562 4173 643 4225 Bern.
660 4175 687 4227 A
721 4173 785 4227 edit.
807 4175 943 4228 Modiana.
991 4177 1026 4230 Ut
1044 4190 1202 4247 perpetuam
1225 4177 1302 4230 diem

80 4242 152 4296 Flor.
170 4244 220 4296 AB
239 4263 297 4297 cum
315 4244 500 4297 Leid.Voss.1
521 4251 544 4294 et
561 4240 686 4295 adiiciunt
720 4260 769 4312 pro
795 4246 874 4312 quasi
893 4253 1058 4312 perpetuam.
1096 4247 1154 4301 cic.
1178 4249 1210 4299 de
1229 4251 1299 4314 reple

81 4320 143 4363 anto
168 4329 258 4380 eques,
289 4320 317 4365 et
347 4329 437 4366 omnes
464 4309 547 4363 nostri
598 4316 686 4363 raeter
722 4317 752 4364 12
771 4321 799 4364 at
817 4314 927 4365 militiae
944 4344 979 4351 —
997 4315 1160 4383 Africanum
1177 4325 1212 4369 ut
1227 4316 1299 4366 deus

79 4378 185 4433 Floro
205 4398 263 4434 cum
281 4381 341 4435 edd.
359 4389 427 4434 vett.
445 4397 495 4450 pro
514 4397 566 4448 que
578 4328 685 4432 liabent
720 4381 939 4435 coleretLuele'es.
957 4380 1034 4435 Unus
1043 4383 1160 4438 Bern.B
1175 4379 1263 4436 omittit
1273 4382 1298 4428 tt·

12 4770 150 4884 ’Ἰ
