2926 5174
111 303 185 373 140
579 316 614 380 o.
641 317 766 368 cuarn
791 316 876 368 num

106 514 191 603 post
225 526 308 576 eum
343 498 495 574 Orestae
526 501 795 600 Lyncestaeque
827 508 926 571 sunt:
959 509 1044 597 post
1067 499 1148 572 illos
1174 498 1326 600 Polyper·

107 641 187 705 con,
212 612 289 685 dux
314 612 491 711 peregrini
514 611 645 682 militis
696 608 813 681 Huius
844 609 993 706 agminis
1018 608 1186 708 princeps
1211 609 1327 712 Amyn·

106 736 164 798 tas
191 735 283 797 erat:
309 723 494 819 Philippus
519 720 658 793 Balacri
684 743 746 791 eos
771 718 979 815 regebat,in
997 720 1208 794 societatem
1232 749 1329 821 nuper

108 836 250 908 ascitus.
301 831 402 905 Haec
434 830 552 904 dextri
583 856 713 904 cornus
744 832 852 903 facies
885 838 971 901 erat.
1023 829 1067 903 ln
1091 830 1199 905 laevo
1226 831 1327 908 Orate·
1340 857 1360 904 a

106 970 169 1017 rus
195 942 521 1041 Peloponnensium
547 943 684 1039 equites
709 943 878 1033 habebat,
890 942 1120 1016 Achaeorum
1146 951 1184 1014 et
1196 941 1328 1018 Locren·

107 1057 210 1146 sium,
237 1064 274 1126 et
285 1053 428 1126 Maleon
453 1053 581 1125 turmis
608 1052 675 1124 sibi
701 1052 887 1128 adiunctis.
925 1054 1003 1128 Hos
1018 1054 1185 1128 Thessali
1211 1056 1328 1150 equites

106 1165 331 1256 claudebant,
357 1163 522 1262 Philippo
549 1162 648 1235 duce.
701 1163 869 1237 Peditum
895 1167 988 1239 acies
1015 1166 1179 1261 equitatu
1205 1166 1359 1263 tegeba-tl

104 1289 173 1352 tur.
239 1276 353 1349 Frons
393 1276 488 1347 laevi
527 1299 656 1348 cornus
694 1274 783 1348 haec
823 1287 910 1349 erat.
976 1273 1048 1349 Sed
1084 1301 1133 1348 ne
1173 1277 1329 1348 circurnii

103 1399 228 1489 posset
248 1385 519 1476 amultitudine,
544 1387 711 1459 ultimum
737 1411 866 1485 agmen
892 1387 1012 1461 valida
1036 1412 1147 1458 manu
1175 1388 1328 1460 cinxerat.

106 1499 251 1574 Cornua
277 1523 418 1594 quoque
445 1496 610 1570 subsidiis
637 1498 809 1588 fi1mavit,
843 1514 918 1571 non
947 1508 1047 1571 recta
1071 1497 1210 1588 fronte,
1237 1498 1329 1571 seda

101 1613 215 1684 latere
242 1608 384 1706 positis,
419 1618 475 1697 ut,
502 1608 533 1680 si
557 1609 672 1681 hostis
699 1609 1094 1682 circumvenire'aciem
1122 1617 1328 1706 temptasset,

102 1729 232 1821 parata
261 1744 404 1818 pugnae
435 1712 566 1791 forent]
615 1717 683 1791 Hic
709 1719 859 1816 Agriani
885 1731 1002 1810 erant,
1039 1719 1173 1815 quibus
1200 1717 1355 1791 Attalusu

103 1840 279 1931 praeerat,
306 1828 482 1902 adiunctis
510 1830 703 1926 sagittariis
733 1828 974 1903 Cretensibus.
1018 1826 1176 1900 Ultimos
1205 1830 1327 1902 ordines

102 1942 234 2016 avertit
260 1965 282 2013 a
307 1940 443 2031 fronte,
469 1951 512 2012 ut
537 1950 653 2013 totam
680 1940 793 2013 aciem
819 1941 906 2013 orbe
931 1941 1096 2014 muniret.
1151 1939 1263 2039 Illyrii
1286 1941 1328 2012 hic

25 2120 31 2133 ‘
102 2114 223 2188 epar-et.
262 2107 363 2160 Verum
388 2106 472 2172 malo,
499 2123 631 2176 quaeres
654 2114 704 2174 est,
739 2106 848 2159 Meleon
874 2109 966 2160 turmis
992 2108 1045 2160 sibi
1074 2107 1225 2177 adiunctis]
1263 2107 1328 2160 Facta

102 2125 257 2245 Illulippum
274 2173 385 2243 cogitari
402 2174 513 2227 ascitum
531 2191 587 2227 esse
603 2176 705 2245 inpar·
740 2183 781 2228 est
806 2174 891 2228 oratio
917 2174 1016 2229 facilior
1037 2182 1066 2227 et
1086 2174 1239 2244 elegantior
1259 2175 1328 2228 deleta

102 2251 159 2297 tem
175 2242 326 2363 {flemis
336 2242 386 2294 etsi
398 2260 451 2295 non
464 2244 497 2295 ab
507 2243 625 2313 Amynta
636 2243 705 2314 ipso,
739 2242 869 2363 particula
886 2261 935 2312 que
951 2251 1012 2314 post
1025 2244 1205 2296 Actaeorum:
1223 2250 1297 2314 atque
1309 2241 1328 2294 id

104 2312 150 2364 sed
167 2328 183 2362 a
218 2326 282 2380 rege
299 2310 459 2363 restitutum.
749 2311 916 2365 eciomnibus
925 2313 1001 2365 codd.
1018 2310 1083 2364 meis
1100 2310 1265 2365 iubentibus.
1280 2313 1328 2364 lla·

137 2380 201 2458 boec
227 2380 313 2431 dextri
334 2396 428 2458 corpus
440 2380 532 2447 facies
560 2380 628 2449 erat]
663 2379 707 2434 De
741 2383 798 2432 leon
815 2379 876 2432 libri
892 2397 995 2446 omnes,
1018 2378 1068 2432 nisi
1083 2380 1159 2500 guod
1177 2398 1238 2434 eum
1253 2379 1326 2432 Pall

103 2454 221 2568 gemtrvo
244 2464 338 2498 coraus
363 2447 424 2498 vnde
441 2464 521 2516 supra
537 2448 571 2499 ad
589 2465 645 2517 cap.
663 2453 706 2500 45.
740 2447 882 2500 FlorEFI
898 2449 1065 2513 Moleonum;

1104 2447 1270 2501 chmiedenrs
1281 2448 1330 2500 lla·

127 2513 216 2584 egitur
232 2515 257 2566 h.
275 2514 294 2566 l.
316 2522 344 2567 et
365 2514 446 2584 paulo
464 2523 523 2580 post
539 2514 567 2567 in
585 2515 705 2569 Snaken-
740 2518 808 2569 licon
825 2516 893 2583 vult,
911 2517 998 2569 nescio
1015 2533 1049 2568 an
1066 2532 1138 2582 vere,
1160 2516 1262 2571 Graece
1274 2523 1330 2570 certe

102 2584 154 2637 bur
174 2581 191 2634 'i
208 2581 282 2634 Leid.
300 2582 376 2636 Voss.
392 2590 414 2635 1.
425 2583 487 2652 2(?)
505 2591 534 2636 et
551 2583 615 2636 meis
624 2585 705 2637 Bern.
740 2581 870 2646 Μαλιεῖς,
890 2601 951 2654 gen.
968 2582 1104 2636 Μαλιέων
1121 2593 1261 2638 vocantur.

102 2653 129 2705 A
178 2650 225 2703 lor.
251 2650 310 2702 AB.
350 2651 382 2703 In
408 2651 464 2704 acie
489 2659 578 2704 autern
604 2653 707 2723 reliqua
775 2655 797 2720 ξ.
807 2659 848 2706 31.
866 2655 969 2705 ultimos
985 2653 1089 2706 ordines
1099 2656 1197 2706 avertit
1215 2672 1232 2706 a
1241 2651 1330 2724 fronte]

102 2719 273 2772 describenda
283 2718 390 2772 Curtius
408 2719 555 2773 aDiodoro
572 2739 625 2773 non
642 2737 706 2773 sane
740 2721 800 2774 Hoc
826 2731 865 2773 est
895 2721 965 2791 quod
990 2720 1120 2772 Arrianus
1143 2735 1195 2789 111,
1226 2728 1256 2774 12
1281 2718 1331 2773 dicit

101 2787 215 2840 multum
238 2788 358 2855 aberrat,
389 2789 435 2840 sed
456 2797 598 2858 utrumque
619 2789 705 2841 minus
741 2787 857 2848 ἐπέταξε
884 2785 915 2840 δὲ
942 2793 988 2840 καὶ
1020 2785 1156 2861 δευτέραν
1183 2789 1274 2853 τάξιν,
1303 2784 1332 2842 cit

102 2862 254 2910 accuratum
286 2873 342 2908 esse
377 2855 559 2909 Schmiederus
592 2857 705 2910 Arriano
741 2857 814 2908 εἶναι
839 2854 892 2920 τὴν
917 2855 1046 2928 φάλαγγα
1065 2854 1264 2926 ἀμφίστομονε
1279 2856 1332 2909 alte-

100 2943 163 2978 usus
185 2925 270 2977 docet.
316 2923 441 2978 Cratems
466 2923 520 2977 sine
547 2925 626 2978 dubio
652 2944 706 2978 non
740 2942 798 2976 ram
824 2924 905 2977 aciem
931 2924 1070 2988 instruxit,
1111 2941 1177 2991 uae,
1206 2926 1228 2979 si
1250 2926 1333 2978 Persae

102 3001 160 3046 erat
178 2992 312 3062 equitatus
329 2992 357 3045 in
374 2993 481 3046 sinistro
494 3011 577 3046 cornu
591 3012 706 3047 summus
740 3010 800 3045 suas
833 2993 920 3063 copias
950 2943 1210 3060 cncumffinderent,
1244 2992 1333 3048 obvium

102 3063 166 3126 dux,
184 3063 230 3113 sed
247 3059 374 3130 peditum.
396 3061 434 3113 Hi
452 3069 541 3113 autem
558 3062 660 3131 pedites
678 3071 706 3114 et
739 3060 791 3113 illis
807 3059 866 3113 iret.
902 3059 953 3114 Hic
970 3069 1064 3128 erant,
1082 3078 1149 3131 quos
1168 3063 1241 3132 apud
1256 3060 1333 3115 Arria·

102 3129 206 3183 Crateri
224 3129 303 3199 ipsius
321 3146 416 3199 agmen
434 3129 537 3197 (ταίξιι)
560 3129 706 3210 etreliqua
739 3147 802 3180 num
830 3130 929 3181 frustra
950 3145 1074 3198 quaeras,
1101 3129 1208 3198 pedites
1234 3129 1293 3184 socii
1311 3134 1334 3180 et

102 3198 218 3267 quinque
248 3204 325 3249 erant
346 3197 460 3267 agmina,
494 3214 561 3266 quac
597 3197 705 3251 Curuus
739 3197 860 3250 mercede
877 3197 1008 3263 conducti,
1027 3197 1221 3252 Macedonibus
1238 3213 1333 3250 numero

101 3267 180 3318 modo
206 3264 352 3330 recensuit,
380 3268 554 3337 πεζέταιροι,
582 3267 647 3319 adeo
674 3274 705 3318 ut
740 3267 796 3317 fere
815 3281 900 3386 pares.
938 3264 1053 3318 Videtur
1082 3265 1168 3335 igitur
1194 3265 1334 3319 Alexander

101 3333 147 3385 ubi
165 3332 272 3385 Curtius
294 3332 417 3384 dextrum
435 3349 515 3384 cornu
533 3332 647 3399 claudit,
665 3333 701 3386 ibi
737 3334 815 3386 Mace
834 3332 935 3386 onioam
960 3332 1118 3404 phalangem
1144 3333 1227 3387 latius
1253 3341 1333 3388 exten·

100 3399 153 3451 iam
170 3398 276 3451 ultimos
285 3399 387 3468 pedites
395 3399 494 3451 sinistri
502 3401 580 3452 fuisse
588 3401 702 3455 Arriano
737 3401 805 3454 disse
825 3401 923 3471 quippe
939 3401 1060 3454 subsidiis
1082 3402 1190 3455 abunde
1208 3403 1332 3464 firmatam,

99 3466 224 3520 referenti
245 3468 387 3520 credamus.
425 3466 489 3519 Toti
510 3484 573 3521 veno
598 3469 703 3522 sinistro
738 3478 769 3522 ut
794 3469 823 3521 in
848 3469 932 3539 prima
965 3468 1020 3522 acie
1045 3469 1151 3539 pedites
1178 3488 1232 3523 non
1257 3474 1332 3523 essent

100 3534 193 3588 curnui
226 3534 344 3604 peditum
378 3534 550 3606 equitumque
584 3545 704 3608 praeerat
738 3537 788 3590 nisi
809 3537 975 3591 Macedones.
1011 3539 1054 3591 En
1079 3538 1130 3592 tibi
1156 3539 1271 3609 effigiem
1293 3537 1331 3589 du-

102 3601 253 3656 Parmcnio.
739 3605 813 3677 plicis
832 3604 909 3658 aciei:

136 3674 159 3740 §.
178 3677 219 3725 29.
255 3672 418 3725 Aetnaeorum
442 3679 465 3724 et
487 3672 657 3727 Locrensium
681 3683 705 3727 et

286 3759 360 3799 Thess.
369 3760 425 3799 Socii
442 3758 608 3830 Πεζέταιροι
696 3761 839 3810 Hypusplstao
941 3760 1046 3808 Eqamici

335 3826 415 3976 aa
445 3828 605 3931 Μαι
659 3827 882 3932 imm-u
906 3827 1098 3894 iffi

1034 3964 1114 4042 -s

1094 4053 1113 4096 9,

1094 4121 1108 4174 9.

1029 4006 1108 4285 b

789 4370 994 4379 ———.

464 4374 563 4439 blorcede
573 4373 677 4476 conductil
785 4376 787 4427 l
800 4395 980 4448 Peditysoanlyr.
995 4373 998 4476 r
