2926 5174
474 293 523 372 uu
550 315 676 373 orsrrs
702 316 812 372 Anax.
838 317 903 388 vn,
923 314 948 369 ε.
1279 301 1352 376 297

124 529 210 581 nare
243 511 453 602 coeperunt,
491 501 581 577 adeo
612 503 649 578 in
681 505 899 578 contrarium
930 513 1077 603 repente
1112 505 1277 597 mutatis,
1311 515 1354 582 ut

95 619 238 692 osclum
263 639 329 713 pro
356 641 397 689 eo
424 624 534 706 esset,
571 616 667 713 quod
701 615 856 688 maxime
887 616 1050 689 laeserat.
1101 615 1244 689 Iuvenis
1277 628 1355 692 erat

122 729 235 827 primo
262 727 389 801 aetatis
413 726 502 800 flore
527 727 742 824 pubescens,
774 750 880 822 quem
909 727 1004 801 inter
1033 728 1170 824 equites
1200 736 1354 801 tormen·
1396 743 1399 747 ’

120 840 164 913 tis
178 838 344 911 Philotae
369 837 599 912 conturbatos
625 838 761 911 ahenus
787 846 904 909 terror
929 837 1145 911 abstulerat:
1174 837 1356 914 desertum

120 975 203 1024 eum
228 974 251 1022 a
277 948 473 1039 comitibus,
505 958 543 1021 et
567 948 804 1022 haesitantem
835 947 928 1019 inter
954 947 1159 1024 revertendi
1184 947 1356 1049 fugiendi·

91 1082 189 1159 aque
214 1059 409 1149 consilium,
435 1058 495 1156 qui
516 1059 630 1132 secuti
648 1067 751 1132 erant
777 1068 1054 1154 occupaverunt.
1106 1059 1142 1134 ls
1167 1069 1246 1137 tum
1270 1062 1357 1135 flere

118 1172 236 1271 eoepit
262 1181 300 1246 et
325 1196 365 1244 os
391 1195 495 1244 suum
522 1170 790 1259 converberare,
816 1179 977 1242 maestus
1003 1195 1078 1243 uon
1104 1195 1206 1248 suam
1231 1175 1356 1264 vicem,

91 1283 182 1359 used
208 1292 357 1380 propter
382 1281 497 1379 ipsum
523 1282 799 1380 periclitantium
815 1282 979 1353 fratrum.
1030 1279 1265 1384 Moveratque
1286 1285 1357 1357 iam

117 1419 239 1493 regem
267 1417 417 1490 quoque,
443 1418 516 1465 non
541 1393 744 1466 contionem
769 1390 890 1481 modo,
917 1390 982 1466 sed
1008 1418 1101 1467 unus
1128 1406 1206 1469 erat
1230 1396 1354 1494 impla·

118 1505 240 1579 cabilis
266 1506 395 1594 frater,
436 1505 496 1600 qui
527 1502 674 1577 terribili
700 1504 803 1584 vultu
827 1502 972 1576 intuens
999 1529 1099 1597 eum,
1145 1507 1252 1600 Tum,
1294 1506 1355 1595 ait,

117 1618 267 1708 denaus,
293 1615 469 1690 lacrimare
494 1615 668 1704 debuerm
701 1638 778 1688 cum
803 1638 886 1714 equo
911 1614 1058 1690 catara
1083 1619 1252 1712 subderes,
1277 1621 1355 1720 fra-

116 1742 205 1802 trum
229 1728 375 1801 desertor
400 1738 430 1799 et
453 1727 654 1801 desertorum
679 1749 796 1800 mures.
848 1725 966 1817 Miser,
992 1751 1056 1825 quo
1083 1741 1112 1802 et
1136 1730 1225 1804 uude
1241 1728 1355 1831 supie-

91 1839 199 1915 rbos?
252 1837 417 1940 Effecisti,
455 1849 492 1910 ut
514 1862 592 1912 reus
617 1836 736 1934 eapitis
761 1836 963 1911 muamus
989 1850 1097 1912 uterer
1121 1841 1237 1915 sabb.
1291 1840 1354 1919 Ille.

116 1975 284 2049 peccasse
311 1973 368 2039 se,
408 1947 473 2021 sed
497 1947 642 2046 gravius
668 1948 706 2020 in
730 1947 876 2036 fratres,
915 1972 1023 2043 quam
1048 1948 1086 2022 in
1112 1952 1353 2049 semetipsum,

116 2062 306 2136 fatebatur.
359 2058 452 2132 Tum
468 2085 555 2134 vero
572 2082 688 2154 neque
704 2058 868 2147 lacrimis,
894 2082 1009 2155 neque
1030 2059 1354 2150 acclamationibus,

118 2173 246 2270 quibus
272 2170 392 2246 studia
406 2196 471 2244 sua
487 2168 677 2244 multitudo
695 2170 895 2267 profitetur,
921 2179 1222 2267 temperaverunt
1272 2169 1355 2244 Una

119 2310 189 2358 vox
221 2291 300 2357 erat
331 2282 410 2380 pari
441 2283 570 2355 emissa
602 2304 793 2370 consensu,
832 2288 873 2352 ut
903 2281 1105 2354 insontibus
1132 2292 1170 2356 et
1200 2284 1352 2365 fortibus

118 2395 199 2468 viris
225 2401 399 2492 parceret.
450 2392 566 2468 Amici
592 2416 744 2489 quoque,
771 2389 856 2464 data
876 2392 1138 2468 misericordiae
1155 2395 1351 2483 occasione,

95 2514 355 2602 tconsurgunt,
400 2503 597 2602 flentesque
635 2526 758 2600 regem
802 2501 1046 2600 deprecantur.
1107 2503 1171 2577 Ille
1211 2505 1353 2586 silentio

119 2617 219 2706 facta,
245 2615 293 2690 Et
316 2616 398 2714 ipse,
422 2614 548 2711 inquit,
579 2614 764 2712 Amymam
789 2638 864 2688 meu
888 2616 1046 2688 sementia
1060 2618 1256 2717 fratresque
1282 2616 1353 2701 eius

120 2726 252 2802 absolvo.
316 2727 386 2804 Vos
411 2739 540 2819 amem,
555 2726 697 2815 iucaws,
723 2725 811 2799 malo
828 2725 973 2822 beneficii
989 2725 1056 2798 mei
1071 2725 1225 2815 oblivisci,
1251 2751 1353 2824 quam

118 2839 255 2935 periculi
279 2837 380 2912 uestri
404 2837 600 2912 meminisse.
652 2832 785 2908 Eadem
807 2835 884 2932 fide
915 2835 1017 2908 redite
1050 2836 1086 2908 in
1115 2834 1263 2933 pretium
1288 2859 1353 2908 me·

102 2964 204 3042 lcum,
245 2975 314 3049 qua
349 2948 421 3047 ipse
454 2949 627 3024 edamu-
656 2959 811 3021 reverter.
864 2944 950 3018 Neci
986 2971 1070 3044 quae
1105 2945 1214 3018 delata
1248 2957 1354 3019 esseut

124 3061 350 3152 erubuissem,
393 3059 489 3134 ualde
523 3056 743 3133 dissimulatio
778 3081 854 3130 mea
890 3068 1042 3153 suspecta
1079 3081 1148 3130 esse
1177 3056 1350 3154 potuisset.

125 3168 186 3246 Sed
208 3173 315 3246 satim
341 3184 389 3246 est
406 3184 571 3271 purqatos
596 3193 674 3262 esse,
706 3193 808 3268 quam
833 3177 1008 3264 suspectos.
1063 3162 1222 3265 Capitate,
1249 3168 1350 3241 naui·

124 3305 189 3357 mm
222 3282 348 3358 absolui
379 3305 494 3417 prospe,
534 3280 604 3354 uisi
633 3280 692 3379 qai
721 3266 844 3352 dicirit
876 3302 1024 3351 camum.
1082 3278 1158 3370 Tu,
1192 3279 1352 3379 Amyrua,
1416 3338 1422 3347 .

152 3606 174 3669 s.
192 3609 217 3657 5.
252 3603 332 3656 vicem
356 3618 440 3655 suum.
475 3598 515 3655 cf.
543 3600 577 3654 ad
598 3614 650 3666 vu,
673 3604 716 3653 43.
749 3596 852 3653 tatione
868 3615 1016 3670 suppurare
1033 3613 1067 3652 ex
1085 3599 1142 3654 cod.
1159 3597 1354 3654 Constantianai

124 3668 170 3724 Sed
185 3671 293 3725 Modius
308 3669 428 3740 aliaeque
445 3670 505 3722 edd.
522 3688 575 3723 non
589 3670 622 3722 ob
640 3685 732 3722 auam,
749 3667 858 3735 mavult,
877 3668 1030 3739 metaphora
1046 3667 1153 3722 minime
1166 3676 1237 3740 apta.
1255 3669 1353 3733 Suspe-

124 3741 192 3793 u'cem
209 3756 317 3810 prorsus
334 3746 428 3792 contra
444 3737 546 3792 codices
563 3755 623 3790 mss.
750 3738 818 3789 ctaru‘
847 3753 880 3789 ex
910 3733 1033 3789 Palmarii
1065 3736 1216 3792 coniectura
1246 3734 1353 3789 Medius

153 3836 175 3899 s·
193 3841 215 3888 G·
250 3835 310 3886 Iam
327 3849 413 3901 ,oyem
430 3831 716 3912 quoque'.1,3xmmam
750 3802 847 3872 edidit,
866 3805 913 3858 sed
930 3803 1053 3875 displicet
1069 3813 1097 3858 et
1114 3805 1164 3884 hoc
1181 3812 1209 3857 et
1221 3802 1353 3884 ‘Aldinum

125 3898 487 4024 11111111
504 3898 578 3952 1...
596 3899 672 3953 a..
692 3905 715 3951 1·
749 3871 1353 4012 misereaturtui:

189 4011 196 4024 .
289 3987 327 4023 or.
448 4007 454 4020 .
787 4008 792 4021 .
950 4008 956 4021 .

127 4062 386 4186 Dhsuhhpiprleeret]
413 4060 519 4115 additur
536 4077 582 4113 rea
600 4057 628 4112 in
645 4057 715 4113 Flor.
750 4009 1353 4158 gffioetffingffiffistqgoflttgffi

156 4219 179 4281 8.
196 4225 219 4270 t.
247 4170 324 4271 caldi
348 4215 522 4269 dissimulatio
546 4228 602 4266 mea
626 4229 716 4281 suspe-
750 4143 1365 4291 dhhilbrudpobbbiidiespadrimdgdihmotbusdg

121 4292 164 4336 'cto
180 4301 233 4338 esse
244 4287 377 4354 potuisset.
412 4281 475 4336 Aldi
492 4283 557 4335 hacc
574 4287 614 4333 est
628 4295 716 4333 emen·
750 4282 807 4350 dio,
830 4302 900 4344 nunc
916 4300 970 4335 non
992 4280 1120 4334 satisfacit
1137 4277 1260 4350 quoniam
1277 4280 1354 4334 valde

130 4350 207 4414 datio,
231 4353 304 4407 codd.
322 4352 392 4407 enim
410 4367 501 4405 omnes
523 4366 648 4418 superare
665 4367 716 4418 po·
750 4354 853 4421 sperari
869 4347 1153 4418 nemoh.l.provalde
1168 4349 1252 4400 umeri
1269 4347 1356 4422 possit

132 4421 219 4474 tutaret.
237 4418 469 4483 Matthlllockiua
485 4418 514 4472 in
523 4416 622 4472 Raderi
634 4434 715 4484 anpo-
750 4416 875 4492 accipere.
