2926 5174
157 310 232 384 394
625 331 659 395 o.
687 333 813 385 curru
836 335 921 387 nnn

155 515 310 589 oramine
340 541 432 589 mem
462 541 530 590 non
557 518 743 614 poeniteret.
796 515 913 619 Imque
946 519 1092 592 mamm
1121 519 1303 611 υοόἱςσιωη,
1324 543 1380 618 pro
1392 539 1410 587 11

157 625 297 723 imperii)
322 639 427 700 veatro
453 629 649 727 sanquinem
673 631 842 728 stradam,
874 631 934 730 qai
955 629 1096 728 superbe
1122 629 1229 703 latai
1251 630 1378 704 rebellar-

157 748 236 810 aera.
289 736 372 812 Nan
397 750 445 810 eat
469 738 629 812 dimamra
648 742 825 837 passerem,
856 744 894 813 in
918 766 1019 841 qaam
1041 741 1162 838 plodio
1188 742 1377 816 inducimur:

156 847 385 943 beneficiorum
420 849 535 947 pratea
574 848 775 946 impiam
810 863 865 924 eat.
925 847 967 924 Si
998 852 1117 925 lahem
1153 853 1294 945 Aetam,
1327 871 1409 926 reali

158 960 299 1031 tramdre
327 959 485 1050 volumno,
517 985 592 1035 ram
618 961 670 1034 ro
695 960 970 1035 communicanda
995 975 1042 1035 eet
1066 975 1185 1036 noatra
1210 965 1377 1052 ademeram

159 1069 277 1142 mmm
289 1069 384 1165 fides
409 1070 521 1143 arabile
545 1083 576 1143 et
600 1084 767 1144 aeternam
783 1072 891 1173 saciet
915 1071 1104 1170 imperium.
1146 1073 1194 1147 Et
1218 1101 1297 1150 eane
1313 1075 1378 1172 plur

158 1179 322 1270 manaa,
348 1205 451 1279 qaam
468 1181 630 1277 rapimur.
674 1180 878 1255 Insatiabilis
897 1196 1006 1255 amem
1023 1184 1193 1258 avam'tiae
1211 1200 1266 1278 eat,
1290 1187 1378 1260 adira

159 1289 294 1387 impiari
316 1291 396 1364 velle
421 1291 511 1391 qaod
534 1292 605 1364 ram
631 1290 834 1390 circumflari.
890 1292 1128 1368 Verumtamen
1153 1319 1270 1370 eoram
1291 1312 1406 1371 mereat

160 1400 196 1473 in
221 1401 426 1477 Maeedmau
452 1404 669 1504 tranafimdoi
703 1401 747 1476 Ia
772 1403 885 1477 madia
910 1405 997 1477 enim
1019 1405 1175 1503 paridem
1201 1431 1272 1481 erse
1294 1405 1376 1495 videt,

161 1537 246 1611 qrrae
279 1537 350 1615 nnn·
382 1514 611 1588 erubescamus
647 1513 776 1587 imitari
785 1545 798 1604 ;
837 1538 897 1587 nee
927 1515 1022 1588 aliar
1059 1528 1190 1589 tamam
1222 1517 1385 1700 imperi,

159 1635 234 1721 apte
265 1624 338 1722 repr‘
360 1636 481 1722 potest,
520 1650 621 1724 qaam
646 1638 684 1697 at
714 1625 879 1723 quaedam
909 1638 940 1698 et
970 1625 1149 1700 tradamus
1181 1628 1263 1721 ian,
1297 1641 1324 1701 et
1375 1656 1378 1661 ’

159 1734 278 1807 iridem
303 1735 482 1810 damma.
1282 1741 1285 1748 ’

111 1845 158 1916 28
262 1843 356 1918 Idad
372 1869 484 1943 paene
508 1844 582 1918 rira
608 1846 748 1945 dr'pnam
762 1845 844 1945 ficit,
870 1845 959 1944 meod
983 1845 1191 1923 Hemnolaas
1211 1846 1374 1949 postulata
1383 1858 1401 1907 1⁴

159 1981 182 2028 a
207 1979 274 2045 me,
311 1967 348 2028 at
372 1981 547 2031 aversarer
571 1956 699 2046 Ionem
737 1956 807 2029 raia
833 1954 964 2039 marai>
989 1983 1163 2056 aymonem.
1216 1960 1278 2033 An
1299 1957 1401 2031 aznot

161 2066 245 2166 qaid
269 2066 321 2140 dii
345 2068 579 2166 reapoadeant,
611 2067 648 2139 r'n
673 2091 748 2140 ntea
772 2079 939 2164 potestate
955 2065 1027 2140 eat?
1083 2065 1210 2143 Obtulit
1233 2068 1312 2143 miri
1320 2061 1374 2165 fiiri

160 2201 293 2269 marea,
325 2178 471 2276 recipere
496 2178 581 2277 rpem
606 2178 717 2269 rebar,
744 2203 828 2278 pirae
853 2178 999 2276 aqimus,
1026 2179 1121 2252 haud
1147 2181 1294 2254 alienam
1310 2176 1371 2280 yid

149 2448 280 2517 facerem]
316 2445 406 2515 Vulgo
426 2445 515 2498 editur
540 2447 674 2500 dimidiam
690 2465 759 2517 par·
793 2445 840 2499 sed
856 2445 986 2516 poculum.
1021 2445 1118 2516 Itaque
1141 2464 1174 2502 eo
1195 2447 1336 2501 deducimur
1350 2448 1371 2494 ut

160 2525 218 2578 tem,
235 2531 286 2568 neo
299 2513 428 2584 displicet.
454 2514 510 2567 Sed
527 2531 586 2568 eum
603 2533 657 2569 non
674 2516 759 2568 minue
792 2515 913 2568 rideatur
925 2514 1111 2594 oorrigendum
1123 2532 1184 2569 eoae
1198 2519 1308 2587 impleri:
1321 2509 1370 2568 anri

159 2590 259 2636 rectum
285 2583 319 2636 eit
345 2585 454 2635 dimidia
475 2593 567 2651 parte,
595 2583 760 2638 constantiae
793 2583 886 2636 volunt
903 2582 1006 2652 implerr
1023 2582 1055 2636 iis
1072 2584 1168 2651 rebus,
1192 2601 1261 2656 qnae
1281 2584 1324 2638 iam
1337 2578 1370 2635 rir-

159 2667 236 2704 oauaa
256 2651 307 2704 hoc
327 2667 386 2704 rece
407 2651 481 2704 imur.
516 2651 629 2722 Legitur
645 2651 715 2704 enim
731 2652 760 2705 in
794 2651 948 2718 confluunt,
967 2650 985 2705 i.
997 2667 1020 2704 e.
1035 2668 1148 2721 quorum
1166 2653 1220 2706 iam
1237 2652 1306 2724 eopia
1319 2649 1370 2703 lato
1408 2662 1410 2683 ²

159 2719 236 2774 eodd.
258 2719 329 2772 Flor.
346 2721 372 2772 A
399 2719 475 2773 CEH
496 2720 576 2773 Bern.
594 2728 706 2791 utroque
731 2728 761 2773 et
794 2727 863 2773 rant.
898 2718 943 2772 sic
959 2718 1043 2789 igitur
1059 2737 1131 2773 nune
1150 2720 1304 2793 scripsimus.

160 2787 241 2842 Snak.
264 2788 357 2843 tribue.
394 2788 463 2841 Item
485 2797 547 2859 poet
567 2807 666 2909 pungne
688 2789 760 2841 dele·
830 2791 852 2856 ξ.
868 2794 908 2841 13.
943 2804 1032 2841 eorum
1054 2805 1140 2842 morea
1162 2791 1190 2843 in
1213 2791 1285 2844 Mae.
1306 2797 1369 2840 narr·

159 2856 255 2921 vimus,
284 2858 355 2927 quod
378 2856 407 2908 in
428 2857 541 2926 vulgatis
564 2858 612 2910 eod
633 2897 639 2910 .
662 2857 760 2978 legitur
784 2858 874 2927 fando
921 2855 1006 2909 Godd.
1024 2865 1053 2909 et
1079 2857 1140 2910 edd.
1166 2856 1295 2929 principer
1316 2868 1367 2907 nen·

159 2933 221 2996 poet
246 2927 320 2990 illua,
350 2925 424 2978 Leid.
449 2926 525 2979 Voss.
551 2933 562 2978 1
589 2933 618 2978 et
640 2932 654 2978 2

158 3001 300 3063 utrumque
318 3001 346 3046 et
363 2993 433 3046 Flor.
451 2993 578 3047 ABCEH
595 2993 686 3048 secuti.
709 2994 759 3047 Su·
793 3002 857 3063 gata
879 2992 958 3045 leutio
975 2992 1046 3046 Aldo
1068 2993 1188 3048 debetur.
1224 2994 1286 3048 Vox
1306 3002 1366 3044 mna

158 3069 251 3132 pereat
267 3061 295 3114 in
312 3061 383 3115 Flor.
401 3061 493 3115 DFGI
515 3062 560 3132 qui
586 3080 643 3115 oum
667 3062 757 3115 Pal.1
793 3077 861 3133 quae
884 3060 1030 3114 neoeaearia
1056 3060 1163 3115 videtur
1187 3061 1284 3134 legitur
1304 3067 1366 3134 emt?

159 3129 291 3201 propriam
309 3139 406 3184 sentam
424 3130 597 3183 constituunt.
793 3130 821 3182 in
838 3128 910 3182 Flor.
927 3129 969 3194 D,
988 3131 1161 3198 transfundo,
1184 3130 1210 3184 ei-
1223 3131 1286 3183 fidee
1300 3134 1332 3182 en
1343 3140 1365 3177 t·

195 3204 220 3263 S.
237 3206 276 3251 12.
308 3201 371 3267 plna
394 3200 515 3252 habemur
532 3216 610 3267 qaam
631 3200 759 3268 capimus]
794 3197 888 3263 lentio,
906 3197 934 3249 in
951 3196 1085 3251 Leidenei.

160 3266 225 3319 Mea.
243 3284 333 3319 omnes
352 3275 381 3320 et
398 3269 458 3319 edd.
476 3275 540 3320 vett.
560 3270 683 3335 rapimur.
709 3266 761 3319 Illa
830 3265 895 3337 Cap.
908 3271 956 3333 28,
977 3271 998 3346 ς.
1015 3272 1054 3318 14.
1083 3283 1172 3335 paene
1196 3269 1254 3320 rien
1278 3257 1362 3342 ἄψ]

159 3341 201 3386 eat
217 3334 319 3387 Acidaii
336 3336 599 3406 emendatio,'quam
615 3354 668 3389 non
685 3336 761 3406 potui
795 3333 860 3387 Nou
885 3334 935 3387 tuli
961 3333 1058 3387 diutins
1086 3335 1158 3405 quod
1184 3334 1269 3387 adhue
1291 3331 1361 3385 Μ

158 3418 214 3455 non
229 3418 288 3454 oum
296 3403 476 3456 Freinshemio
495 3421 584 3457 veram
601 3404 760 3457 existimare.
795 3402 845 3455 fuit
888 3420 952 3456 aene
978 3405 1084 3471 ᾱὶφηιιτη
1108 3405 1181 3470 rien,
1208 3404 1254 3456 aed
1273 3394 1360 3454 exnn·

160 3469 339 3540 Conqueritur
356 3472 426 3525 enim
443 3473 495 3526 hoo
511 3472 567 3542 ipen
577 3472 635 3526 loco
649 3474 682 3525 de
695 3490 761 3543 quo·
796 3420 887 3524 DFGi
904 3478 931 3523 et
948 3469 1078 3523 deteriore
1095 3478 1168 3524 aeota
1177 3465 1359 3524 moranum

158 3539 270 3592 rumdam
287 3540 395 3593 avaritia
416 3541 475 3611 plus
493 3557 578 3620 aequo
598 3541 696 3594 habere
717 3551 761 3593 cu·
795 3539 820 3592 B
837 3541 894 3591 risa
904 3541 1017 3608 dianam,
1035 3555 1067 3592 eo
1079 3536 1173 3592 ordine
1187 3540 1314 3593 verbonun
1326 3542 1359 3609 (Ρ)

158 3606 285 3678 pientium
311 3609 455 3679 eodemque
478 3611 552 3663 duent
577 3611 687 3662 verbum
714 3611 761 3660 im·
796 3607 849 3660 nl.
868 3606 1005 3673 convenit,
1028 3606 1126 3676 scripsi.
1163 3607 1265 3660 Deinde
1278 3604 1358 3670 inp*

152 3678 246 3746 plere,
274 3677 345 3756 quod
371 3677 498 3747 sequitur.
534 3677 587 3730 Sed
613 3679 679 3731 haec
703 3676 761 3746 ipsa
795 3692 852 3729 rem
869 3676 933 3729 edit.
950 3693 1034 3728 meam
1052 3691 1085 3727 ex
1099 3675 1216 3795 repetita
1224 3667 1357 3737 editffipffi·

158 3762 211 3798 vox
233 3746 390 3814 corrigenda
410 3754 463 3810 ent,
491 3746 512 3798 ai
534 3763 593 3799 auae
614 3753 761 3816 potestaten
795 3743 866 3809 tina,
895 3762 973 3825 qnam
998 3743 1173 3814 typograpia
1200 3734 1356 3796 decebat·

703 2943 718 2978 e
752 2966 758 2978 .
794 2926 858 2985 done
880 2941 966 2976 eorum
989 2926 1017 2976 in
1037 2925 1109 2978 Mac.
1128 2929 1294 2980 transeundo.
1321 2916 1367 2975 Vd-

157 3814 240 3866 verba
268 3813 386 3867 obtinere
416 3815 545 3867 volumus.
588 3814 659 3867 Nam
690 3815 761 3883 quod
795 3813 931 3880 dederam,
948 3811 1228 3881 rrrepeeratmendum
1241 3810 1356 3887 adnm?

157 3882 238 3950 vulgo
264 3881 363 3951 legitur
389 3885 518 3935 avaritiae
541 3892 588 3948 eat,
616 3882 664 3949 (rio
686 3891 760 3935 reete
795 3882 897 3947 Iouem3
924 3886 1030 3951 oportet
1051 3895 1108 3931 esse
1130 3896 1266 3932 aversarer
1279 3876 1354 3928 ami!

158 3949 237 4017 editi,
269 3949 360 4019 scripti
387 3952 501 4003 ovantia
531 3958 638 4018 praeter
662 3967 760 4021 paucos
795 3947 867 4000 libris
885 3956 926 4003 eet
943 3966 1002 4002 mes.
1021 3946 1139 4000 omnibns
1157 3926 1354 4017 praeterituri

158 4018 318 4089 eosdemque
334 4017 454 4087 optimos,
472 4018 543 4070 Flor.
554 4018 579 4069 A
595 4017 759 4072 Leid.Bern.
794 4017 875 4069 Bern.
889 4017 912 4070 B
930 4018 1007 4070 Voss.
1025 4022 1050 4083 2,
1068 4023 1095 4068 et
1111 4033 1193 4085 supra
1208 4013 1263 4082 ruit,
1275 4014 1353 4082 Μ

158 4087 197 4154 Α)
215 4089 301 4139 adhoc
314 4087 420 4154 implere
433 4089 496 4139 velle
509 4089 642 4156 quodiam
652 4088 760 4140 circam-
796 4085 872 4156 spicit
890 4085 976 4138 oratio
992 4101 1049 4155 oap.
1058 4090 1101 4150 25,
1121 4090 1162 4138 18.

150 4155 229 4224 fluit,
256 4154 369 4224 intelligi
392 4155 486 4225 nequit
511 4153 561 4207 nisi
587 4157 761 4225 circumfluere
830 4156 853 4273 ῗ
864 4159 904 4206 15.
932 4155 1022 4207 obtulit
1039 4153 1153 4218 miiifil.
1170 4150 1269 4220 nomm]
1287 4141 1350 4266 gx

159 4221 209 4274 dici
227 4222 340 4275 volueris
357 4240 425 4287 vasa,
436 4230 578 4294 propterea
596 4225 665 4292 quod
685 4224 761 4276 nimis
795 4224 821 4275 h.
842 4263 848 4274 .
865 4221 941 4292 potui
958 4239 1012 4274 non
1028 4219 1146 4290 recipere
1154 4219 1281 4273 meliorem

159 4289 262 4357 repleta
285 4298 346 4342 sunt
369 4289 553 4344 redundantia.
588 4292 627 4344 At
651 4290 761 4344 circum·
795 4309 854 4342 rum
883 4289 1003 4343 ordinem
1032 4305 1066 4341 ex
1092 4288 1163 4342 Flor.
1189 4282 1278 4341 DFGI.
1304 4272 1324 4330 Ν
1341 4336 1347 4349 ,

158 4356 219 4409 fluit
241 4375 294 4410 non
319 4359 442 4428 poculum
464 4360 510 4412 ned
531 4360 625 4412 humor
642 4359 687 4429 qui
708 4358 760 4412 illis
795 4359 866 4428 vulg.
885 4360 975 4411 obtulit
998 4375 1088 4412 nomen
1104 4358 1163 4423 filii
1185 4357 1244 4410 nar·
1260 4351 1287 4405 ab
1303 4351 1346 4398 Μ’

159 4423 321 4495 continetur,
350 4433 445 4481 eontra
465 4444 521 4481 non
541 4427 667 4498 impletur
683 4445 760 4499 aqua,
795 4435 872 4498 parte
889 4425 1029 4498 languidus
1047 4433 1075 4480 et
1091 4424 1200 4480 vitiosae
1216 4428 1259 4476 ert.
