2926 5174
574 276 770 327 As‘eenols'.
1214 259 1287 329 551

143 464 166 535 5.
185 463 233 519 30.
278 463 344 519 dum
362 463 474 538 nupero]
500 464 566 520 dum
588 465 684 536 nuperi
700 462 764 520 Pal.
785 463 799 519 1
820 462 898 520 Flor.
921 464 953 533 I,
978 465 1026 520 diu
1045 467 1139 537 aimeri
1156 465 1233 522 Flor.
1248 467 1287 523 F.

142 549 165 621 §.
184 549 232 605 31.
276 551 379 605 assueti
398 581 436 591 -
455 550 633 625 affectantem]
653 551 760 606 adsueti
767 551 993 626 -adfectantem
1004 551 1090 607 Berm
1108 551 1138 607 A
1152 552 1229 609 Flor.
1247 552 1288 625 A,

91 638 207 691 'eorontes
224 635 301 691 Flor.
320 634 434 692 EFHI.

140 721 164 793 5.
182 721 231 777 32.
276 721 407 795 aversati]
426 723 565 778 aduersati
581 721 659 779 Flor.
677 719 785 779 FGHI
802 721 888 778 Bem.
906 722 950 794 Β,
969 733 1016 779 aut
1033 725 1133 780 uersati
1149 723 1238 780 Voss.
1257 724 1287 796 2,

91 808 221 879 piversoti
236 806 302 863 edit.
320 826 364 881 pr.
390 809 529 863 adversati
549 807 626 863 dedit
643 807 713 863 Ald.
732 809 850 863 aversati
873 807 982 883 primus
1000 808 1118 866 Iunius.
1156 809 1221 866 laea
1239 829 1288 866 suo

91 893 187 966 aeque]
213 892 278 950 leaeo
303 911 426 967 quaeque
452 911 501 949 suo
523 892 602 951 Flor.
621 891 689 965 CF,
711 893 776 949 leaee
801 911 906 968 qnoque
929 913 978 950 suo
1003 895 1081 952 Flor.
1101 894 1132 952 H
1150 895 1235 952 Bern.
1254 895 1289 951 B.

91 978 178 1051 oport]
198 988 314 1051 tempore
331 979 410 1035 Flor.
430 975 486 1035 CH
504 977 568 1035 Pal.
590 982 616 1035 1.

140 1060 208 1138 Cep.
228 1065 278 1135 33,
297 1065 321 1137 5.
343 1065 370 1120 l.
414 1073 444 1120 ut
462 1065 614 1139 Mareotin]
634 1073 665 1122 ut
681 1072 818 1138 mareotpn
836 1063 921 1119 Bem.
934 1063 966 1120 A
983 1063 1062 1121 Flor.
1080 1065 1148 1139 AB,
1166 1075 1197 1123 ut
1214 1086 1289 1125 more

91 1169 113 1204 m
132 1149 209 1205 Flor.
229 1147 270 1221 Ο,
288 1153 316 1206 in
334 1153 473 1206 mareotim
491 1150 569 1207 Flor.
587 1151 626 1222 D,
645 1160 673 1206 ut
691 1151 829 1206 mareotim
846 1149 924 1206 Flor.
942 1146 1032 1223 FGI,
1050 1161 1080 1208 ut
1097 1151 1289 1210 mareotliidem

91 1254 129 1291 or.
149 1234 190 1306 E,
208 1244 237 1292 ut
254 1237 432 1292 ritaeotlidem
450 1235 535 1292 Bern.
554 1236 589 1292 Β.

137 1322 161 1393 5.
181 1322 209 1376 2.
231 1323 375 1396 apparuit]
396 1319 445 1378 sio
462 1341 560 1379 omnes
577 1322 677 1394 nostri,
694 1341 751 1379 non
771 1321 817 1396 (ut
831 1320 963 1379 Freinsh.
983 1330 1012 1378 et
1027 1320 1129 1396 Snak.)
1148 1325 1289 1398 adparuit,

91 1416 221 1480 paruerat
244 1406 333 1465 Voss.
354 1408 381 1463 1.
415 1426 449 1463 ea
471 1411 576 1465 nomine
593 1409 724 1482 auctoris]
743 1427 777 1464 en
794 1408 843 1465 liae
861 1409 980 1465 auctoris
1003 1408 1081 1465 Flor.
1099 1409 1130 1465 H
1149 1410 1234 1466 Bern.
1252 1410 1288 1467 Β.
1324 1425 1326 1430 ·
1438 1440 1444 1455 ·

91 1492 198 1567 ζηοεοίι
215 1492 393 1569 importunos
411 1502 589 1550 correctores
634 1513 667 1550 ae
684 1495 772 1568 mare]
797 1504 821 1550 et
839 1512 913 1549 mare
930 1492 1008 1550 Flor.
1028 1491 1139 1551 CEFH
1156 1496 1243 1552 Bern.
1261 1496 1288 1553 B

93 1578 131 1635 el.
153 1581 177 1634 1.
205 1578 293 1636 Voss.
316 1580 333 1635 2
361 1597 398 1636 ex
421 1580 558 1656 silentio).
606 1580 738 1653 destinat,
765 1589 790 1637 et
820 1580 879 1654 que]
900 1576 1001 1637 Omin.
1030 1590 1055 1637 et
1084 1581 1161 1638 Flor.
1186 1582 1289 1640 DEFI

137 1751 161 1823 5.
181 1751 209 1807 3.
258 1749 432 1825 Tithonique]
456 1753 599 1825 titanisque
616 1759 668 1808 aut
685 1753 834 1825 tytanisque
848 1758 898 1808 aut
915 1751 1075 1826 tlitonisqne
1093 1771 1191 1810 omnes
1209 1754 1288 1811 codd.

91 1855 138 1893 rm.
156 1842 185 1892 et
202 1836 295 1908 Flor.,
319 1839 463 1910 titanisque
480 1836 565 1893 etiam
583 1837 663 1894 Leid.
685 1836 774 1894 Voss.
795 1839 822 1893 1.
841 1838 869 1893 2.

137 1922 162 1994 5.
180 1924 209 1978 4.
253 1921 430 1998 Aeschylum]
449 1923 617 1979 Hesolulum
634 1922 712 1980 Flor.
731 1924 776 1993 A,
796 1923 945 1979 Hesealnm
963 1923 1041 1981 Flor.
1060 1924 1086 1980 B
1104 1923 1184 1981 Leid.
1210 1926 1287 1982 Hae-

91 2008 156 2064 dum
172 2007 260 2064 Bern.
278 2009 311 2065 A
327 2008 416 2066 Voss.
437 2010 471 2081 l,
489 2009 623 2064 Esenlum
641 2008 719 2066 Flor.
738 2005 796 2064 CH
814 2008 900 2064 Bern.
919 2009 962 2082 B,
980 2009 1134 2085 leselplum
1151 2010 1229 2067 Flor.
1248 2010 1288 2084 D,

91 2093 197 2150 tendum
221 2094 300 2152 Flor.
318 2094 352 2165 I,
374 2094 520 2152 hesoullum
543 2111 620 2168 apr.
639 2112 677 2150 m.
712 2093 795 2168 (eorr.
820 2093 979 2165 leselilum)
1002 2095 1081 2153 Flor.
1100 2094 1131 2154 G
1153 2103 1206 2153 oet.
1234 2104 1286 2154 cet.

91 2179 213 2252 masten]
232 2181 388 2237 Peucesten
406 2181 485 2239 Flor.
506 2176 594 2236 CGH
611 2179 697 2236 Bern.
716 2179 758 2252 B,
775 2180 928 2236 Pendesten
945 2180 1034 2239 Voss.
1053 2182 1081 2238 2.

137 2266 162 2337 5.
182 2265 210 2321 5.
254 2267 350 2340 iussis]
369 2269 448 2322 iussit
466 2265 543 2322 Flor.
564 2262 596 2323 C.

137 2351 163 2423 5.
185 2352 214 2408 6.
257 2371 352 2425 qreqes
376 2351 530 2426 advolasse]
556 2353 692 2409 deuolasse
716 2352 795 2409 Flor.
814 2349 900 2409 CEH
918 2350 1007 2413 Voss.
1027 2353 1062 2425 2,
1084 2371 1191 2428 qreqem
1208 2353 1286 2411 Flor.

91 2435 105 2492 ἶ.
149 2437 258 2510 polenta
276 2439 345 2512 esse]
362 2439 498 2511 polentam
516 2456 572 2494 esse
589 2438 676 2496 Bern.
698 2438 735 2495 B.
778 2457 830 2513 pro
847 2439 921 2495 tristi
938 2457 957 2494 a
971 2439 1110 2514 plerisque
1128 2448 1196 2496 esset
1212 2458 1287 2497 aeae-

91 2520 143 2599 em]
157 2541 211 2596 pro
229 2525 302 2579 tristi
317 2523 460 2579 haberetur
477 2541 495 2578 a
509 2525 649 2598 plerisque
666 2533 733 2581 esset
750 2533 889 2598 acceptum
906 2523 986 2582 Flor.
1005 2524 1059 2582 EF
1079 2524 1147 2597 sal.
1169 2528 1196 2586 1.
1228 2529 1288 2601 fre·

91 2610 189 2664 endam
207 2609 354 2685 culturam]
373 2611 531 2685 frequentia
548 2611 676 2667 insultam
698 2610 779 2672 Flos,
798 2609 835 2681 E,
854 2612 1011 2685 frequentia
1028 2612 1192 2668 insulturam
1209 2610 1288 2668 Flor.

100 2712 180 2768 apr.
199 2714 238 2750 m.
271 2695 453 2769 (incolendam
472 2697 508 2752 ab
526 2695 602 2770 alt),
620 2698 779 2770 frequentia
800 2697 962 2752 inculcatam
983 2696 1071 2756 Bern.
1090 2696 1132 2766 B,
1156 2699 1288 2754 sulcatam

91 2797 141 2836 iss.
160 2778 189 2835 2.
232 2781 326 2856 terris]
350 2790 450 2837 terram
471 2781 551 2838 Flor.
570 2778 686 2838 DFGI.

139 2862 212 2941 Cap.
239 2867 296 2938 34,
327 2868 352 2940 5.
379 2867 408 2922 7.
453 2865 582 2944 assequi]
606 2867 723 2940 adsequi
750 2865 838 2923 Bern.
864 2865 905 2922 A.
955 2865 1037 2923 Idem
1060 2885 1128 2924 mox
1153 2869 1287 2941 inpositis,

99 2952 126 3024 §.
153 2951 183 3007 9.
219 2953 344 3026 adflictas
363 2953 428 3025 (sed
444 2951 524 3009 Flor.
543 2971 641 3009 omnes
659 2953 800 3026 afflictas).

138 3038 163 3110 §.
184 3038 212 3094 8.
244 3036 349 3115 ripam]
367 3040 431 3112 ripa
447 3038 526 3097 Flor.
543 3038 599 3096 DF
602 3036 649 3095 GI
666 3037 731 3094 Pal.
748 3038 776 3092 l.
812 3034 972 3113 adiuvante]
986 3037 1139 3094 admirante
1156 3037 1234 3094 Flor.
1249 3038 1286 3095 Β.

137 3124 164 3196 5.
185 3123 234 3179 10.
280 3126 357 3180 auius
378 3121 529 3202 interitum]
547 3126 605 3181 eius
621 3126 758 3180 interitum
775 3123 853 3179 Flor.
870 3120 907 3194 Β,
926 3124 1003 3180 euius
1020 3125 1144 3180 meritum
1160 3123 1239 3181 Flor.
1250 3123 1291 3181 F..

137 3209 234 3281 5.11.
278 3210 421 3284 tyrannos]
440 3212 565 3284 tyrannis
582 3209 667 3266 etiam
684 3209 750 3266 Pal.
772 3209 799 3265 1.
837 3206 1030 3285 Chrysolaum]
1053 3210 1180 3266 ersilaum
1198 3209 1286 3267 Bern.

102 3293 183 3350 Flor.
201 3291 285 3351 ABG
304 3294 386 3352 Leid.
405 3294 494 3353 Voss.
516 3296 543 3352 1.
564 3296 581 3351 2
611 3293 677 3355 Pel.
699 3296 726 3362 1,
743 3293 890 3351 lersilanm
906 3293 985 3351 Flor.
1002 3294 1034 3352 H
1051 3292 1140 3359 Bern.
1158 3295 1195 3368 B,
1212 3295 1287 3353 lere·

91 3398 149 3435 num
172 3380 251 3437 Flor.
269 3379 313 3452 E,
341 3382 491 3439 erisiliaum
514 3380 593 3439 Flor.
610 3378 687 3454 DG,
716 3380 865 3438 erisiliaum
883 3380 962 3438 Flor.
979 3379 1033 3437 FI.
1078 3380 1170 3439 Miror
1187 3401 1288 3440 verum

91 3484 154 3521 men
172 3464 277 3522 iamin
295 3466 384 3542 princ.
407 3468 474 3525 edit.
493 3485 566 3524 esse.
675 3529 687 3544 δ

137 3545 163 3624 5.
185 3552 235 3608 12.
279 3555 418 3610 uictoriam
433 3552 655 3628 protelabantur]
674 3553 788 3609 viatoria
804 3553 883 3611 Flor.
902 3551 964 3612 GH
983 3554 1070 3612 Bern.
1088 3552 1125 3626 B,
1143 3555 1287 3628 pratulan-

91 3637 192 3694 ’Flor.
212 3638 250 3694 E.
295 3637 519 3716 impetraverunt]
537 3641 741 3712 impetraverunt
762 3638 850 3696 Bern.
869 3638 910 3697 A.
955 3640 997 3697 Ει
1014 3659 1082 3697 mox
1099 3641 1288 3714 inpenderunt.

136 3724 162 3796 5.
184 3725 233 3781 13.
279 3725 412 3799 reddidit]
432 3725 548 3782 tradidit
564 3724 643 3782 Flor.
662 3722 701 3797 G,
719 3724 810 3782 omitt.
828 3727 948 3784 verbum
969 3726 1050 3783 Flor.
1068 3725 1100 3782 H
1122 3725 1209 3783 Bern.
1227 3722 1264 3782 B.

135 3809 161 3881 5.
184 3810 233 3865 14.
278 3810 385 3866 labilius
403 3810 455 3888 est]
474 3808 578 3868 Ornia.
601 3819 641 3866 est
657 3811 688 3867 in
704 3809 783 3868 Flor.
801 3811 848 3869 DI
866 3813 932 3869 edit.
951 3811 1030 3869 Mod.

136 3895 161 3967 5.
184 3896 234 3952 15.
269 3895 399 3973 namque]
417 3915 481 3953 narn
498 3896 577 3954 Flor.
595 3895 627 3952 H
645 3896 732 3954 Bem.
750 3896 787 3954 B.
824 3896 1041 3974 Spartanorum]
1064 3893 1287 3969 Spartianorum

91 3999 135 4036 nm
152 3980 219 4038 Pal.
234 3984 263 4038 1.
288 3981 434 4057 pleraque]
449 3984 576 4057 plereque
594 3981 666 4039 Flor
682 3982 738 4040 DE
759 3983 790 4058 (a
807 4003 850 4059 pr.
869 3982 923 4058 m.)
942 3982 977 4054 F,
992 3981 1139 4056 pleraeque
1155 3979 1234 4036 Flor.
1257 3979 1284 4037 Ι.

114 4066 193 4123 addit
221 4075 287 4141 post
314 4067 419 4124 insulae
447 4070 534 4126 Bern.
560 4068 586 4126 B
613 4068 693 4127 urbes
723 4067 829 4144 (neque
856 4067 882 4126 is
904 4068 976 4126 liber
1000 4075 1095 4125 temen
1119 4066 1205 4124 habet
1224 4067 1285 4140 ple·

91 4152 174 4227 ique).

135 4239 162 4311 §.
190 4238 240 4296 16.
286 4238 451 4317 compositis]
476 4256 585 4312 conpos.
610 4238 699 4298 Bem.
718 4240 750 4299 A
774 4242 943 4316 (posteaque
965 4256 1030 4296 cum
1053 4236 1133 4295 Flor.
1151 4239 1183 4296 A
1205 4240 1285 4296 inmi-

91 4321 141 4399 ιι),
159 4325 290 4398 oppositis
307 4322 386 4384 Flor.
406 4322 441 4386 C.

157 4405 232 4484 Cap.
259 4409 309 4483 35,
331 4414 355 4480 5.
381 4411 410 4468 l.
456 4410 644 4491 comperisset]
667 4415 832 4489 conperisset
853 4410 941 4471 Bern.
967 4409 999 4468 A
1023 4409 1101 4468 Flor.
1124 4410 1166 4470 A.
1208 4409 1285 4469 Item
