2926 5174
487 311 536 360 nn
563 309 690 362 cnsms
718 311 827 361 anax.
855 310 904 378 1v,
932 307 974 356 aa
1298 293 1345 363 93

91 495 177 569 niden
213 503 259 566 et
304 492 425 565 duces
459 493 611 566 militum
643 504 724 566 orta
756 493 884 568 seditio
911 493 1132 592 irrumpendi
1156 495 1195 566 in
1220 495 1348 568 urbem

92 605 321 680 occasionem
357 601 470 676 dedit.
523 601 684 701 Cumque
715 617 822 705 porta
853 608 1002 680 effracta
1028 607 1156 678 cohors
1182 605 1348 679 Macedo·

91 743 160 790 rum
193 716 410 806 intrasset,
444 715 629 812 oppidani,
663 716 748 789 olim
779 718 926 790 consilio
958 717 1172 816 proditionis
1199 717 1347 817 agitato,

92 836 285 926 aggregant
317 850 364 898 se
393 823 618 923 Amphotero
644 837 683 900 et
706 825 932 926 Hegelochoc
959 828 1222 924 Persarumque
1247 850 1348 925 prae·

92 939 165 1027 sidio
205 961 348 1025 caes0,
389 934 646 1010 Pharnabazus
684 964 766 1010 cum
795 937 1011 1039 Apollonide
1044 950 1081 1013 et
1111 937 1347 1037 Athenagora

92 1050 184 1123 vincti
210 1045 449 1137 traduntur,
482 1045 671 1121 duodecim
696 1050 859 1122 triremes
885 1075 969 1123 cum
993 1076 1060 1122 suo
1085 1050 1197 1122 milite
1223 1073 1267 1123 ac
1291 1050 1345 1121 re·

93 1163 187 1260 nige,
219 1166 389 1256 praeter
416 1182 478 1230 eas
504 1159 651 1256 triginta
676 1160 799 1233 inanes
806 1216 815 1250 ,
851 1171 888 1234 et
914 1160 1053 1258 piratici
1078 1160 1203 1251 lembi,
1239 1155 1347 1234 Grae·

96 1294 276 1367 corumque
316 1267 398 1339 tria
431 1270 528 1341 milia
558 1295 581 1342 a
611 1269 731 1343 Persis
766 1271 931 1344 mercede
964 1273 1151 1345 conducta
1212 1268 1279 1341 His
1311 1269 1348 1339 in

103 1383 393 1480 supplementum
420 1381 603 1478 copiarum
629 1407 776 1455 suarum
803 1382 1017 1472 distributis,
1043 1384 1241 1480 piratisque
1267 1405 1348 1477 sup·

105 1495 187 1592 plicio
209 1491 381 1582 affectis,
412 1493 574 1589 captivos
600 1493 754 1591 remiges
781 1493 942 1567 adiecere
969 1494 1074 1566 classi
1101 1517 1197 1565 suae.

182 1603 295 1676 Forte
327 1602 584 1695 Aristonicus,
610 1601 947 1702 Methymnaeorum
972 1616 1164 1704 tyrarmus,
1191 1627 1273 1674 cum
1298 1601 1401 1699 pi-24

101 1716 195 1789 raticis
225 1714 429 1805 navibus,
468 1714 612 1812 ignarus
649 1717 808 1788 omnium
848 1741 939 1813 quae
972 1715 1069 1814 apud
1105 1711 1234 1787 Chium
1268 1725 1350 1786 acta

102 1839 189 1918 erant,
214 1827 350 1926 prima
380 1825 506 1922 vigiha
531 1824 579 1897 ad
603 1836 731 1924 portus
758 1826 915 1899 claustra
941 1826 1126 1914 successit,
1153 1825 1349 1920 interroga-

102 1948 204 2036 tusque
230 1964 254 2011 a
285 1935 517 2009 custodibus
544 1939 622 2035 quis
650 1935 770 2009 esset?
801 1935 1046 2008 Aristonicum
1072 1935 1119 2007 ad
1145 1932 1350 2006 Pharnaba·

91 2075 163 2120 unm
185 2050 320 2123 venire
350 2048 555 2145 respondit.
603 2047 658 2119 Illi
685 2045 960 2119 Pharnabazum
986 2046 1130 2144 quidem
1155 2044 1228 2116 iam
1254 2044 1350 2141 quie·

107 2183 186 2253 scere,
210 2171 251 2234 et
280 2185 372 2232 non
401 2183 510 2256 posse
536 2169 614 2231 tum
640 2157 749 2248 adiri,
778 2168 936 2230 ceterum
961 2170 1087 2256 patere
1114 2156 1211 2229 socio
1239 2164 1348 2250 atque

107 2269 208 2371 hospiti
247 2281 436 2370 portum,
473 2280 508 2342 et
547 2282 694 2368 postera
736 2269 791 2343 die
828 2269 1053 2342 Pharnabazi
1088 2267 1227 2365 copiam
1262 2266 1349 2357 sore,

91 2382 270 2457 lafficmant.
336 2378 422 2453 Nee
450 2380 628 2455 dubitavit
654 2381 879 2454 Aristonicus
906 2381 1041 2478 primus
1067 2380 1212 2468 intrare,
1239 2376 1352 2450 secuti

110 2506 167 2568 sunt
190 2497 334 2568 ducem
364 2491 510 2589 piratici
535 2491 654 2582 lembi,
681 2516 724 2563 ac
752 2491 837 2564 dum
864 2493 1046 2588 applicant
1071 2490 1215 2587 navigia
1242 2489 1351 2587 crepi-

109 2603 159 2679 dini
180 2616 330 2706 portuS,
364 2601 535 2675 obiicitur
561 2629 583 2674 a
605 2594 776 2700 'vigilibus
804 2604 1009 2694 claustrum,
1045 2613 1082 2675 et
1108 2604 1168 2699 qui
1195 2600 1351 2699 proximi

108 2720 331 2807 excubabant,
365 2713 417 2786 ab
444 2713 570 2786 iisdem
597 2714 819 2799 excitantur:
853 2716 951 2787 nullo
979 2739 1026 2786 ex
1052 2713 1107 2785 his
1135 2736 1223 2784 auso
1250 2737 1353 2809 repu-

106 2854 206 2926 gnare,
244 2825 436 2902 omnibus
472 2834 619 2896 catenae
653 2825 803 2898 iniectae
839 2836 941 2912 sunt,
968 2823 1192 2920 Amphotero
1225 2820 1354 2894 deinde

106 2937 379 3039 Hegelochoque
416 2933 618 3009 traduntur.
672 2934 766 3008 Hinc
791 2934 1007 3008 Macedones
1041 2933 1214 3005 transiere
1245 2931 1351 3030 Mity-

107 3052 206 3142 lenen,
239 3073 362 3147 quam
395 3043 532 3118 Chares
558 3047 788 3119 Atheniensis
821 3071 935 3142 nuper
962 3053 1174 3140 occupatam
1201 3043 1355 3115 duorum
1426 3128 1432 3140 ·

110 3160 226 3232 milium
248 3162 464 3235 Persarum
496 3156 675 3254 praesidio
711 3157 874 3229 tenebat:
914 3154 978 3227 sed
1013 3179 1095 3225 cum
1129 3153 1353 3225 obsidionem

109 3273 240 3353 tolerare
265 3300 353 3348 non
385 3281 523 3369 posset,
549 3268 639 3341 urbe
665 3267 808 3357 tradita,
835 3277 963 3364 pactus
990 3274 1031 3336 ut
1056 3263 1226 3336 incolumi
1253 3263 1351 3336 abire

103 3385 216 3480 liceret,
243 3389 430 3462 Imbrum
455 3380 554 3477 petit.
606 3378 746 3451 Deditis
773 3377 988 3450 Macedones
1015 3385 1263 3473 pepercerunt.

188 3499 340 3574 Dareus
380 3492 575 3588 desperata
609 3516 713 3587 pace,
746 3516 853 3586 quam
884 3514 949 3586 per
980 3489 1119 3560 litteras
1145 3488 1405 3584 legatosque25

127 3727 148 3791 ξ.
170 3732 208 3779 18.
239 3733 366 3796 praem
397 3735 445 3770 cas
475 3719 584 3786 triptota
612 3719 714 3796 inance,
784 3718 808 3783 ξ.
827 3722 868 3768 20.
907 3725 1016 3783 postero
1049 3715 1092 3766 dic
1122 3721 1234 3784 uterque
1264 3713 1357 3792 Beria,

98 3793 183 3870 supple
198 3795 342 3857 triremes,
364 3794 402 3839 ut
421 3793 590 3864 opponantur
606 3785 657 3838 illis
667 3803 715 3837 mr·
750 3784 821 3837 Flor.
832 3783 968 3863 'ABCEH
992 3791 1021 3835 et
1044 3793 1099 3835 tres
1120 3799 1137 3834 a
1155 3782 1357 3861 snakenburgo

98 3856 140 3911 hte
155 3879 185 3915 sc
199 3863 309 3932 remige
324 3859 482 3912 instructos.
500 3853 613 3935 Secutus
627 3864 717 3906 sutem
751 3853 852 3906 collati:
887 3852 977 3922 Vulgo
994 3862 1108 3921 postero.
1144 3850 1213 3902 Vide
1245 3850 1279 3901 acl
1310 3863 1357 3915 111,

100 3921 716 4071 Ἐξίῗὼηὲὲεὲῗζίᾒξυὲξιηξῖὲῗὲῖιῗὲ,
752 3929 811 4070 ἤιξ’..
822 3928 870 4041 1231’.
897 3992 974 4069 nullo·
987 4006 1018 4068 ec
1035 3987 1077 4038 lois
1095 3986 1171 4051 cuso]
1205 3983 1250 4036 Sic
1267 3998 1357 4036 omnes

105 4067 212 4131 (quamvis
228 4061 373 4138 explicari
393 4066 493 4128 possit,
519 4078 604 4112 minus
627 4067 718 4112 tamen
752 4058 813 4110 hbn
831 4075 905 4120 msa,
933 4059 998 4110 edm
1016 4063 1122 4124 practer
1137 4053 1210 4132 .M⁰d'
1228 4053 1357 4132 nulloque.

108 4132 137 4183 ud
151 4151 203 4187 rem
218 4136 336 4189 videtur
357 4135 460 4198 aptum
476 4142 538 4181 esse.
593 4198 598 4209 Ι
753 4126 880 4205 Ceterum
896 4125 979 4211 habet
996 4122 1113 4200 BernA
1132 4139 1173 4240 {⁸¹3
1184 4118 1293 4240 Flffiql
1301 4137 1357 4238 ff,

111 4199 345 4335 witteham
358 4196 644 4331 liandhlssli‘ss
667 4213 717 4316 tlt
751 4193 1181 4333 tott⁵tttlsttssfht;
1198 4255 1359 4308 ceterorum

118 4337 173 4450 qlod
190 4344 261 4408 opud
286 4340 402 4407 Tyrum
425 4331 548 4385 Berua
574 4333 645 4386 Flor.
664 4332 718 4384 ΕΗ
752 4333 832 4385 turba
848 4331 1016 4399 Mitylenem,
1043 4326 1115 4404 quod
1141 4340 1280 4394 perperam
1297 4323 1359 4416 eda-

142 4417 179 4456 oss
194 4413 216 4460 2.
752 4402 819 4456 bant
836 4407 899 4473 ante
918 4396 1157 4463 Smkenburgrum.
