2926 5174
571 292 768 345 eennnmx.
1211 277 1283 349 583

137 480 163 552 S.
189 480 239 536 14.
274 479 460 553 Spitamenen
481 487 507 535 et
532 479 671 555 Catonem]
697 478 840 553 Spitamene
864 478 945 536 Leid.
962 479 1056 538 Paris.
1074 481 1150 554 AB,
1174 480 1285 558 Spitam

79 585 138 623 ern.
163 562 211 638 A,
239 573 265 622 et
281 567 423 639 epitomem
446 564 533 622 Bern.
550 565 594 638 B,
622 574 647 621 et
671 564 855 639 Spitamenen
878 564 958 622 Flor.
982 565 1031 639 H,
1060 567 1235 641 Spitamenen
1259 579 1284 626 et

79 651 189 709 ancum
211 649 291 708 Flor.
315 642 348 723 I,
381 649 574 724 Spititamenen
598 648 694 707 Paris.
720 646 756 706 0.
801 649 977 723 Spitamenen
1002 661 1027 708 et
1052 649 1171 710 Catanen
1195 651 1283 711 Snak.

79 736 137 794 iidit
152 735 249 793 addito
266 754 320 793 suo
338 735 388 792 Sic
404 735 477 792 Moe.
495 735 544 792 sod
565 734 684 792 Catenen
706 734 742 791 de
759 734 864 792 nostrie
882 753 957 793 nnus
975 735 1062 794 Bem.
1082 737 1123 795 A.
1150 740 1175 794 ei
1196 740 1283 796 tradi·
1377 757 1379 762 ·

79 823 106 896 e]
124 829 151 878 et
167 821 239 878 trad.
256 821 345 877 Bern.
362 821 394 877 A
411 819 490 877 Flor.
507 817 593 878 ABG
602 862 610 893 ,
627 819 718 877 omitt.
736 821 762 876 ei
777 819 856 877 Flor.
873 818 941 879 ΒΘ.
984 832 1149 880 novaverant
1165 842 1210 881 ree
1227 827 1283 880 iuc-

79 908 97 981 t]
116 915 245 963 novuaat
262 908 366 963 remitit
382 905 461 963 Flor.
478 904 540 963 ΕΗ
556 906 643 963 Bern.
660 906 704 979 B,
727 914 856 962 noverant
872 925 902 963 re
920 908 999 963 iuuit
1020 907 1100 966 Flor.
1119 906 1153 982 O,
1171 928 1284 967 nmave-

79 1001 114 1048 mt
137 1010 187 1048 ren
211 993 291 1047 iueeit
314 990 409 1048 Paris.
426 990 459 1048 A
483 992 605 1049 Flore
631 999 659 1048 et
682 992 722 1050 Α,
737 1010 754 1048 a
771 1009 814 1065 pr.
832 1010 870 1051 m.
899 991 943 1067 (in
966 990 1093 1049 F101·.B
1118 993 1189 1051 haec
1209 994 1285 1052 inter

79 1077 192 1134 ereendo
210 1083 239 1155 et
255 1077 430 1134 coercendam
453 1076 599 1134 interiecta
621 1076 817 1150 exciderunt),
845 1085 975 1134 noverant
991 1095 1035 1134 ree
1059 1075 1152 1140 Voss.
1171 1080 1189 1136 2
1207 1080 1282 1137 Mer.

79 1170 186 1219 meram
202 1179 247 1218 ree
264 1160 335 1218 Ald.
350 1161 417 1221 Iun.
436 1163 485 1236 qui
501 1171 664 1219 novaverant
681 1161 801 1238 (omisso
818 1164 876 1236 ree)
894 1161 973 1219 Mod.
1043 1231 1046 1236 ι

134 1247 160 1319 ς.
186 1246 235 1303 15.
273 1245 386 1324 Itaque]
404 1247 518 1321 Iamque
535 1247 613 1304 Flor.
628 1243 713 1305 CEH
730 1247 816 1304 Bern.
831 1246 858 1303 Β
878 1247 949 1322 (non
965 1255 1061 1306 eutem
1079 1247 1120 1306 sic
1136 1256 1169 1307 ut
1183 1256 1284 1326 postea

79 1352 103 1388 m
127 1330 299 1407 omittatur).
329 1333 481 1407 difficulter]
507 1334 649 1406 difficiliter
673 1333 752 1390 Flor.
769 1331 797 1388 Ε
821 1331 916 1390 Paris,
942 1329 977 1394 C.
1021 1335 1221 1392 concitaverant
1245 1337 1284 1392 ad
1402 1350 1404 1354 '

79 1418 138 1491 ma]
158 1418 198 1474 ad
214 1435 294 1475 arma
310 1419 509 1476 concitaverunt
524 1418 603 1476 Flor.
621 1417 668 1474 DI
686 1417 779 1476 Puris.
796 1417 837 1475 A.

132 1498 205 1577 Cup.
224 1502 281 1574 27,
311 1503 336 1575 3.
365 1503 415 1560 16.
440 1498 601 1578 obem]
633 1504 769 1562 obsidione
793 1502 887 1561 Paris.
912 1499 947 1560 0.
998 1505 1111 1579 viimi]
1137 1505 1282 1563 victoribus

79 1587 126 1646 ior.
146 1585 233 1645 CEH
250 1587 338 1644 Bern.
356 1587 382 1644 B
401 1588 490 1646 Voss.
508 1588 540 1652 2.

127 1675 153 1746 ς.
173 1673 225 1732 20.
261 1674 325 1730 urbi
337 1674 475 1748 conditae]
494 1675 572 1731 cond.
589 1673 653 1730 urbi
668 1673 747 1731 Flor.
764 1671 851 1732 CEH
868 1673 954 1730 Bern.
976 1674 1002 1731 B
1024 1673 1112 1733 Voss.
1132 1675 1162 1732 2.
1192 1675 1281 1733 Semi·

79 1756 158 1836 mim]
176 1757 343 1816 Semiramin
360 1758 474 1815 Flor.I
496 1759 591 1817 Paris.
609 1755 650 1831 0,
674 1759 844 1817 Samiramin
865 1758 947 1816 Leid.
964 1759 1053 1817 Voss.
1074 1761 1088 1816 1
1117 1761 1201 1836 (puto
1217 1779 1282 1819 esse

79 1883 80 1894 .
95 1843 126 1900 in
143 1842 237 1902 tribus
253 1842 348 1901 Petis.
371 1843 558 1902 Samiramin
576 1846 674 1919 quoe),
697 1844 834 1902 Seminane
851 1846 880 1900 in
897 1863 966 1918 quoe
982 1844 1069 1902 Bern.
1087 1844 1132 1919 A,
1154 1847 1281 1903 tamiram

79 1948 112 1987 ne
128 1931 158 1986 in
181 1930 395 2003 magnitudinem
416 1947 463 1986 an.
485 1938 511 1986 et
527 1931 676 1988 claritatem
693 1929 773 1988 Flor.
791 1930 823 1987 H
846 1929 934 1989 Bern.
953 1930 989 1987 B.
1028 1931 1166 2012 credebat]
1184 1931 1281 1989 omisit

79 2014 161 2072 odins
178 2013 422 2088 bieviloquentiee
439 2015 543 2072 studio.

130 2102 157 2174 ς.
183 2101 234 2156 21.
272 2101 357 2175 redit]
380 2101 483 2175 redeait
499 2100 577 2158 Flor.
595 2100 654 2157 ΕΗ
672 2100 758 2158 Bern.
776 2100 812 2157 B.

130 2187 156 2259 s.
180 2185 231 2241 22.
276 2194 301 2242 et
317 2187 442 2259 rnilitum]
469 2183 571 2244 Omitt.
589 2194 614 2243 ct
629 2185 709 2243 Flor.
728 2183 785 2244 CH
808 2185 895 2246 Bern.
914 2186 950 2244 B.
981 2187 1147 2262 perieulum]
1166 2188 1282 2262 periculi

79 2271 123 2329 ior.
140 2270 217 2328 DFI
234 2270 299 2328 Pal.
319 2272 346 2329 l.
376 2275 465 2347 offvoa
480 2269 671 2349 codaberetvr]
688 2271 784 2347 obfuea
800 2272 985 2329 conlaberetur
1001 2273 1087 2330 Bern.
1099 2272 1131 2330 A
1148 2282 1177 2331 et
1194 2273 1281 2330 ‘edidit
1323 2314 1328 2329 .

79 2357 135 2414 mk.
159 2356 210 2431 qui
234 2357 330 2425 obfusa
346 2376 384 2413 ex
400 2356 482 2417 Leid.
500 2356 590 2415 Voss.
611 2359 625 2414 1
653 2357 748 2430 affert,
773 2358 810 2414 ed
826 2358 1012 2415 conlaberetur
1035 2358 1108 2415 nihil
1124 2358 1280 2418 testimonii

79 2443 133 2515 brt,
151 2443 203 2500 sed
221 2460 273 2499 nee
290 2461 327 2498 ex
343 2442 422 2500 Flor.
440 2442 592 2518 quicquam
609 2442 756 2501 diversum
772 2444 809 2503 ab
826 2461 861 2500 ee
878 2442 1018 2519 scriptura
1034 2444 1159 2502 effertur.
1185 2444 1280 2520 Offuea

79 2547 139 2586 men
156 2529 237 2586 Flor.
254 2528 374 2585 ABEH
391 2528 479 2586 Bern.
497 2528 535 2602 B,
551 2531 664 2604 confusa
682 2530 761 2586 Flor.
778 2526 854 2586 FGrI
870 2528 935 2586 Pel.
955 2530 970 2586 1
991 2529 1085 2587 Puris.
1103 2531 1150 2604 A,
1168 2531 1280 2588 collabe-

79 2623 119 2670 tur
136 2622 254 2671 notatur
271 2632 308 2669 ex
324 2613 418 2671 Paris.
436 2615 462 2672 B
480 2614 566 2671 Bern.
584 2614 621 2674 B.
669 2614 761 2671 Oculis
784 2615 899 2688 aaliqine
916 2617 1036 2690 confusio
1059 2616 1147 2674 edidit
1163 2616 1280 2674 Medius
1297 2638 1324 2675 m

79 2699 187 2774 editque
203 2699 246 2756 ita
262 2717 327 2757 esse
343 2699 373 2757 in
389 2700 561 2759 membranis
579 2696 815 2772 coloniensibus,
832 2717 897 2755 oum
914 2697 945 2755 in
963 2697 1218 2777 Sigebergeneibns
1235 2702 1278 2759 in-
1339 2735 1341 2739 Α

80 2794 162 2843 ntum
180 2785 221 2844 eit
237 2786 352 2859 odiqine
369 2787 452 2844 aculis
468 2788 591 2861 confusa.

129 2891 155 2962 ς.
182 2890 234 2945 23.
278 2890 432 2962 percurato]
458 2895 604 2962 procurato
629 2885 708 2945 Flor.
733 2885 810 2943 EHI
834 2884 920 2942 Bern.
944 2884 979 2942 B.
1024 2885 1134 2964 institit]
1160 2887 1279 2944 incubuit

79 2994 121 3032 or.
139 2974 189 3031 DI
206 2972 272 3030 Pal.
292 2973 318 3029 l.
361 2975 487 3049 euffoeea]
514 2971 639 3048 eubsoeea
661 2972 749 3029 edidit
765 2969 908 3029 Snekenb.
932 2970 982 3027 sed
1004 2974 1120 3046 euffoeea
1142 2971 1173 3029 in
1189 2972 1277 3029 Bern.

79 3079 165 3135 coque
182 3067 212 3116 et
228 3057 323 3116 Paris.
347 3058 439 3116 tribus
464 3066 539 3117 aerio
563 3056 683 3134 legitur,
710 3075 762 3114 nec
783 3056 895 3113 eFlor.
918 3055 1063 3121 diversum
1082 3057 1238 3132 ,quicquam
1261 3074 1279 3113 a

79 3147 186 3223 oiptura
203 3148 265 3219 suff.
283 3152 407 3216 notatur,
424 3144 480 3201 nisi
497 3143 574 3219 quod
590 3146 695 3218 euffusa
714 3141 765 3201 OE
784 3143 896 3200 habent.
933 3143 1045 3216 irrupit]
1069 3143 1175 3217 inrupit
1191 3143 1277 3200 Bern.

90 3231 187 3288 Pacis.
206 3231 238 3287 A
257 3230 321 3301 (sed
338 3230 424 3286 Bern.
442 3230 468 3286 B
486 3229 580 3287 Paris.
598 3226 651 3286 BC
670 3225 786 3309 irrupit)
804 3247 842 3285 ex
858 3226 937 3285 Flor.
954 3227 1026 3284 nihil
1043 3247 1061 3285 a
1079 3228 1219 3304 scriptura
1235 3231 1278 3286 in·

79 3320 119 3392 pit
136 3317 286 3374 diversum
303 3324 431 3372 notatum
442 3312 502 3373 est.
545 3314 649 3387 arbem]
669 3314 760 3372 omitt.
777 3313 857 3371 Flor.
876 3310 960 3370 CEH
977 3313 1064 3371 Bern.
1081 3315 1117 3371 B.

130 3416 203 3494 Cep.
223 3418 281 3489 28,
303 3418 327 3490 §.
346 3418 396 3474 24.
431 3418 519 3492 Hinc]
539 3417 595 3473 Hic
617 3416 706 3473 Bern.
724 3416 756 3474 A
777 3416 857 3474 Flor.
874 3417 989 3474 ADFI.
1033 3426 1058 3475 et
1074 3414 1188 3474 Dodo
1204 3419 1279 3491 eqni·

79 3505 127 3580 ue]
147 3503 242 3561 omitt.
260 3512 285 3558 et
301 3503 365 3562 Pel.
384 3503 401 3559 I
418 3503 496 3560 Flor.
514 3502 571 3572 DI,
588 3504 707 3577 equitum
723 3502 802 3560 Flor.
821 3500 904 3560 CEH
921 3503 1008 3560 Bern.
1027 3502 1063 3560 B.
1102 3503 1280 3562 Maracanda

79 3578 252 3646 ara'candam
269 3587 349 3645 Leid.
366 3587 455 3646 Voss.
476 3590 490 3645 1
509 3586 574 3645 Pel.
594 3588 608 3643 1
629 3586 723 3644 Paris.
740 3596 798 3646 tres
816 3587 903 3645 Bern.
922 3587 1279 3662 Anlor.AcG1,mora

79 3677 181 3732 :mcum
207 3673 286 3731 Flor.
309 3674 341 3731 H
365 3674 451 3731 Beni.
469 3674 513 3747 Β,
541 3674 758 3748 maraqrcandam
780 3673 869 3732 Voss.
894 3674 923 3730 2.
967 3675 1172 3732 Maracandum
1192 3671 1278 3729 etiam

79 3759 105 3816 d.
122 3767 197 3817 vett.
216 3759 305 3815 donec
321 3760 444 3816 correxit
458 3759 572 3816 Iunius.
706 3767 709 3773 '

127 3864 154 3936 S.
174 3860 226 3918 25.
270 3862 309 3918 ad
329 3861 457 3937 Tanaim]
482 3860 566 3918 Nihil
581 3860 733 3918 diversum
750 3870 866 3920 notetur
889 3881 905 3919 e
922 3861 1001 3918 Flor.
1024 3870 1053 3918 et
1074 3858 1278 3930 Bonnensibus,

79 3965 221 4023 ,amquam
238 3943 328 4003 Snek.
358 3947 467 4004 Tanain
484 3945 605 4021 scripsit.
622 3944 717 4005 Paris.
735 3946 768 4004 A
790 3947 907 4019 Tanain,
926 3947 975 4003 sed
992 3943 1045 4004 Βο
1067 3945 1193 4003 Tanaim.

126 4048 238 4190 §.223il
259 4049 441 4191 affluerunt]
457 4047 631 4108 ,enooluerunt
646 4047 740 4105 Paris.
759 4046 794 4122 C,
812 4051 970 4106 evaluerunt
986 4045 1136 4106 1101.οΗ
1150 4048 1238 4105 Bern.
1251 4045 1277 4103 B

79 4153 131 4193 nes.
230 4133 260 4191 't.
343 4178 350 4194 .

126 4234 204 4311 Cup.
223 4235 274 4308 29,
292 4236 318 4308 §-
339 4237 367 4294 1.
400 4235 575 4309 diruendam]
595 4235 778 4310 diripiendam
795 4234 874 4293 Flor.
888 4234 929 4305 A,
947 4235 1127 4293 dirimendam
1144 4234 1223 4293 Flor.
1236 4234 1277 4308 H,

79 4323 229 4399 apendarn
246 4319 335 4378 Voss.
354 4323 381 4379 1.
424 4321 632 4396 submovendae]
650 4320 868 4380 summovendum
885 4320 964 4377 Flor.
981 4321 1013 4378 H
1030 4322 1116 4379 Bern.
1134 4321 1170 4378 B.

126 4410 153 4482 5.
179 4407 210 4463 2.
247 4406 421 4482 Europaeos]
447 4407 595 4481 Europeae
616 4407 704 4464 Bern.
722 4407 755 4465 A
778 4406 855 4464 Flor.
873 4403 1065 4466 ACDEFGI
1089 4407 1277 4465 Leia-Voss.
1385 4436 1389 4445 ·
