2926 5174
425 314 475 364 nn
502 313 629 366 cssns
655 314 765 365 max.
792 312 900 383 IV,41.
1228 297 1300 368 121

33 507 122 596 parte
153 496 214 568 ad
248 487 378 594 ipsum
402 496 673 573 redundantem.
719 496 902 586 Crederes,
928 495 1178 571 Alexandrum
1204 501 1298 574 inter

36 632 101 681 suas
131 607 447 680 necessitudines
474 608 570 699 flere,
589 619 626 682 et
653 609 782 681 solatia
805 632 880 680 non
906 607 1085 699 adhibere,
1100 607 1165 681 sed
1191 636 1296 707 quae·

36 744 107 792 rere.
169 716 282 791 Cibo
315 729 409 792 certe
434 720 619 810 abstinuit,
645 744 859 816 omnemque
884 718 1058 793 honorem
1083 721 1208 812 funeri,
1235 747 1296 820 pa·

37 832 89 903 trio
121 827 351 902 Persarum
380 855 495 920 more,
530 829 707 919 servavit,
744 828 873 928 dignus
908 831 1069 920 hercule,
1104 832 1164 928 qui
1199 858 1295 905 nunc

38 964 168 1039 quoque
208 949 372 1012 tantum
397 950 433 1012 et
458 938 743 1013 mansuetudinis
771 952 808 1014 et
833 941 1073 1015 continentiae
1107 942 1200 1016 ferat
1224 945 1295 1016 sru-

13 1064 129 1126 uetum.
192 1046 335 1124 Semel
363 1052 504 1124 omnino
532 1077 612 1124 eam
638 1050 789 1143 viderat,
817 1075 888 1147 quo
916 1051 973 1125 die
999 1063 1105 1150 capta
1131 1066 1201 1145 est,
1228 1080 1294 1128 uec

39 1175 68 1237 ut
87 1165 217 1262 ipsam
228 1217 240 1251 ,
286 1161 357 1234 sed
381 1173 421 1234 ut
445 1161 555 1234 Darei
581 1172 734 1235 matrem
765 1162 920 1251 videret,
953 1164 1191 1260 eximiamque
1216 1165 1293 1262 pul·
1386 1153 1390 1159 Δ

40 1273 286 1347 chritudinem
323 1273 456 1346 formae
489 1273 564 1346 eius
595 1299 670 1346 non
702 1273 857 1346 libidinis
884 1272 1060 1347 habuerat
1084 1274 1293 1347 invitamen-

42 1394 111 1476 tum,
127 1384 199 1457 sed
231 1384 393 1483 gloriae.

12 1510 34 1561 a
122 1494 153 1568 E
184 1495 440 1594 spadonibus,
468 1495 528 1592 qui
555 1495 650 1569 circa
675 1495 835 1594 reginam
862 1507 974 1588 eraut,
994 1495 1179 1595 Tyriotes,
1198 1495 1341 1567 inter42

42 1606 328 1706 trepidationem
366 1607 561 1703 lugentium
601 1606 744 1703 elapsus
783 1632 848 1704 per
883 1633 962 1680 eam
993 1618 1152 1706 portam
1188 1631 1289 1702 quae,

39 1719 102 1814 quia
126 1719 178 1791 ab
210 1719 340 1790 hoste
366 1741 492 1790 aversa
517 1728 610 1807 erat,
646 1717 760 1790 levius
787 1718 1072 1807 custodiebatur,
1107 1714 1154 1789 ad
1181 1715 1289 1790 Darei

39 1840 139 1903 rastra
176 1829 389 1928 pervenit,
420 1839 664 1927 exceptusque
690 1852 712 1899 a
737 1827 920 1925 vigilibus,
954 1828 993 1899 in
1019 1828 1291 1901 tabernaculum

11 1957 29 2006 u
39 1943 111 2042 regis
138 1940 390 2041 perducitur,
415 1964 560 2037 gemens
588 1949 625 2012 et
651 1949 753 2012 veste
779 1938 947 2010 lacerata.
1000 1934 1115 2026 Quem
1141 1950 1183 2011 ut
1209 1965 1290 2011 con-

39 2056 139 2151 spexit
167 2052 349 2140 Dareus
369 2051 551 2149 multiplici
578 2050 711 2123 doloris
739 2048 989 2145 expectatione
1015 2059 1225 2138 commotus,
1253 2060 1290 2122 et

41 2166 106 2260 quid
129 2164 389 2263 potissimum
414 2162 565 2251 timeret,
592 2161 759 2249 incertus,
796 2158 924 2249 Vadas,
950 2158 1074 2256 inquit,
1093 2161 1290 2236 amnestia

42 2277 109 2373 prod
132 2277 271 2376 inperia
303 2273 431 2346 ntalem
450 2275 614 2374 praefert,
648 2273 709 2345 sed
741 2296 820 2346 aava
844 2270 961 2344 miseri
984 2270 1126 2344 maian
1152 2273 1290 2346 aaribas

38 2410 164 2482 parcas.-
204 2383 334 2460 didiai
364 2408 431 2457 esse
461 2383 594 2482 infelir,
629 2395 660 2455 et
691 2407 789 2479 saepe
823 2381 1020 2455 calamitatis
1053 2382 1206 2457 solatiam
1241 2397 1290 2458 est

10 2507 115 2573 amesa
141 2511 284 2572 sortem
314 2519 421 2566 auam.
472 2493 587 2585 Nam,
621 2494 709 2594 qaod
733 2492 878 2566 macinae
903 2494 1055 2591 maspiter
1080 2507 1110 2567 at
1135 2494 1226 2595 loqui
1250 2496 1287 2568 ti·

44 2633 111 2702 mo,
136 2604 310 2683 ludibria
336 2629 483 2678 amarum
508 2604 721 2678 mandatariis
746 2629 798 2695 aa,
824 2603 909 2676 milti
932 2617 975 2695 et,
1002 2617 1039 2677 at
1063 2605 1176 2696 erede,
1203 2606 1289 2704 r'psis

11 2725 151 2820 llpmqroe
189 2713 301 2793 mmai
339 2712 482 2788 attera
522 2714 709 2813 suppleam?
755 2713 815 2786 Ad
849 2715 938 2786 haee
973 2713 1156 2813 Tyriotes,
1190 2717 1289 2790 Istud

47 2831 161 2927 pardem
201 2823 348 2927 proceri
384 2825 487 2916 abest,
534 2825 665 2921 inquit:
713 2838 984 2926 quantascunque
1027 2823 1115 2896 anim
1161 2827 1287 2924 rapinis

72 2998 93 3060 S.
107 3003 147 3050 23.
190 3001 311 3049 tantum
340 2997 364 3041 et
388 2992 594 3044 mansuetudinis
618 2993 652 3060 et]
722 2989 915 3059 Cap.42,§.25.
928 2989 1057 3057 Tyriotes]
1067 2987 1203 3042 Plutarch.
1212 2988 1291 3043 Alex.

50 3061 154 3115 Alterum
170 3073 194 3117 et
213 3055 324 3115 addidi
346 3073 380 3108 ex
400 3059 462 3113 meis
479 3058 551 3112 libris
569 3058 652 3112 omni·
686 3075 708 3112 c.
721 3065 754 3112 30
776 3063 878 3128 Τίρεως
895 3063 923 3108 et
944 3062 1074 3126 Τείρειοςι
1092 3055 1152 3109 libri
1171 3056 1292 3110 Curtiani

52 3127 104 3197 bus,
121 3131 202 3185 habet
223 3127 323 3183 etiam
346 3125 478 3180 Modiana
518 3127 652 3181 Snalrenb.
687 3144 740 3202 non
757 3125 871 3191 variant,
889 3131 994 3177 tantum
1010 3122 1082 3175 Flor.
1101 3124 1125 3176 Ε
1146 3125 1290 3194 Tyriotlres,

52 3195 80 3248 de
94 3197 141 3251 suis
156 3216 208 3253 non
226 3201 427 3252 commemorat
444 3195 493 3248 nisi
501 3195 652 3263 Vossianus,
687 3194 713 3248 G
733 3196 855 3247 Tiriotes.

51 3266 181 3321 utfflld‘
199 3269 308 3321 abeffle
329 3272 352 3314 α
370 3263 652 3318 debeamumniioeoe‘
722 3299 745 3364 §.
764 3303 805 3350 26.
832 3297 918 3349 vultus
936 3295 1021 3364 inquit
1038 3295 1127 3416 musi}
1146 3292 1191 3348 Sic
1208 3294 1292 3348 nostri

50 3333 145 3389 Tss'llm
167 3337 209 3390 &ll
228 3334 250 3388 l·
273 3349 300 3385 θ’
330 3338 455 3400 quantum
472 3332 496 3385 el
514 3348 584 3384 ΜΟ
602 3332 653 3403 ipsi
687 3382 776 3419 omnes
794 3372 901 3434 praeter
919 3362 990 3416 Flor.
1008 3363 1037 3416 H
1058 3371 1086 3416 et
1129 3364 1225 3416 ern.B
1246 3362 1292 3432 qui

46 3401 390 3537 m}⁰¹ffi¹¹⁸·invimmemum
411 3467 443 3520 M
443 3468 486 3522 odi
488 3466 517 3522 [fs
543 3486 577 3522 ex
601 3468 654 3522 suis
687 3434 813 3503 vulgatae
826 3434 1017 3512 mltastausia
1036 3432 1186 3512 uitfavent
1203 3435 1292 3513 'Acce-

42 3512 149 3610 optffl·
158 3541 246 3596 codd·
276 3533 365 3589 edidit
389 3554 436 3606 pm
458 3537 530 3607 ηιξ.
559 3539 654 3590 incim-
688 3502 755 3556 dunt
772 3503 847 3556 nobis
864 3501 938 3554 Lerd.
956 3508 984 3553 et
1033 3500 1128 3554 odrana
1145 3501 1235 3556 editio.

40 3619 156 3677 meatum,
176 3610 274 3661 habet
296 3618 333 3655 ue
350 3613 467 3658 auctores
484 3605 559 3658 Leid.
578 3606 654 3659 Voss.
723 3606 806 3658 didici
824 3622 879 3657 essa
897 3605 1001 3672 infelix]
1022 3602 1105 3656 Omisi
1123 3621 1182 3656 cum
1199 3603 1292 3659 Medio

41 3682 125 3731 lete
142 3675 257 3732 nostris
307 3688 362 3724 ern.
383 3674 408 3725 A
424 3673 495 3727 Flor.
513 3673 562 3727 Ac
581 3691 597 3726 a
614 3692 653 3743 pr.
689 3674 760 3741 quod
781 3673 809 3725 in
832 3671 1005 3745 deterioribus
1024 3672 1099 3724 codd.
1118 3679 1147 3724 et
1164 3688 1198 3724 ex
1216 3672 1246 3725 iis
1264 3673 1292 3725 in

40 3760 70 3797 n.
86 3744 110 3799 G
126 3755 157 3800 et
176 3746 224 3810 B,
246 3741 293 3795 ita
311 3747 399 3792 tamen
415 3742 501 3808 hunc,
525 3749 556 3794 ut
574 3741 653 3795 etiam
687 3741 746 3793 edd.
765 3740 888 3794 adiicitur
905 3742 981 3794 enim.
1005 3740 1049 3793 De
1066 3739 1162 3793 nostris
1179 3759 1232 3794 non
1251 3749 1293 3794 est

40 3811 115 3867 altera
139 3813 236 3868 lectio
271 3825 329 3860 uno
354 3815 444 3862 tenore
472 3826 531 3862 cum
559 3810 653 3863 ceteris
687 3808 715 3862 in
738 3809 819 3863 Bern.
845 3811 871 3862 A
895 3808 966 3863 Flor.
990 3804 1120 3875 ABDFI,
1151 3825 1201 3860 nec
1223 3808 1292 3861 ullus

40 3881 166 3954 adscripta
191 3881 242 3934 sit.
284 3875 423 3929 Poteritne
448 3895 512 3931 vero
538 3877 653 3931 dubitari
688 3877 769 3931 Snak.
788 3879 877 3931 habet.

39 3956 121 4004 mmm
146 3943 328 4004 vocabfflum
348 3945 431 4015 mgis
457 3947 490 3998 ad
507 3947 654 3999 mationem
722 3983 745 4059 ᾗ.
763 3987 805 4034 27.
824 3998 884 4033 num
903 3980 982 4058 qaod]
1002 3976 1074 4032 Olim
1092 3982 1154 4029 ante
1171 3973 1292 4028 lllodium

40 4017 183 4089 vulgarem,
196 4032 260 4086 qua
271 4021 430 4068 correctores
439 4022 560 4082 utuntur,
579 4030 653 4067 acce·
688 4048 730 4100 effi
747 4049 850 4103 solebat
867 4049 994 4116 numqmd
1011 4048 1092 4114 quod,
1111 4042 1157 4096 sed
1174 4041 1202 4094 in
1219 4042 1291 4097 Epor·

40 4079 364 4224 inignffiegiiurlioaledie
384 4084 654 4204 inditindiiipidiiid’
688 4116 790 4253 311133οῖ
808 4124 849 4169 est
866 4116 1007 4184 auorqaid,
1025 4112 1057 4183 in
1074 4111 1147 4165 nullo
1165 4113 1294 4180 nurrrquid

41 4233 155 4276 mum.
181 4219 253 4274 Nee
274 4216 347 4285 apud
364 4216 514 4272 Ciceronem
531 4238 556 4300 p.
574 4219 654 4272 Arch.
1147 4268 1151 4276 ,

44 4294 74 4340 lt
88 4293 133 4344 loc
144 4287 273 4359 (gloria)
285 4286 424 4338 maximam
441 4297 464 4339 et
476 4289 655 4356 periculorum
722 4288 792 4339 omni
815 4286 933 4338 tristiora
956 4284 1085 4354 supplicio
1113 4299 1203 4334 omnes
1230 4281 1290 4334 libri

46 4355 243 4411 incitamentum
270 4360 311 4404 est
338 4361 360 4404 et
381 4356 495 4408 laborum
514 4355 654 4426 quicquam
688 4364 804 4420 veteres,
823 4352 888 4406 editi
905 4360 1012 4422 praeter
1029 4350 1184 4404 Modianum
1202 4365 1291 4402 exem-

45 4427 208 4479 mutandum.
687 4423 745 4494 plar
759 4423 894 4494 praviora.
