2926 5174
111 297 184 370 286
331 314 363 377 Q·
392 312 516 366 ounrn
541 313 626 364 aum
651 312 700 362 rm
728 310 854 362 oasms
880 310 988 362 anax.
1015 311 1066 379 v1,
1092 307 1134 356 44.

113 500 225 598 signo,
253 499 349 572 saxis
376 499 495 572 obruti
522 508 614 571 sunt.
655 495 787 594 Magno
814 523 886 569 non
913 498 1046 587 salutis,
1074 495 1138 569 sed
1164 494 1260 567 etiam
1278 493 1347 562 into

110 612 227 684 vidiae
253 611 410 708 periculo
436 611 607 683 liberatus
640 619 717 682 erat
742 606 967 699 Alexander,
1003 608 1133 706 quippe
1159 604 1315 678 Parmenio

75 773 78 777 -
113 733 149 795 et
180 721 355 813 Philotas,
389 723 565 821 principes
603 722 813 811 amicorum,
844 722 911 793 nisi
946 721 1065 819 palam
1097 728 1229 808 sonteS,
1262 717 1315 789 sino

111 833 355 931 indignatione
382 834 492 906 totius
520 832 696 906 exercitus
723 858 796 904 non
828 834 1030 931 potuissent
1056 830 1222 903 damnari.
1266 826 1348 898 lta-o

114 970 182 1042 que
218 970 348 1043 anceps
385 945 544 1043 quaestio
576 944 661 1016 fuiti
692 942 778 1015 dum
813 944 986 1018 infitiatus
1013 955 1068 1018 est
1092 944 1240 1031 facinus,
1262 964 1317 1012 om·

114 1056 240 1130 deliter
274 1058 432 1154 torqueri
466 1056 671 1146 videbatur,
704 1065 787 1152 post
820 1057 1076 1131 confessionem
1111 1052 1262 1127 Philotas
1286 1077 1318 1123 no

114 1168 309 1240 amicorum
336 1166 480 1265 quidem
504 1166 781 1241 misericordiam
807 1169 944 1240 meruit.
1136 1159 1138 1164 ’

111 1367 148 1424 ris
167 1371 300 1424 custodem
318 1369 412 1423 summi
429 1368 539 1438 ordinis,
558 1370 574 1422 i.
593 1387 615 1425 e.
633 1387 713 1422 unum
748 1368 818 1422 benii
836 1370 1012 1425 coniecturam
1029 1371 1056 1423 in
1073 1369 1172 1424 Electis
1191 1386 1213 1424 e.
1230 1376 1258 1423 33
1277 1383 1319 1437 pro·

112 1440 145 1492 de
162 1447 264 1510 septem
283 1439 327 1519 qui
346 1438 584 1509 σωματοφύλακες
598 1439 713 1510 appella·
749 1438 817 1504 bavi,
836 1442 883 1492 sed
900 1441 976 1493 etiam
993 1441 1115 1493 invidiae.
1151 1438 1222 1492 Dicit
1239 1434 1319 1490 Curtius

112 1509 218 1575 bantur,
236 1508 363 1560 Arrianus
381 1522 423 1570 111,
439 1515 471 1561 27
489 1516 558 1561 extr.
576 1527 629 1562 non
647 1516 713 1574 tum,
748 1524 838 1577 regem
855 1508 883 1560 in
900 1508 1016 1579 periculo
1032 1508 1175 1562 fuissenon
1186 1506 1268 1559 salutis
1282 1504 1319 1556 siro

113 1578 159 1628 sed
179 1576 257 1647 paulo
285 1583 361 1646 post,
391 1593 449 1629 cum
472 1576 624 1629 Alexander
644 1576 715 1629 inter
748 1575 827 1643 vitae,
846 1578 879 1628 de
896 1596 948 1649 quo
966 1577 1073 1648 quidem
1084 1595 1138 1631 non
1148 1577 1241 1629 attinet
1249 1574 1318 1650 dicero,

113 1646 259 1715 Euergetas
276 1653 433 1711 versaretur,
453 1646 667 1714 comprehensum
686 1652 715 1698 et
749 1646 794 1697 sed
818 1647 915 1713 famae,
939 1647 1022 1700 bonae
1045 1644 1255 1709 existimationis,
1277 1657 1319 1717 qut

80 1739 82 1744 ·
113 1730 220 1766 munere
243 1713 401 1766 destitutum
429 1722 562 1784 tamquam
584 1714 715 1768 conscium
749 1731 839 1767 omnes
857 1731 917 1767 eum
934 1715 994 1769 odio
1012 1715 1123 1768 fuissent
1147 1713 1268 1778 babituri,
1287 1709 1319 1761 nio

113 1783 216 1836 sceleris
225 1781 321 1835 tradit:
336 1782 364 1834 in
373 1781 444 1834 cuius
453 1781 539 1835 locum
547 1781 715 1835 Ptolemaeus
748 1782 840 1835 ultima
858 1783 984 1836 confessio
1003 1800 1106 1837 reorum
1115 1781 1265 1836 accessisset.
1285 1777 1320 1829 Pc-

113 1851 179 1921 Lagi
199 1848 407 1921 σωματοφύλαξ
424 1850 575 1903 nominatus
593 1861 641 1904 est.
748 1851 859 1905 siculum
876 1851 967 1905 salutis
984 1851 1060 1906 aliter
1076 1851 1258 1920 dicituratque
1271 1845 1320 1917 peri·

148 1926 173 1986 s.
185 1927 227 1974 39.
244 1938 297 1972 non
309 1921 412 1986 solatis,
432 1923 480 1972 sed
495 1921 572 1972 etiem
586 1921 713 1990 invidiae]
749 1920 835 1973 culum
852 1920 978 1982 invidiae,
997 1922 1043 1974 sed
1060 1919 1190 1990 genitivus
1207 1920 1233 1971 in
1249 1915 1321 1970 Latino

115 1988 256 2043 Omisimus
278 1991 368 2054 modo,
399 1989 471 2057 quod
496 1988 576 2057 vulgo
600 1986 714 2053 additur,
750 2005 869 2042 sermone
886 1988 1006 2043 latiorem
1025 1989 1152 2043 ambitum
1169 1988 1247 2040 habet
1265 2000 1321 2056 quam

114 2077 166 2111 non
183 2061 259 2110 modo
276 2058 384 2123 solutis,
408 2060 456 2109 sed
471 2059 556 2110 etiam.
591 2057 663 2109 Nam
680 2056 716 2109 sic
749 2057 777 2109 in
794 2057 992 2125 recentioribus,
1011 2065 1150 2129 potestque
1164 2056 1256 2109 Latine
1269 2059 1321 2106 rate

114 2126 219 2196 quidem
236 2125 263 2177 in
281 2125 353 2178 nullo
378 2143 424 2177 ms.
442 2133 496 2190 est,
523 2127 569 2178 sed
590 2125 633 2196 qui
656 2125 716 2178 libri
751 2134 780 2178 ct
797 2127 931 2197 eleganter
949 2126 1070 2197 coniungi
1094 2127 1166 2197 quod
1187 2141 1220 2178 ne
1242 2121 1322 2176 amota

114 2197 189 2246 modo
212 2194 325 2258 habent,
348 2193 424 2263 pauci
465 2193 554 2246 uidem
574 2211 623 2247 noo
643 2193 715 2258 boni,
751 2195 777 2246 in
800 2195 918 2265 periculo
940 2195 974 2249 ais
996 2203 1024 2248 et
1045 2212 1079 2248 ne
1101 2193 1257 2249 nanciscere.
1285 2187 1322 2242 sed

116 2264 148 2314 dc
166 2261 261 2315 nostris
288 2261 360 2314 Flor.
377 2211 482 2327 bufli,
509 2261 527 2314 ii
548 2281 600 2315 oria
621 2265 715 2315 solatis
750 2264 838 2317 nescio
864 2282 898 2317 an
924 2281 955 2318 ea
981 2263 1039 2335 ipsa
1064 2263 1212 2334 proprietas
1237 2255 1322 2313 librarlo

115 2333 190 2383 modo
207 2332 255 2383 sed
271 2331 338 2382 vitoe
356 2329 491 2381 exhibent.
514 2330 610 2384 Omitti
628 2339 716 2384 autem
751 2332 939 2403 inexplicabilis
961 2331 1017 2386 visa
1039 2332 1088 2400 sit,
1116 2338 1271 2402 quapropter
1291 2341 1322 2378 suo

116 2402 190 2452 modo
207 2398 287 2450 etiam
298 2398 342 2450 ubi
353 2405 477 2467 sequatur
494 2402 635 2465 sedetiam,
654 2418 716 2470 pro-
750 2401 839 2454 Marta
857 2410 1034 2455 correxerunt.
1312 2463 1315 2473 Ι

115 2469 163 2521 bat
180 2466 248 2519 Livii
269 2465 342 2518 loeus
367 2481 473 2532 xxvru,
493 2473 522 2519 11
542 2476 609 2520 extr.
633 2471 716 2521 itaut
785 2473 808 2536 ξ,
826 2477 867 2523 40.
894 2470 1005 2523 Poene
1022 2472 1163 2522 canicorum
1182 2469 1276 2537 quidem
1289 2482 1322 2515 mr·

116 2554 169 2588 oon
181 2537 295 2605 proedo,
313 2537 361 2587 scd
377 2538 473 2588 morati
490 2553 588 2606 quoque
601 2539 629 2589 io
643 2539 715 2606 pem'-
750 2540 928 2591 sericorda'am.
954 2538 1013 2591 Hoc
1031 2546 1071 2591 est
1084 2539 1117 2590 ab
1125 2537 1204 2603 Aldu,
1222 2536 1263 2588 sed
1277 2549 1322 2584 non·

117 2606 174 2657 calo
185 2605 299 2673 fuerint.
318 2603 358 2655 cf.
368 2602 448 2655 etiam
465 2622 543 2674 supra
560 2623 581 2658 c.
592 2612 624 2659 35
634 2605 715 2676 princ.
752 2608 813 2658 dum
834 2607 971 2678 quisquam
992 2624 1026 2659 ex
1043 2607 1163 2661 codicum
1184 2604 1255 2658 tricis
1273 2599 1323 2679 quod

117 2673 171 2727 Sed
189 2671 319 2725 difficilius
336 2679 377 2725 est
392 2673 496 2741 quodin
507 2674 628 2727 omuibus
645 2673 718 2727 libris
751 2675 843 2728 melius
860 2683 933 2746 esset*
949 2675 1116 2744 excogitavit.
1151 2675 1202 2728 Est
1218 2680 1293 2729 autem
1305 2685 1323 2720 ¹1¹

117 2750 167 2807 est,
186 2744 234 2795 sed
250 2743 325 2794 etiam
344 2743 425 2793 vitea·
445 2741 515 2794 Nam
527 2743 595 2796 salus
613 2742 718 2813 quidem
751 2744 821 2797 Flor.
845 2744 871 2796 A
898 2762 978 2814 neque
1004 2746 1081 2797 etiam
1110 2745 1179 2796 Poll.
1211 2743 1323 2796 amicam

117 2812 174 2864 vita
189 2818 237 2878 est,
255 2826 304 2865 nec
320 2808 477 2879 intelligitur
493 2813 565 2880 quod
581 2811 719 2865 discrimen
752 2815 975 2880 misericordiam,
1000 2813 1029 2865 in
1056 2813 1129 2867 Flor.
1153 2812 1176 2864 B
1203 2807 1323 2885 ceterisque

118 2881 144 2934 h.
161 2879 180 2934 l.
199 2880 330 2932 intereas
348 2887 487 2932 statuatur.
514 2879 645 2950 Equidem
660 2898 719 2933 eum
753 2880 872 2935 omnibus
894 2884 971 2936 etiam
988 2898 1068 2952 oeque
1085 2882 1206 2936 Philotas
1224 2898 1268 2934 am.
1282 2890 1323 2929 nu.

118 2947 299 3005 Freinshemio
325 2955 354 3001 et
376 2947 543 3002 Sehmiedero
565 2948 640 3003 Petri
662 2949 717 3002 Ru·
753 2952 853 3004 nwroo't.
