2926 5174
189 287 266 358 Υ112
668 300 702 362 o.
731 300 855 351 curru
880 300 965 351 uum

194 490 315 585 omnia
340 488 616 584 longinquarum
643 484 809 581 gentium
843 482 976 554 auxilia
1001 481 1246 580 Babyloniam
1284 487 1431 558 contrahi

192 601 307 673 iussit.
353 598 535 670 Bactriani
563 592 790 694 Scythaeque
823 603 859 665 et
892 591 973 664 Indi
999 600 1271 679 convenerunt:
1300 619 1382 667 nam
1404 608 1432 670 et

193 722 395 784 ceterarum
413 709 575 806 gentium
595 707 718 803 copiae
737 703 900 802 partibus
924 703 1030 784 simul
1050 704 1249 777 affiserrmt.
1279 703 1452 781 Ceterums

193 847 276 893 cum
302 819 448 893 dimidio
474 821 587 894 ferme
613 818 726 890 maior
753 827 850 890 esset
874 816 1225 912 exercitia-,squam
1259 816 1301 889 in
1329 815 1430 892 Cilicia

191 933 330 1022 luerat,
366 930 487 1003 multis
514 954 615 1001 arma
642 929 809 1017 deerant,
845 952 936 1023 quae
970 952 1108 1000 summa
1143 953 1236 1007 cura
1264 953 1429 1027 compara·

192 1043 334 1116 bantur.
388 1039 576 1139 Equitibus
604 1040 775 1138 equisque
801 1049 1010 1136 tegumenta
1036 1049 1139 1111 arant
1166 1064 1219 1111 ex
1244 1041 1372 1113 ferreis
1393 1043 1429 1114 la·

191 1154 297 1226 minis
325 1152 415 1225 serie
442 1153 536 1225 inter
562 1177 601 1226 se
627 1151 819 1225 connexis:
847 1152 934 1248 quis.
952 1159 1064 1224 anam
1082 1159 1234 1247 praeter
1257 1151 1374 1226 iacula
1391 1153 1428 1225 ni·

192 1265 254 1355 hil
288 1262 455 1354 dederat,
501 1274 603 1337 scuta
646 1263 825 1362 gladiique
869 1261 1159 1341 adliciebantura-
1196 1283 1448 1362 equorumquer

191 1374 362 1449 domandi
388 1399 515 1471 greges
542 1374 723 1472 peditibus
751 1373 933 1446 distributi
959 1383 1052 1463 sunt,
1078 1383 1130 1444 ut·
1146 1374 1270 1447 maior
1297 1377 1428 1473 pristina

191 1497 288 1562 esset
314 1487 512 1581 equitatus:
546 1487 761 1584 ingensque,
790 1496 831 1557 ut
865 1483 1082 1574 crediderat,
1098 1522 1102 1526 ·
1118 1484 1288 1558 hostium
1321 1498 1427 1577 terror,

196 1596 373 1668 ducentae
399 1596 550 1669 falcatae
577 1596 786 1695 quadrigae,
813 1596 958 1669 unicum
983 1596 1137 1668 illarum'
1145 1599 1323 1694 'gentium
1348 1600 1427 1671 auxi

191 1708 294 1798 lium,
330 1717 475 1779 secutae
511 1716 605 1780 sunt.
657 1706 715 1780 Ex
747 1733 886 1782 summo
919 1719 1065 1781 temone
1079 1708 1231 1807 bastae·
1254 1711 1444 1808 praefixam

189 1820 285 1893 ferro
312 1818 533 1909 eminebant,
561 1819 741 1917 utrimque
768 1846 790 1893 a
816 1820 900 1918 iugo
927 1831 1049 1893 ternos
1077 1818 1270 1895 direxerat
1297 1822 1426 1920 gladios

188 1931 283 2003 inter
309 1928 429 2002 radios
455 1940 618 2002 rotarum
643 1932 748 2029 plura
775 1932 911 2030 spicula
937 1932 1142 2004 eminebant
1167 1932 1210 2004 in
1238 1933 1425 2022 adversum,
1459 2012 1461 2033 Ε

187 2041 278 2114 aliae
312 2040 442 2115 deinde
467 2042 575 2114 falces
610 2042 757 2116 summis
789 2051 951 2115 rotarum
982 2042 1128 2114 orbibus
1156 2043 1379 2136 haerebant,
1401 2055 1426 2118 et
1459 2038 1461 2055 '

186 2154 277 2225 aliae
303 2153 340 2223 in
366 2163 500 2224 terram
527 2151 727 2244 demissae,
751 2151 917 2250 quicquid
945 2153 1091 2226 obvium
1118 2157 1316 2231 concitatis
1345 2159 1423 2255 equis

185 2263 327 2354 fuisset,
355 2274 615 2361 amputaturae.

187 2497 230 2550 alii
249 2498 330 2550 etiam
357 2497 440 2566 (Flor.
462 2498 515 2550 ΕΗ
537 2506 566 2551 et
582 2497 664 2551 Bern.
680 2498 705 2551 B
723 2516 740 2552 a
756 2517 791 2551 m.
827 2498 961 2552 Snakenb.
979 2505 1008 2551 et
1024 2496 1121 2551 nostris
1139 2498 1418 2567 Bernnrlorsssc,

186 2571 311 2635 correct.)
338 2568 441 2619 addunt
466 2570 584 2621 steuuior
606 2584 648 2632 eo,
671 2566 742 2620 Flor.
768 2566 790 2621 C
827 2567 895 2621 sicut
912 2585 991 2637 supra
1009 2575 1049 2620 est
1068 2569 1176 2620 dederat
1196 2588 1250 2640 pro
1263 2584 1300 2626 'co
1317 2572 1419 2642 quodest

187 2645 282 2704 quauta
299 2638 431 2688 strenuius
449 2653 477 2688 ec
495 2646 569 2688 esset.
605 2635 733 2705 Princeps
750 2643 792 2688 ta-
826 2636 884 2688 dari
901 2636 1019 2689 iusserat.
1038 2635 1108 2687 Tum
1122 2646 1146 2688 et
1161 2639 1263 2692 sustuli
1278 2639 1418 2711 quodvulga

184 2720 246 2754 men
264 2704 351 2757 editor
372 2721 429 2757 rem
454 2703 595 2757 intellexit.
633 2703 689 2757 Cic.
707 2705 791 2774 Apud.
826 2704 924 2773 legitur
942 2713 1005 2757 ante
1022 2706 1090 2756 inter
1107 2707 1218 2772 radios,
1239 2710 1307 2778 quia
1323 2710 1349 2762 in
1364 2707 1418 2761 nullo

183 2785 216 2837 11,
236 2778 283 2839 26,
303 2779 334 2826 83
353 2773 436 2824 videte
455 2791 532 2840 quam
549 2775 578 2825 iu
590 2790 678 2841 parco
696 2775 730 2826 lis
747 2775 790 2826 sit.
827 2773 885 2826 cod.
903 2791 950 2825 ms.
977 2779 1054 2824 extat
1071 2788 1119 2824 nec
1136 2773 1319 2831 desideratur.
1352 2775 1417 2831 Codd

183 2840 286 2893 Eadem
303 2848 344 2893 est
361 2857 403 2892 res
424 2840 452 2893 in
474 2842 582 2895 adverb.
601 2851 672 2893 tam:
694 2841 791 2894 irtrius·
825 2841 897 2894 Flor.
924 2839 1039 2894 DEFGI
1063 2842 1179 2909 pladios.
1233 2847 1312 2899 Inter
1333 2847 1417 2916 piadios

184 2925 237 2978 que
260 2909 407 2978 particulae
429 2910 463 2963 ab
481 2909 611 2963 adiectivo
629 2927 677 2962 suo
695 2909 791 2963 direm-
826 2920 962 2976 rotarum,
983 2909 1054 2980 quod
1079 2910 1209 2964 mendum
1232 2914 1335 2982 effecit,
1358 2921 1383 2966 ut
1396 2919 1416 2964 ct

183 2985 249 3046 ptae
265 2977 387 3047 exempla
404 2985 506 3045 extant,
525 2986 565 3032 ut.
580 2977 651 3030 infra
668 2985 790 3044 c.·43,4
826 2978 965 3032 omissione
995 2986 1023 3030 et
1054 2976 1206 3032 adiectione
1241 2979 1414 3047 verbonmin
1458 3030 1461 3051 ἔ

183 3056 237 3098 tam
254 3048 288 3099 ab
306 3048 390 3099 amico
408 3049 504 3100 auimo.
640 3081 645 3102 =.
670 3058 676 3067 ⁴
826 3048 885 3099 edd.
903 3046 1037 3100 veteribus
1054 3056 1221 3116 peccaretur.

217 3116 395 3183 Babyloniam
417 3117 558 3182 contrabit]
599 3114 652 3168 Hic
673 3114 791 3185 plerique
860 3118 968 3168 suasuris
985 3125 1102 3168 rotarum
1120 3118 1247 3199 orbibus]
1269 3119 1315 3175 Sic
1330 3117 1415 3173 Mallius

182 3183 260 3236 codd.
277 3184 337 3235 Bab
356 3184 466 3245 ioniam,
493 3183 562 3237 sicut
587 3183 667 3251 vulgo
693 3183 789 3248 editur,
825 3183 1023 3250 emembrsnis,
1041 3193 1072 3235 ut
1086 3183 1132 3249 ait,
1151 3185 1272 3256 scripsit,
1287 3193 1415 3243 comantes

204 3258 292 3303 raeter
313 3201 385 3304 Fior.
403 3250 496 3304 DFGl
522 3250 568 3322 qui
593 3251 726 3305 Babiloaa
743 3261 791 3305 aut
825 3271 874 3324 pro
899 3254 1007 3306 summis
1028 3252 1163 3320 legeretur
1185 3257 1345 3311 submissae.
1377 3254 1415 3307 list

210 3320 326 3371 abillcua
344 3319 506 3388 praeferunt.
541 3317 611 3371 Vide
628 3320 662 3371 ad
676 3334 723 3385 111,
741 3329 767 3374 4.
825 3338 889 3375 sane
905 3323 1013 3375 summis
1030 3320 1058 3372 in
1075 3319 1262 3392 Flor.DFGI,
1281 3326 1311 3380 in
1327 3321 1414 3393 reliquii

219 3388 242 3452 §.
261 3392 285 3438 3.
321 3388 479 3456 tepumeata]
497 3386 571 3439 Leid.
589 3389 665 3439 Voss.
686 3395 698 3439 1
718 3389 789 3442 Flor.
824 3390 896 3443 Flor.
918 3397 946 3442 et
967 3398 1081 3458 utroque
1106 3387 1189 3444 Beru.
1214 3401 1245 3445 et
1263 3394 1413 3449 Snulrenbur·

182 3454 209 3504 A
226 3453 307 3506 Bern.
326 3455 352 3506 Α
370 3456 521 3524 tepimenta,
540 3453 611 3506 Flor.
629 3454 683 3507 ΕΗ
708 3456 788 3510 Bern.
824 3459 908 3528 gianis
931 3466 971 3512 est
993 3458 1146 3511 summissae
1169 3469 1220 3514 aut
1247 3464 1290 3532 (in
1307 3458 1412 3524 Flore)

182 3519 206 3573 Β
234 3531 372 3591 aequente.
409 3522 486 3575 :Mox
517 3524 623 3576 muccis
657 3523 738 3578 Bern.
763 3528 790 3579 A
824 3529 977 3581 submissae.
995 3526 1057 3579 Nec
1073 3532 1162 3580 tamen
1180 3546 1237 3583 non
1294 3531 1331 3585 tui
1347 3524 1412 3584 Medii

180 3587 254 3642 Flor.
271 3590 331 3644 Ac.
824 3595 948 3650 iudicium
962 3596 1081 3666 probare,
1101 3603 1129 3648 et
1142 3613 1230 3650 cume
1267 3599 1412 3653 emsa-ibere

216 3661 240 3721 §-
259 3666 289 3711 ·4.
329 3659 443 3713 hostium
471 3662 567 3730 terror]
612 3658 671 3714 Hoc
697 3662 789 3716 ordine
825 3666 967 3728 demissae,
1001 3680 1159 3734 quamquam
1179 3665 1234 3720 hoc
1256 3686 1313 3723 non
1334 3666 1412 3736 regim

176 3741 269 3779 omnes
297 3725 385 3780 nostri
405 3739 444 3781 ⁴et
470 3727 544 3797 Mod
558 3727 661 3795 seditio.
700 3732 790 3803 Vulgo
824 3732 874 3786 nisi
890 3733 919 3786 in
935 3733 1006 3786 Flor.
1023 3732 1050 3783 D
1068 3740 1097 3784 et
1114 3749 1148 3784 cx
1163 3749 1234 3788 corr.
1252 3735 1282 3790 in
1300 3738 1332 3790 E.
1354 3733 1412 3789 Alias

175 3803 263 3847 terror
279 3796 402 3851 bostiam.
425 3841 428 3847 .
487 3860 489 3865 Ι
540 3826 543 3833 ·
823 3801 903 3855 falces
920 3819 954 3854 ex
972 3800 1079 3855 orbibus
1095 3809 1217 3856 rotarum
1238 3807 1375 3871 extabant,
1389 3806 1411 3853 ut

212 3864 235 3930 ξ.
257 3870 280 3918 5.
294 3866 540 3946 praesiccaferra]
555 3866 647 3920 codd.
660 3876 689 3920 et
703 3868 785 3926 Snak.
823 3869 900 3922 simul
917 3889 977 3924 cum
994 3868 1097 3939 spiculis
1112 3868 1183 3924 inter
1195 3881 1272 3927 rotas
1286 3874 1411 3928 lacerarent

172 3937 204 3984 et
222 3941 306 3987 nostri
324 3951 418 3990 omnes
436 3932 545 4007 prieter
561 3935 633 3989 Flor.
653 3935 693 3988 GI
704 3957 787 4006 prae·
824 3937 949 4009 quicquid
967 3957 983 3991 a
999 3939 1083 3991 latere
1099 3947 1180 4006 esset3
1200 3941 1269 3994 aliae
1287 3942 1353 3996 infra
1366 3955 1410 3994 car·

65 4022 68 4027 ·
165 4001 227 4068 fixa
245 4005 340 4072 serra,
371 4012 399 4058 et
430 4006 592 4074 recepissem
620 4006 787 4060 auctoritatis
821 4025 881 4061 rum
907 4008 1030 4063 deorsum
1060 4009 1217 4076 spectabant
1252 4016 1313 4076 (eae
1341 4016 1410 4063 autam

176 4086 256 4122 causa
278 4074 308 4125 ni
330 4073 365 4124 de
387 4072 597 4145 ususcapione
618 4073 703 4127 nostri
724 4093 785 4129 con·
821 4082 885 4128 suut
902 4078 930 4129 iu
948 4088 1042 4130 terram
1060 4077 1190 4130 demissae
1207 4096 1263 4133 non
1281 4075 1409 4155 dimissas),

178 4145 265 4191 staret
281 4141 351 4194 locis
365 4140 494 4195 similibus
512 4158 556 4210 111,
575 4149 602 4208 4,
623 4149 635 4194 7
654 4151 683 4196 et
700 4149 725 4210 8,
744 4151 785 4198 20.
821 4151 853 4197 ut
871 4144 955 4215 siqui
973 4161 1029 4198 sese
1046 4143 1116 4197 inter
1132 4154 1206 4199 rotas
1224 4147 1335 4201 humum
1347 4141 1409 4201 comi·

178 4205 218 4258 Et
236 4224 316 4277 quam
333 4209 410 4279 facile
427 4212 490 4279 luit,
513 4229 573 4266 cum
596 4211 651 4263 fere
667 4215 786 4280 prussiae
822 4221 913 4267 carent
930 4213 1120 4267 scinderentur.
1141 4214 1187 4280 ,Ui
1203 4214 1244 4269 his
1263 4228 1408 4287 opponeres·

179 4274 321 4351 scribatur,
337 4295 358 4330 e
371 4281 484 4333 transire
501 4280 529 4333 in
548 4279 611 4334 aad
624 4278 786 4350 insequentis
820 4290 875 4347 tur,
894 4299 952 4335 eam
969 4283 1003 4336 ob
1020 4299 1124 4337 musam
1141 4281 1247 4337 orbium
1264 4286 1344 4340 falces
1355 4277 1408 4335 dixit

180 4345 302 4398 vocabuli
324 4345 540 4413 similitudinem?
577 4348 631 4401 Sed
654 4351 786 4404 direxerat
820 4349 848 4404 in
866 4353 974 4405 summis
992 4350 1098 4405 orbibus
1116 4351 1243 4419 haesisse,
1273 4354 1342 4424 quod
1358 4349 1407 4404 elie

180 4413 269 4483 recepi
294 4431 345 4483 pro
373 4416 444 4486 vulg.
468 4420 620 4471 direxerant
647 4433 681 4470 ex
710 4420 786 4474 codd.
821 4417 887 4489 quin
912 4438 967 4474 non
994 4419 1169 4475 necessarium
1193 4421 1289 4477 luisset
1319 4420 1406 4480 addere
