2926 5174
467 329 517 380 nn
545 328 673 381 cnsms
699 327 809 381 sarx.
834 328 873 397 r,
899 324 945 378 ιο.
1273 312 1318 384 17
1323 313 1346 386 9

95 517 162 590 bus
190 511 391 602 Uxiorum,
426 523 462 586 et
495 537 561 611 per
591 534 615 585 n
651 511 769 584 stadia
800 510 1025 586 silvestribus
1058 512 1146 610 ripis
1172 537 1345 614 praeceps

95 626 188 699 inter
222 648 318 697 saxa
352 621 564 697 devolvitur.
615 621 808 720 Accipiunt
835 623 965 701 deinde
991 649 1075 697 eum
1100 624 1228 722 campi,
1254 649 1346 720 quos

96 735 331 808 clementiore
356 734 459 807 alveo
484 733 673 832 praeterit,
705 734 778 806 iam
803 736 950 810 navium
975 736 1128 836 patiens
1180 755 1232 808 nc
1258 745 1344 807 sunt

93 843 211 919 stadia
236 845 412 918 mollioris
438 845 514 935 soli,
540 870 606 943 per
632 843 730 940 quod
755 845 827 918 leni
853 856 972 922 tractu
998 870 1173 945 aquarum
1198 843 1344 918 Persico

93 957 181 1028 mari
209 980 251 1028 se
277 956 445 1029 insinuat
484 954 604 1028 Amne
630 967 810 1052 superato,
839 983 920 1031 cum
945 982 987 1032 rx
1012 957 1155 1030 milibus
1180 955 1344 1054 peditum

94 1078 130 1150 et
154 1066 329 1165 Agrianis
356 1066 621 1164 sagittariisque
647 1078 685 1139 et
711 1063 931 1142 Graecorum
955 1067 1257 1144 mercenariorum
1283 1068 1343 1139 tri·

93 1180 159 1254 bus
185 1178 353 1267 milibus,
388 1175 519 1249 additis
547 1175 728 1250 Thracum
752 1179 867 1270 mille,
892 1181 929 1253 in
956 1179 1140 1279 regionem
1165 1176 1343 1252 Uxiorum

93 1291 267 1388 pervenit.
324 1287 491 1361 Finitima
516 1286 616 1362 Susis
650 1300 720 1380 est,
757 1300 794 1362 et
824 1289 862 1363 in
895 1292 1048 1389 primam
1072 1286 1258 1362 Persidem
1284 1313 1344 1361 ex·

96 1402 212 1491 currit,
240 1411 365 1473 artum
389 1401 482 1473 inter
509 1425 548 1473 se
575 1410 612 1473 et
638 1397 809 1503 Susianos
846 1401 984 1475 aditum
1009 1400 1223 1496 relinquens.
1268 1396 1342 1471 Ma·

96 1510 193 1584 dates
221 1521 306 1584 erat
332 1511 485 1608 regionis
511 1510 724 1609 praefectus,
749 1511 849 1585 haud
874 1538 961 1586 sane
988 1523 1192 1609 temporum
1217 1510 1342 1599 hom03

97 1623 224 1720 quippe
252 1622 384 1694 ultima
409 1647 475 1719 pro
501 1620 572 1694 fide
599 1623 753 1718 experiri
781 1621 1000 1696 decreverat.
1055 1619 1128 1695 Sed
1162 1620 1267 1719 periti
1292 1621 1342 1692 lo-

97 1758 216 1806 corum
243 1731 498 1805 Alexandrum
533 1732 681 1822 docent,
717 1734 897 1807 occultum
930 1735 1000 1808 iter
1033 1758 1113 1807 esse
1144 1749 1210 1831 per
1235 1732 1343 1805 calles

98 1854 131 1917 et
160 1869 336 1918 aversum
372 1843 416 1915 ab
452 1844 556 1918 urbe:
593 1844 623 1916 si
658 1869 792 1941 paucos
828 1846 985 1918 misisset
1018 1844 1147 1918 leviter
1172 1854 1341 1934 armatos,

100 2128 128 2166 co
162 2112 250 2166 omine
262 2111 381 2182 quodam
398 2111 598 2181 distinguendus
615 2113 703 2167 suerit.
737 2113 818 2165 Bern.
836 2113 862 2166 A
878 2111 982 2166 Flosss
1002 2113 1193 2178 Merceaarios,
1211 2108 1344 2165 FlorCG

98 2130 180 2251 Vulgo
203 2189 298 2234 autem
325 2182 426 2249 Tiprr'm
452 2198 547 2234 nomen
568 2182 703 2236 omittunt.
737 2184 969 2251 mercenariorum)
997 2183 1080 2236 tribas
1106 2180 1211 2234 milibus
1243 2181 1343 2232 additis

98 2249 168 2304 Unus
185 2250 299 2303 Flor.A
321 2248 704 2319 TigrimssernAtyqimsed
740 2250 871 2303 Thracam
889 2252 917 2302 ia
935 2252 1065 2319 regionem
1083 2257 1134 2304 cet.
1169 2247 1224 2301 Pro
1242 2247 1343 2308 Satria-

98 2316 222 2372 inaltero
241 2317 354 2371 nomine
371 2316 409 2369 ita
426 2317 531 2371 variant
548 2326 578 2370 ut
596 2318 704 2372 solusG
736 2318 776 2370 nis
802 2318 848 2389 qui
874 2318 939 2372 nulli
966 2327 1028 2372 sunt
1045 2317 1167 2373 Loccenii
1192 2315 1343 2371 coniectura

99 2386 250 2459 Pasipiqrim
270 2385 408 2451 exhibeat,
426 2386 505 2439 Bern.
520 2388 546 2438 A
562 2387 634 2440 Flor.
652 2388 702 2440 AB
736 2405 798 2440 usus
817 2387 867 2440 feci
884 2390 1049 2457 sagittariis,
1074 2387 1119 2468 qui
1137 2402 1215 2456 saepe
1233 2384 1342 2440 coniun-

91 2457 171 2524 saaim
196 2457 282 2525 tiqim,
303 2454 386 2506 ceteri
404 2455 513 2507 Phasim
531 2457 633 2524 tygrim.
738 2454 775 2507 cti
793 2473 852 2508 cum
865 2456 989 2525 Agrianis
1008 2457 1042 2510 ab
1058 2454 1188 2509 historicis
1205 2454 1342 2507 nominen-

123 2542 172 2592 per
197 2539 216 2574 L
244 2525 350 2589 stadia]
391 2522 523 2576 Diodorus
547 2524 564 2576 l.
587 2523 604 2578 l.
633 2526 704 2576 mille
737 2534 790 2590 tur,
809 2533 837 2577 et
856 2524 1068 2578 coniunctionem
1086 2535 1109 2578 et
1127 2522 1225 2591 adieci;
1244 2522 1341 2575 deinde

97 2595 180 2646 stadia
198 2591 315 2644 fluvium
333 2591 413 2642 istum
431 2608 478 2661 per
489 2609 608 2661 asperam
616 2592 704 2661 regio-
738 2595 957 2646 mercenariorum
982 2610 1041 2655 rece
1060 2592 1083 2659 i,
1107 2591 1220 2662 denique
1241 2591 1269 2644 in
1290 2591 1343 2644 fine

98 2676 153 2712 nem
169 2660 270 2712 deferri
290 2658 389 2721 tradit,
416 2659 495 2729 longe
518 2660 618 2714 verius:
642 2678 703 2713 nam
738 2661 827 2713 addidi
844 2678 982 2714 numerum
1007 2612 1182 2715 millenarium
1203 2659 1294 2712 littera
1310 2659 1343 2712 M

98 2728 289 2798 quinquaginta
319 2727 465 2780 stadiorum
493 2728 607 2798 spatium
640 2728 704 2798 quid
738 2745 771 2781 ex
791 2746 908 2796 ressum,
935 2747 1004 2800 quae
1021 2730 1111 2782 eadem
1130 2738 1249 2782 extrema
1265 2744 1343 2798 prae-

97 2796 202 2849 attinuit
220 2795 449 2850 commemorare?
473 2796 539 2850 Post
556 2797 637 2867 paulo
654 2816 703 2849 nu·
738 2748 854 2850 cedentis
871 2798 944 2851 vocis
962 2798 1053 2851 littera
1069 2806 1117 2850 est.
1155 2795 1272 2862 (Modius
1290 2795 1343 2848 iam

96 2881 191 2918 merum
218 2865 294 2934 vulg.
324 2863 473 2932 scripturae
499 2882 558 2918 cum
584 2865 703 2919 Diodoro
737 2867 768 2918 M
786 2866 945 2931 inseruerat,
964 2867 1010 2918 sed
1028 2874 1091 2919 ante
1111 2867 1241 2917 Thracam
1260 2862 1342 2916 collo·

96 2933 307 2986 consentientem
334 2934 390 2984 Dc
406 2942 467 2985 suat
483 2936 572 2986 stadia
595 2933 702 2997 retinui,
738 2939 864 2995 caverat.)
892 2933 1010 3000 Vulgata
1028 2943 1117 2987 autem
1134 2931 1264 3001 scriptura
1282 2947 1343 2983 cum

144 3020 252 3071 mquam
277 3003 306 3053 in
325 3001 411 3068 ⁸Bern.
429 3003 455 3053 A
472 3001 543 3055 Flor.
560 3003 610 3055 AB
628 3002 702 3054 Leid.
738 3005 771 3056 ab
789 3003 879 3072 [Hadr.
907 2998 983 3055 Iunio
1010 3001 1052 3055 'sie
1083 2999 1228 3054 constituta
1259 3006 1342 3052 esset:

121 3088 167 3124 oss.
188 3080 198 3122 l
224 3072 277 3142 CD
295 3068 405 3138 legitur,
423 3070 503 3122 DCC
518 3070 546 3122 in
564 3069 635 3125 Flor.
653 3071 703 3123 Dr
737 3088 796 3124 eam
813 3088 902 3123 aaran
918 3061 1033 3123 millibus
1046 3071 1165 3139 peditum
1179 3069 1343 3136 etAyrianis

95 3135 149 3191 Pal.
168 3145 195 3201 13
218 3139 276 3192 DC
293 3137 322 3190 in
350 3137 422 3190 Flor.
440 3137 557 3193 CEGHI
580 3139 702 3193 BernB
738 3149 815 3208 atque
845 3139 1007 3192 Graecorum
1038 3139 1226 3203 mercenariis,
1259 3136 1343 3188 tribas

95 3216 141 3260 est.
175 3207 230 3261 Sed
249 3207 318 3260 ordo
336 3207 476 3258 verborum
493 3207 573 3277 vulgo
591 3217 632 3262 est
649 3217 704 3261 sta·
737 3209 853 3260 millibus
871 3209 972 3260 additis
985 3208 1116 3260 Thracam
1133 3212 1228 3275 postea
1245 3202 1273 3257 in
1290 3203 1343 3256 fine

96 3277 139 3328 dia
155 3286 216 3329 sant
235 3283 336 3328 contra
354 3272 434 3327 libros
451 3293 512 3328 mss.
737 3284 862 3346 corrupta
885 3275 965 3329 etiam
990 3283 1031 3329 est
1054 3275 1107 3342 sie,
1129 3281 1161 3326 ut
1180 3274 1343 3327 Graecorum

96 3407 105 3420 .
128 3346 149 3410 §.
166 3353 191 3398 3.
227 3361 308 3396 amne
327 3345 461 3421 superato]
489 3344 605 3398 Additur
623 3343 703 3414 vulgo
737 3346 907 3398 mercenariis
925 3345 1040 3398 millibus
1055 3359 1098 3411 m,
1116 3344 1231 3396 millibus
1242 3343 1342 3397 additis

94 3411 269 3488 {aprincipio
288 3410 466 3464 nommativus
476 3414 637 3479 Alexander,
657 3414 703 3465 sed
740 3415 871 3467 Thracam
889 3414 1020 3467 ederetur.

95 3494 117 3531 rs
135 3483 208 3534 abest
226 3499 242 3533 a
260 3479 339 3532 mstis
357 3479 452 3533 nostris
469 3481 574 3551 quidem
583 3481 703 3535 omnibus

96 3554 123 3599 et
138 3548 218 3602 Snak.
236 3548 316 3601 Leid.
338 3548 412 3600 Voss.
440 3556 472 3616 13
501 3567 532 3602 ac
553 3550 702 3630 saepissime
736 3585 753 3638 h

96 3615 328 3671 animadvertimus
359 3615 423 3669 illud
458 3617 541 3671 omnis
576 3619 703 3672 h1stor1ae

95 3685 240 3821 :dbfflug
257 3686 624 3822 ffimgtmqfflfflonnzxgffl]
658 3685 701 3822 (ἐξ,
735 3653 936 3775 {gidengngsbsusl
952 3652 1343 3791 dgdtsrtls(ui³tvirlse1dtudniirlileirld

98 3824 123 3887 6,
140 3829 176 3887 13,
193 3838 236 3890 IX,
256 3830 283 3888 3,
305 3829 337 3874 17
358 3821 391 3874 al·
417 3821 477 3888 Sed,
489 3824 582 3876 eadem
599 3823 702 3876 ratione
736 3798 793 3843 tum
811 3807 869 3843 esse
886 3788 914 3843 in
931 3795 1007 3844 Voss.
1026 3798 1051 3857 2,
1070 3789 1092 3842 si
1109 3790 1173 3842 fides
1191 3787 1317 3854 silentio).

97 3888 170 3943 etiam
187 3891 232 3945 ubi
251 3892 287 3944 de
305 3889 351 3943 illo
370 3908 453 3944 sermo
470 3900 527 3958 est,
553 3891 637 3945 Darei
654 3909 702 3945 no·
769 3896 843 3947 hand
874 3911 939 3946 sarra
971 3904 1112 3963 temporum
1138 3893 1221 3956 homo]
1265 3888 1340 3941 Editi

97 3969 153 4011 men
167 3959 340 4030 intelligitur,
358 3959 411 4013 vid.
428 3975 456 4026 v,
475 3967 518 4026 24,
538 3966 563 4014 5.
735 3961 795 4015 libri
819 3972 959 4030 temporam
985 3964 1136 4024 maltorum,
1160 3957 1188 4009 id
1215 3957 1287 4027 quod
1312 3955 1341 4008 in

131 4031 329 4096 sagittariisque
346 4036 371 4080 et
390 4029 551 4082 Graecorum
567 4047 700 4083 mercena-
734 4030 867 4084 codicibus
889 4048 942 4085 non
968 4038 1009 4083 est
1026 4029 1076 4081 nisi
1093 4025 1181 4098 paucis
1200 4032 1228 4078 et
1246 4041 1339 4078 corru-

99 4094 189 4149 ²irmm
207 4098 295 4150 tribas
314 4097 427 4165 milibus,
445 4099 546 4151 additis
567 4098 699 4151 Thracam
733 4100 822 4169 ptelae
846 4116 876 4151 su
909 4097 989 4161 cotis,
1012 4097 1083 4151 Flor.
1108 4093 1215 4165 quidem
1236 4092 1338 4147 s010H

100 4163 171 4231 mille]
216 4164 412 4234 Corrigendum
443 4165 487 4220 hic
517 4173 576 4220 erat
599 4166 699 4236 aliquid
733 4168 774 4237 (in
791 4169 871 4221 Bern.
937 4167 1019 4220 verba
1036 4177 1111 4234 remp.
1135 4165 1207 4215 anno
1231 4161 1337 4214 excide·

100 4237 132 4281 ut
152 4233 283 4286 sententia
309 4232 361 4286 loci
384 4242 525 4288 constaret.
560 4234 698 4288 Editiones
732 4241 816 4304 runt).
839 4234 967 4289 Similiter
985 4234 1078 4288 Cicero
1096 4249 1145 4303 pro
1164 4230 1271 4284 Cluent.
1303 4235 1336 4282 50

100 4308 139 4360 pr.
155 4309 180 4353 et
196 4302 300 4356 codices
327 4301 391 4354 msti
416 4303 452 4355 sie
477 4304 533 4356 fere
557 4302 698 4356 exhibent:
732 4323 819 4358 amaea
837 4305 900 4357 illae
918 4305 1048 4357 orationes
1067 4317 1208 4355 cansarum
1221 4309 1245 4352 et
1259 4308 1337 4350 tem-

103 4362 281 4439 Satrianisque
325 4370 485 4426 Graecorum
527 4374 697 4425 mercenariis
726 4391 848 4442 porum
865 4382 944 4438 sant,
968 4371 985 4424 i.
1005 4386 1027 4424 e.
1045 4370 1164 4441 pendent
1181 4383 1215 4421 ex
1233 4374 1337 4438 tempo·

103 4430 183 4494 (Flor.
208 4440 234 4493 A
259 4437 337 4493 Leid.
362 4437 439 4493 Voss.
472 4446 484 4492 1
518 4441 697 4508 Merceaario,
730 4460 790 4496 rum
808 4439 969 4495 condicione.

772 3519 795 3584 ξ.
813 3524 838 3569 4.
863 3525 920 3569 erat
936 3517 1053 3585 regionis
1066 3517 1227 3586 praefectus]
1252 3513 1342 3584 Vulgo

762 3587 845 3639 aiae
863 3586 979 3653 regionis
1003 3583 1105 3651 editur,
1130 3584 1176 3637 sed
1216 3600 1343 3637 nonomen

1078 4526 1128 4573 12*
