2926 5174
185 248 232 318 10
654 263 688 325 Q.
717 261 842 314 suurn
867 263 953 314 uum

181 448 346 538 nomina,
381 446 561 520 festinatio
607 445 821 543 prohibebat
865 446 979 518 acciri.
1032 442 1107 518 Nec
1146 447 1336 543 quicquam
1372 449 1448 527 illia

181 560 310 649 minus,
338 582 445 654 quam
470 555 662 629 multitudo
688 556 841 628 militum
867 554 989 628 defuit.

133 673 154 742 5
287 666 396 761 Otuus
422 677 501 740 tum
525 668 714 739 universae
740 676 888 763 aspectu
914 663 1109 739 admodum
1134 667 1259 756 laetus,
1291 693 1417 766 ptupu·

182 781 270 852 ratis
307 780 412 853 solita
445 778 605 850 vanitate
642 803 742 875 spem
776 778 852 850 eius
887 776 1109 866 inflantibus,
1145 802 1342 851 conversus
1376 779 1418 852 ad

184 886 437 963 Charidemum
461 887 728 977 Atheniensem,
754 889 838 961 belli
864 888 1028 985 peritum,
1063 897 1100 961 et
1127 886 1174 960 ob
1201 889 1350 988 exilium
1373 891 1418 962 in·

182 1002 314 1074 festum
345 997 565 1087 Alexandro,
607 999 737 1095 quippe
771 990 925 1070 Athenis
956 998 1103 1071 iubente
1137 1023 1179 1070 eo
1211 998 1332 1071 firerat
1365 1026 1418 1073 ex·

105 1096 107 1100 ’
181 1113 317 1210 pulsus,
344 1111 548 1208 percontari
573 1111 701 1206 coepit,
727 1109 861 1181 satisne
889 1109 921 1180 ei
945 1107 1129 1181 videretur
1154 1109 1352 1184 instructus
1378 1108 1419 1183 ad

182 1220 420 1296 obterendum
446 1219 610 1294 hostem?
662 1218 713 1292 At
735 1221 807 1327 ille,
843 1228 880 1292 et
913 1244 999 1292 suae
1025 1220 1131 1293 sortis
1159 1228 1196 1291 et
1221 1221 1343 1317 regiae
1369 1247 1419 1294 su·
1427 1245 1447 1292 11

181 1333 327 1430 perbiae
353 1333 496 1422 oblitus,
513 1340 516 1345 ’
533 1329 670 1422 Verum,
695 1331 820 1425 inquit,
848 1342 878 1403 et
903 1343 938 1403 tu
952 1330 1104 1430 forsitan
1130 1329 1249 1402 audire
1276 1331 1371 1421 nolis,
1395 1345 1420 1404 et

181 1467 249 1542 epo,
274 1442 343 1515 nisi
367 1468 456 1515 nunc
488 1441 613 1530 dicero,
640 1440 726 1513 ultas
760 1441 979 1539 nequisquam
1005 1441 1184 1538 caryitebor.
1237 1440 1311 1514 Hic
1345 1442 1448 1515 tantia

182 1564 369 1650 apparatis
404 1554 573 1643 accercitus,
608 1551 687 1622 lunc
720 1562 764 1624 tot
783 1551 932 1648 peutiurn
967 1564 998 1623 et
1021 1553 1117 1624 totius
1147 1547 1294 1624 Orientis
1320 1553 1418 1625 cauta

181 1663 315 1736 sedibus
339 1662 411 1736 suis
436 1662 545 1752 moles,
559 1661 720 1758 finitimis
738 1674 941 1758 potestesse
966 1662 1138 1735 terribilis:
1164 1661 1242 1733 nitet
1262 1688 1417 1760 purpura

182 1797 338 1872 auroque,
353 1773 466 1877 fulpet
490 1772 597 1845 urrais
623 1785 654 1845 et
678 1771 852 1869 opulentia
880 1786 1039 1871 quantana
1065 1773 1124 1871 qui
1142 1773 1244 1845 oculis
1262 1799 1331 1846 nen
1351 1773 1417 1847 suh·

181 1883 293 1975 iecere,
319 1884 443 1956 anisnis
475 1883 644 1980 rumpere
676 1907 742 1954 rnn
767 1895 921 1980 possunt.
976 1881 1047 1957 Sed
1071 1883 1295 1956 Macedonum
1327 1885 1446 1974 neusa

182 2006 275 2068 torua
300 1988 386 2068 sune¹
408 2007 438 2067 et
463 1993 596 2085 incultu,
622 1980 737 2090 eli'preis
762 1993 928 2091 iustisque
955 1994 1133 2068 iraniobilcs
1159 2017 1279 2067 euneos
1305 2007 1337 2067 et
1352 2020 1416 2068 cut·

171 2106 267 2203 ferta
300 2105 420 2177 robora
457 2104 608 2177 uirorum
638 2103 723 2201 tepit.
776 2099 854 2201 Ipsi
877 2103 1083 2204 phalanpens
1113 2118 1238 2197 uocant,
1266 2107 1415 2203 peditura

181 2213 293 2286 stabile
316 2239 459 2312 apaten:
495 2214 549 2286 nir
574 2214 656 2304 uiro,
683 2214 788 2287 annis
815 2239 913 2286 arana
939 2228 1087 2288 cunata
1111 2226 1206 2288 sunt:
1233 2217 1281 2289 ud
1305 2231 1416 2290 nutura

236 2494 300 2565 Cap.
320 2501 345 2561 5,
377 2499 400 2563 §-
420 2503 460 2549 10.
499 2495 683 2549 Charidemum
706 2498 784 2549 Arte·
819 2496 899 2550 etiam
922 2497 950 2550 in
967 2498 1054 2550 Bruto
1078 2505 1119 2564 13,
1138 2503 1170 2551 52
1194 2505 1223 2552 et
1244 2499 1417 2554 restituendus

181 2564 296 2616 niensern
313 2581 394 2616 unum
411 2564 498 2631 fuisse,
518 2564 589 2617 cuius
607 2564 714 2616 exilium
722 2565 785 2617 Ale-
820 2566 847 2618 in
866 2566 941 2619 Orat.
960 2585 985 2636 p.
1004 2567 1073 2618 Mur.
1093 2573 1125 2619 29
1144 2569 1204 2636 pn).

181 2632 296 2698 rander,
320 2631 419 2686 Thebis
437 2632 544 2699 dirutis,
571 2633 598 2684 in
616 2633 721 2703 reliquis
739 2651 785 2686 ex·
855 2637 877 2701 ς.
898 2642 938 2688 13.
956 2637 1072 2703 conferta
1091 2636 1185 2687 robora
1203 2636 1251 2686 vir.
1270 2637 1345 2705 tepit]
1380 2634 1418 2688 Sic

182 2707 285 2765 oratus,
308 2718 362 2752 non
378 2700 524 2767 remiserit,
542 2701 625 2753 tradit
643 2701 746 2754 Arrian.
764 2717 784 2768 1,
820 2701 926 2754 Modius
936 2710 963 2755 et
973 2702 1188 2771 Srrakenburgius
1197 2703 1348 2770 ediderunt,
1366 2721 1418 2756 cum

183 2773 224 2820 10.
254 2768 354 2820 Fuerat
371 2768 392 2821 is
411 2787 470 2821 cum
484 2768 599 2833 Charete
617 2777 645 2821 et
662 2769 786 2839 Ephialte
821 2770 883 2823 olim
903 2771 932 2822 in
954 2770 1064 2822 Iuniana
1090 2771 1153 2823 edit.
1183 2774 1299 2840 conferta
1320 2780 1418 2824 tantum

181 2834 251 2888 inter
277 2836 356 2889 duces
372 2836 495 2907 Philippo
517 2844 545 2889 et
565 2833 719 2891 Aleirandro
745 2837 785 2890 in·
820 2856 869 2908 pro
886 2838 1005 2891 variante
1022 2838 1151 2908 scriptura
1167 2838 1196 2890 in
1212 2857 1295 2909 marg.
1314 2848 1417 2893 annota-

180 2902 343 2971 sanissimos,
370 2912 399 2957 et
420 2905 509 2958 Dareo
532 2914 625 2959 auctor
645 2906 730 2958 fiterat
752 2923 785 2958 ne
819 2915 902 2959 retur.
938 2907 1027 2977 Vulgo
1050 2906 1120 2959 enim
1143 2917 1261 2960 conserta
1283 2915 1312 2960 et
1338 2908 1418 2961 editur

181 2971 329 3025 decertaret
345 2972 409 3043 ipse,
429 2975 475 3026 sed
492 2973 598 3040 bellum,
617 2975 785 3044 quemadmc-
820 2983 848 3027 at
866 2975 894 3027 in
914 2975 985 3028 Flor.
1012 2983 1053 3028 est
1079 2974 1198 3028 omnibus
1224 2984 1331 3046 praeter
1357 2977 1419 3029 Eat

181 3040 243 3091 dum
269 3049 332 3093 ante
357 3042 468 3109 factum,
502 3041 664 3095 Graecorum
690 3045 786 3099 ducum
819 3043 1109 3111 marg.Dead.manu:
1128 3062 1159 3096 ae
1176 3043 1231 3096 iure
1252 3043 1318 3096 mihi
1335 3045 1419 3096 videor

180 3107 345 3179 militumque
362 3112 551 3164 conductorum
568 3128 648 3182 opera
665 3111 692 3163 in
703 3110 785 3164 Grae·
820 3111 942 3164 dubitare
959 3129 1035 3182 posse
1051 3130 1114 3164 num
1137 3127 1152 3163 e
1169 3111 1302 3164 Snakenb.
1322 3111 1418 3165 silentio

180 3176 217 3229 cis
235 3176 287 3230 oris
304 3191 414 3247 gereret.
449 3179 520 3232 Vide
536 3178 646 3233 Diodor.
664 3187 784 3245 xv11,30.
821 3179 913 3233 coniici
980 3179 1027 3232 ssit
1053 3183 1168 3250 conferto
1203 3180 1230 3232 in
1256 3179 1327 3232 illius
1354 3179 1419 3234 libris

179 3244 330 3297 Videbatur
353 3246 436 3325 igitur
458 3246 514 3317 ipse
531 3247 680 3299 Memnonis
704 3247 785 3317 impe-
822 3248 907 3314 (Leia.
953 3267 1003 3301 oss.
1023 3255 1046 3312 1,
1066 3253 1098 3312 2)
1116 3248 1252 3301 inventum
1269 3265 1335 3302 esse.
1369 3249 1418 3301 Ita·

179 3311 248 3364 rium
266 3329 460 3382 concuprseere,
482 3313 629 3366 Alexandri
646 3313 785 3367 amicitiam
820 3333 872 3385 que
890 3324 969 3368 antea
986 3316 1171 3369 auctoritatem
1185 3316 1311 3369 librorum
1321 3326 1418 3370 secutus

180 3378 330 3448 proditione
347 3389 491 3450 empturus.
511 3380 550 3435 of.
569 3381 649 3434 etiam
659 3381 785 3436 Dinarch.
820 3383 917 3436 retinui
935 3395 1062 3437 conserto.
1080 3384 1137 3437 Iam
1155 3401 1189 3437 ex
1205 3385 1286 3438 Bern.
1304 3386 1332 3438 A
1349 3386 1418 3439 offer-

182 3446 240 3499 adv.
259 3446 398 3501 Demosth.
418 3450 440 3515 §.
459 3455 491 3502 32
510 3449 595 3501 Beklr.
820 3454 999 3521 tmconsertu,
1016 3453 1323 3523 quodhbenterrecipm,
1343 3471 1418 3523 quon-

819 3520 872 3572 iam
888 3538 951 3573 mcx
969 3523 1051 3573 aruris
1069 3539 1144 3574 armo
1163 3532 1282 3574 conserta
1299 3531 1373 3576 recta
1385 3520 1418 3573 di·

216 3584 240 3660 §3
260 3588 300 3661 11.
308 3585 431 3652 forsitan
449 3584 543 3636 audire
561 3587 641 3655 nolis]
659 3587 785 3640 Forsitan
820 3596 925 3653 cuntur,
943 3597 972 3641 et
984 3588 1074 3641 Livius
1091 3588 1118 3641 in
1131 3588 1212 3642 nobili
1229 3590 1418 3669 comparatione

181 3666 280 3768 scrrpsr,
298 3668 360 3703 nam
368 3654 478 3722 forsan,
497 3653 567 3721 quod
584 3662 663 3706 antea
680 3655 730 3708 hoc
746 3656 785 3709 lo·
819 3657 1005 3710 Macedonicae
1031 3664 1059 3708 et
1084 3657 1219 3710 Romanae
1244 3657 1355 3711 mihtiae
1379 3657 1417 3709 lib.

181 3733 212 3769 co
240 3720 375 3787 egebatur,
395 3720 498 3789 pottica
514 3721 597 3773 forma
612 3731 652 3774 est
670 3731 698 3775 et
715 3725 785 3793 apud
818 3739 917 3790 xxm,
952 3732 982 3777 17
1007 3725 1165 3778 Macedones
1193 3727 1321 3795 coarsuros
1344 3724 1417 3779 hastis

180 3785 251 3838 hunc
282 3786 436 3856 scriptorem
465 3787 562 3857 ubique
592 3791 784 3860 corrigendum.
819 3792 928 3845 obiectis
946 3792 1087 3872 clipeisque
1110 3792 1205 3846 iunctis
1223 3794 1372 3847 constitisse
1389 3791 1416 3844 si·

179 3853 289 3906 Habent
306 3855 358 3907 h.l.
367 3858 491 3925 forsitan
507 3857 784 3913 Leid.V0ss.1Flor.
818 3860 917 3912 militer
934 3861 1009 3913 dunt.
1049 3863 1136 3930 Tulit,
1164 3861 1235 3930 quod
1260 3862 1331 3915 idem
1358 3863 1415 3915 Sas-

178 3920 265 3975 BCG.
281 3923 395 3977 Bothlus
412 3931 502 3976 autem
524 3944 572 3996 pro
589 3929 657 3979 nolis
675 3939 785 4007 propter
819 3928 898 3981 kenb.
916 3928 990 3982 dedit
1012 3948 1061 4008 pro
1079 3929 1150 3998 vulg.
1168 3939 1191 3980 te
1211 3939 1246 3994 et,
1265 3930 1347 3983 miror
1363 3942 1415 3982 sana

179 4007 290 4059 sequens
298 3994 408 4062 fatebor
425 3993 483 4045 vult
498 3996 572 4056 ‘noles
590 3994 699 4064 corrigi,
717 4003 785 4048 srcut
819 4014 873 4048 non
895 4013 952 4049 esse
974 3997 1023 4049 nisr
1046 3998 1073 4049 in
1094 3997 1165 4050 Flor.
1216 3997 1244 4049 H
1267 4005 1296 4050 et
1313 4015 1329 4052 a
1345 4011 1415 4050 manu

178 4065 282 4136 tempus
307 4061 425 4113 futurum
451 4068 493 4113 est
517 4075 569 4128 vn,
601 4069 640 4116 16.
684 4064 785 4117 Verum
820 4065 904 4116 altera
920 4064 947 4117 in
964 4066 996 4117 E.

180 4127 358 4182 comunctivus
366 4128 530 4199 frequentior
547 4137 575 4182 et
593 4131 784 4199 quodammodo
855 4134 1014 4203 didicerunt]
1044 4131 1098 4185 Vul
1117 4149 1134 4184 o
1152 4134 1266 4185 didicere
1284 4141 1375 4193 contra
1388 4130 1414 4182 li·

178 4192 299 4263 proprius
317 4196 378 4250 huic
395 4196 531 4251 vocabulo.
551 4197 591 4250 Cf.
603 4207 720 4251 nostram
737 4218 784 4252 no·
818 4201 880 4252 bros
899 4219 959 4253 mss.
983 4208 1089 4271 practer
1130 4200 1177 4253 lor.
1195 4200 1233 4266 B,
1260 4202 1307 4253 sed
1331 4214 1414 4253 vereor

178 4266 235 4312 tam
252 4260 286 4313 ad
304 4261 437 4317 Ciceronis
460 4264 487 4316 in
505 4264 583 4318 Verr.
605 4281 625 4331 1,
644 4273 687 4332 38,
707 4273 738 4320 98
756 4274 784 4318 et
818 4267 976 4334 namhoc,
996 4268 1063 4320 sicut
1080 4267 1108 4320 in
1125 4268 1254 4336 Bongars.
1272 4270 1307 4335 A,
1331 4264 1412 4322 termi-

178 4341 219 4394 1v,
238 4334 281 4397 56,
301 4336 349 4383 124
368 4333 545 4403 (quamquam
562 4333 723 4387 Indicativus
740 4342 782 4387 est
818 4335 892 4389 natio
909 4337 982 4390 verbi
1000 4344 1065 4390 nota
1082 4352 1205 4407 expressa
1222 4336 1264 4390 sit.
