2926 5174
122 301 194 374 192
612 320 791 384 1111111
815 320 902 372 nuru

118 506 225 595 lacra,
251 530 326 577 non
350 506 513 579 homines
540 505 772 593 videbantur,
797 529 864 577 nec
890 503 1080 600 quicquam
1105 505 1144 576 in
1170 503 1238 576 illis
1263 530 1350 603 prae-

118 626 176 689 ter
200 641 328 688 vocem
354 627 498 714 poterat
523 617 679 715 agnosci.
731 614 859 688 Plures
885 616 993 714 igitur
1018 616 1185 704 lacrimas
1211 642 1350 690 commo

119 752 221 817 vere,
254 752 362 823 quam
392 729 628 825 profuderant
653 727 737 824 ipsi:
771 727 902 824 quippe
928 727 965 797 in
991 736 1067 797 tam
1091 727 1279 827 multiplici
1300 754 1350 801 va·

118 838 243 934 riaque
268 839 413 911 fortuna
439 839 679 938 singulorum,
705 838 927 910 intuentibus
954 836 1084 909 similes
1112 838 1274 934 quidem,
1298 837 1350 912 sed

119 958 242 1021 tamen
277 946 438 1046 dispares
470 974 621 1048 poenae,
653 948 733 1044 quis
759 948 916 1020 maxime
948 948 1160 1022 miserabilis
1188 956 1298 1040 esset,
1319 949 1349 1020 li·

119 1084 229 1156 quere
262 1084 335 1132 non
366 1070 520 1157 poterat.
572 1057 623 1131 Ut
654 1083 742 1130 vero
775 1057 900 1133 Iovem
929 1059 981 1130 illi
1012 1058 1163 1132 tandem
1195 1057 1348 1134 Graeciae

119 1171 274 1243 ultorem
300 1172 483 1267 aperuisse
509 1171 632 1242 oculos
660 1169 944 1260 conclamavere,
978 1195 1102 1243 omnes
1127 1173 1210 1269 pari
1236 1171 1347 1270 suppli·

118 1281 173 1353 cio
208 1282 327 1353 affecti
362 1282 429 1354 sibi
461 1281 687 1355 videbantur.
749 1279 831 1353 Rex
858 1280 1046 1371 abstersis,
1083 1307 1174 1377 quas
1201 1280 1346 1381 profude-

118 1402 193 1482 rat,
227 1391 399 1481 lacrimis,
432 1391 569 1464 bonum
593 1391 726 1464 habere
754 1391 912 1463 animum
937 1390 1053 1481 iubet,
1088 1392 1233 1467 visuros
1259 1395 1345 1467 urbes

119 1527 204 1574 suas
248 1501 504 1598 coniugesque:
545 1510 583 1574 et
623 1513 742 1575 castra
781 1499 865 1575 inde
912 1500 984 1573 duo
1028 1501 1074 1573 ab
1116 1504 1208 1579 urbo
1250 1504 1344 1578 stadia

120 1613 325 1684 communit.

71 1725 118 1796 18
225 1718 352 1796 Graeci
379 1737 611 1798 excesserant
637 1725 743 1814 vallo,
758 1723 999 1814 deliberaturi,
1027 1724 1113 1820 quid
1140 1726 1343 1822 potissimum

120 1860 143 1907 a
168 1858 253 1931 rege
284 1843 469 1931 peterent:
507 1860 659 1933 cumque
695 1835 771 1907 aliis
799 1834 922 1907 sedem
946 1835 984 1905 in
1009 1835 1098 1907 Asia
1123 1860 1264 1932 rogare,
1287 1835 1342 1908 aliis

119 1946 253 2019 reverti
280 1944 407 2018 domos
434 1947 608 2044 placeret,
640 1945 841 2019 Euctemon
868 1944 1046 2044 Cymaeus
1072 1946 1125 2017 ita
1151 1946 1289 2019 locutus
1310 1941 1343 2016 ad

119 2081 182 2130 eos
208 2058 337 2129 fertur:
364 2056 406 2150 Ii,
433 2057 494 2156 qui
517 2057 615 2130 modo
640 2058 739 2130 etrum
764 2058 813 2130 ud
838 2082 933 2154 opem
954 2056 1134 2153 peteudum
1161 2083 1203 2130 eu
1230 2055 1354 2130 autu*

121 2181 151 2240 et
175 2191 306 2241 carcere
332 2170 515 2266 procedere
540 2167 749 2259 erubuimus,
783 2179 820 2240 ut
844 2191 932 2240 auru
963 2179 1025 2258 est,
1058 2169 1231 2266 supplicio
1255 2179 1342 2242 usuc

119 2367 164 2433 fit,
190 2384 254 2422 vera
286 2369 471 2431 observatione
492 2366 725 2421 Drakenborchius
760 2367 904 2433 Eutemon,
930 2366 992 2419 Ald.
1011 2367 1152 2435 Euthymo,
1171 2372 1230 2421 Iun.
1248 2363 1342 2421 111111

119 2435 254 2505 abutitur,
275 2445 307 2489 ut
329 2439 491 2490 inuisitatum
508 2436 589 2490 etiam
605 2436 651 2488 ubi
670 2453 726 2489 non
760 2437 912 2502 Euctemon,
932 2435 1027 2487 deinde
1043 2453 1135 2488 rursus
1145 2438 1296 2506 Euthymou,
1309 2430 1342 2487 sed

119 2523 187 2575 opus
204 2513 245 2559 est
266 2513 294 2557 et
320 2507 474 2559 inusitatum
492 2505 578 2559 locum
596 2504 726 2574 significa·
761 2505 813 2556 hoc
830 2521 925 2557 nomen
943 2502 1073 2557 Graecum
1092 2504 1196 2558 nullum
1214 2514 1254 2559 est
1269 2522 1295 2558 ac
1311 2502 1342 2553 de

118 2574 193 2627 tione
214 2573 290 2626 facile
317 2581 408 2627 tuetur
432 2573 549 2627 inducat.
585 2572 664 2626 Cous.
692 2573 727 2625 ad
760 2572 808 2624 bet
830 2589 886 2625 esse
909 2572 1061 2639 Euthymos,
1097 2576 1201 2626 Verum
1226 2576 1342 2627 Eudemus

119 2656 161 2710 1x,
180 2650 210 2709 2,
231 2649 271 2697 13.
761 2641 885 2711 frequens
902 2647 981 2692 estet
997 2639 1096 2760 legtur
1112 2640 1141 2693 in
1159 2642 1274 2695 Berua
1287 2635 1341 2693 luit

155 2716 180 2778 5.
202 2716 226 2764 8.
261 2713 351 2780 offecti
368 2711 420 2764 sibi
436 2711 602 2781 videbuntur]
629 2710 727 2773 Adhuc
761 2710 866 2764 Vosal
885 2708 955 2762 Flor.
966 2706 1001 2773 G,
1046 2719 1164 2762 ustemon
1182 2711 1210 2763 in
1228 2711 1292 2764 Flor.
1335 2741 1342 2769 r

119 2779 281 2832 Macedones
305 2779 466 2833 miserabiles
492 2779 552 2832 illos
570 2794 645 2832 senes
663 2796 726 2831 oon·
759 2780 905 2831 Eutlemon
928 2776 957 2829 in
982 2775 1053 2830 Flor.
1077 2777 1143 2844 DF,
1171 2773 1342 2832 Enraemuir

121 2847 208 2928 questi
220 2857 306 2914 erant,
325 2855 383 2900 tum
400 2864 464 2900 vero
476 2865 536 2900 cum
551 2853 726 2917 agnoscerent
759 2846 831 2899 Flor.
848 2846 872 2913 I,
890 2847 1048 2899 Euectemon
1065 2844 1093 2898 in
1112 2845 1146 2913 C,
1166 2857 1276 2900 eutemen
1290 2840 1342 2904 11111,

121 2916 171 2970 sibi
189 2915 344 2969 coniunctos
370 2933 427 2969 esse
453 2915 546 2969 animis
568 2932 667 2985 suaque
684 2930 726 2968 re-
760 2918 905 2982 erytleruou
921 2913 949 2966 iu
966 2912 1047 2966 Bern.
1057 2914 1091 2978 B,
1110 2917 1235 2968 1111111111
1252 2916 1278 2968 in
1291 2912 1343 2967 Fur·

120 2985 213 3056 gisque
239 2984 284 3037 sui
296 2985 405 3038 fortuna
421 2984 529 3052 laetari,
548 2992 626 3037 tanto
643 2982 726 3052 magis
760 2983 797 3036 H.
831 2982 905 3035 Infra
921 2983 1061 3034 Euetemou
1079 2982 1154 3036 Flor.
1172 2985 1231 3036 AB.
1326 3004 1330 3011 ·

121 3052 383 3121 commiserabantur,
402 3054 469 3106 adeo
488 3061 519 3105 ut
535 3052 585 3122 ipsi
603 3048 727 3104 sibi'mu·
796 3056 820 3117 §.
840 3058 880 3104 10.
915 3053 938 3103 ii
963 3052 1008 3119 qai
1032 3054 1109 3104 morlo
1136 3054 1216 3105 etium
1239 3055 1275 3106 ud
1291 3061 1344 3120 φᾶ

120 3121 191 3174 tilati
216 3121 379 3174 viderentur.
425 3121 621 3192 Explicandum
652 3118 726 3186 duxi,
755 3123 897 3188 petendum
914 3150 949 3159 -
967 3120 1129 3199 erubuimus]
1166 3121 1245 3174 Edidi
1269 3121 1287 3173 ii
1307 3128 1344 3187 pn

140 3189 194 3242 uod
217 3197 245 3241 ct
270 3188 333 3243 olim
349 3189 484 3242 Acidalius
508 3197 537 3242 et
554 3205 639 3259 nuper
656 3205 727 3240 corn·
761 3187 833 3257 vulg.
851 3189 879 3240 lu'
896 3186 1056 3240 auctoritate
1069 3196 1232 3258 optimorum
1240 3189 1346 3242 librom!

120 3273 209 3328 pures
227 3256 386 3326 interpretes
396 3257 424 3308 in
438 3259 490 3310 hoc
503 3256 562 3311 loco
577 3258 727 3309 haeserunt,
761 3256 836 3309 Leid.
862 3261 971 3310 Vossl
999 3254 1070 3309 Flor.
1089 3257 1140 3309 AB
1168 3258 1249 3311 Bern.
1265 3258 1295 3309 rt
1321 3251 1346 3305 ln

156 3334 180 3376 et
198 3334 287 3377 costra
306 3327 376 3392 inde]
414 3326 480 3378 Inde
498 3343 548 3395 pro
568 3328 661 3378 deinde
678 3341 727 3394 po·
762 3324 889 3393 singulari
906 3340 1016 3377 numero
1036 3325 1086 3377 hac
1104 3324 1347 3442 significationsqg

121 3391 204 3444 situm
227 3407 288 3443 eum
314 3392 358 3461 qui
376 3391 488 3446 Liviano
507 3393 613 3447 dicendi
631 3408 728 3462 genere
763 3393 839 3445 aliter
866 3391 962 3445 dixeris
981 3409 1060 3472 quam
1078 3395 1103 3446 11
1121 3396 1167 3463 qui
1185 3389 1315 3457 erubuit,'
1341 3451 1346 3463 ,

121 3466 240 3511 assuetus
258 3467 300 3511 est
317 3460 402 3512 minus
418 3462 552 3514 offendere
562 3469 652 3533 potest
662 3460 727 3528 (vid.
781 3478 814 3513 ue
832 3461 950 3514 similiter
967 3462 1091 3515 vldentur
1108 3470 1213 3516 veteres
1231 3455 1347 3533 inpluat

122 3526 222 3580 Handii
246 3527 359 3580 Tursell.
386 3529 447 3583 Vol.
474 3544 530 3582 111·
555 3571 561 3582 .
588 3533 670 3596 308),
695 3529 728 3582 cf.
782 3529 868 3583 'xisse
903 3529 1010 3582 Modius
1041 3531 1171 3583 audacter
1197 3550 1245 3585 nos
1269 3523 1348 3600 pomi·

121 3595 203 3648 etiam
226 3613 289 3648 mox
315 3613 337 3649 c.
356 3603 390 3650 20
408 3601 431 3665 §-
451 3606 492 3652 17.
528 3549 652 3653 1111111
688 3596 728 3648 ui-
763 3598 819 3652 sed
837 3599 915 3651 etium
933 3597 1023 3650 addidi
1040 3614 1074 3650 ex
1093 3598 1348 3653 11111111111111111111111ί

122 3665 184 3716 dem
201 3663 262 3716 libri
281 3681 371 3718 omnes
389 3684 449 3719 cum
465 3666 540 3720 Leid.
558 3668 660 3721 Vossl
701 3682 729 3717 a·
763 3667 837 3720 lioris
855 3683 940 3736 aeque
958 3683 989 3719 ac
1006 3666 1146 3720 deterioris
1164 3677 1253 3721 notae.

122 3734 187 3787 bent
210 3740 315 3785 tantum
342 3736 378 3786 iu.
422 3739 521 3788 Verum
550 3736 616 3806 quid
649 3733 729 3786 facias
798 3745 827 3788 ut
844 3753 913 3788 nuuc
931 3744 969 3788 est
986 3736 1119 3814 supplicia
1142 3739 1244 3804 nostro]
1276 3730 1349 3788 Veri»

122 3801 178 3855 istis
196 3803 225 3854 in
244 3804 295 3855 duo
313 3804 346 3855 ab
364 3804 427 3855 urbe
445 3803 602 3867 1111111111
636 3803 730 3856 robare
764 3799 1348 3872 1111111111111111111111111111111111111

122 3869 206 3942 possis
224 3873 253 3923 in
272 3886 332 3923 cum
350 3871 498 3925 accusativo
507 3871 602 3924 Latine
610 3821 661 3922 dici
675 3888 730 3991 pro
763 3874 820 3937 bet,
838 3872 855 3925 i.
873 3888 896 3924 e.
914 3873 966 3925 hoc
983 3872 1090 3940 quidem
1107 3872 1185 3927 loeo:
1226 3888 1273 3926 uae
1294 3878 1349 3948 13⁰1!ss

121 3938 225 3994 1111111
260 3940 380 3992 Accedat
403 3939 486 4020 igitur
509 3940 561 3992 hoc
580 3956 730 4007 exempum
765 3939 896 3994 sententia
921 3947 1011 3993 vestra
1044 3940 1151 3994 videtur
1185 3891 1230 3995 vil
1261 3946 1347 4011 maor}

121 4006 189 4072 illis,
213 4023 281 4077 quae
302 4026 350 4078 pro
378 4007 516 4077 diligentia
539 4025 587 4061 sua
609 4007 731 4062 Draken·
785 4009 849 4062 artis
876 4016 1000 4063 vestrum.
1044 4009 1151 4062 Laudat
1178 4009 1257 4063 Snak.
1281 4002 1347 4060 Asinss

122 4074 248 4127 borchius
266 4076 301 4128 ad
318 4076 387 4129 Livii
404 4076 449 4129 lib.
466 4091 497 4140 X,
516 4083 559 4144 20,
579 4083 593 4129 6
612 4075 728 4146 collegit,
763 4027 895 4130 i’ollionis
913 4077 997 4148 'epist
1024 4076 1094 4130 inter
1121 4077 1257 4132 Tullianus
1271 4089 1300 4138 Χ,
1320 4072 1346 4124 ll

124 4150 331 4211 permutatamm
349 4161 446 4198 vocum
463 4145 577 4198 illarum.
765 4155 832 4199 extr.
849 4147 979 4214 constitui,
998 4156 1032 4200 ut
1048 4164 1133 4200 nunc
1152 4157 1212 4215 est,
1230 4155 1346 4219 cumea&

160 4208 224 4279 Cap.
245 4218 286 4278 18,
305 4215 327 4279 §.
348 4223 371 4267 9.
400 4216 487 4266 sedem
504 4215 533 4265 iu
551 4215 620 4267 Asia
639 4230 729 4267 omnes
765 4218 818 4269 citu
829 4216 983 4284 praecisa,
1010 4214 1028 4268 i.
1055 4231 1079 4269 e.
1106 4215 1174 4269 sicut
1190 4232 1256 4269 nunc
1270 4216 1345 4265 1111110·

124 4276 175 4328 mei
193 4285 220 4329 et
238 4279 319 4332 Snak.
338 4280 408 4334 libri.
443 4282 534 4403 Vulglo
553 4285 635 4336 sedes.
764 4284 851 4337 Aliter
867 4301 917 4338 nec
934 4292 1021 4338 tamen
1046 4284 1166 4339 dissimili
1191 4283 1287 4337 ratione
1301 4273 1343 4329 Gla

160 4346 301 4425 Euctemqu
322 4349 483 4430 Cymaeusl·
525 4368 587 4404 omo
605 4351 633 4403 in
651 4352 684 4403 ed
695 4351 729 4431 tis
765 4354 799 4406 ad
817 4355 875 4406 Au.
889 4367 946 4422 xn,
966 4360 998 4407 29
1017 4371 1083 4423 quae
1102 4355 1220 4433 (causae)
1236 4353 1343 4405 111111·

124 4412 152 4463 h.
175 4411 193 4463 l.
219 4420 246 4464 et
270 4433 299 4466 1n
324 4416 376 4469 fine
405 4426 497 4489 caprtrs
530 4427 639 4473 vocatur
666 4420 729 4473 olnn
765 4424 840 4490 bunt,
860 4426 1008 4492 quaerenda
1027 4423 1077 4475 erit
1095 4431 1226 4476 1111111111
1241 4415 1341 4472 1111111·
