2984 5176
466 1211 714 1279 ERRORES
743 1208 1173 1278 TYPOGRAPHICL

197 1710 259 1773 Pag.
276 1715 306 1759 12
320 1710 347 1759 in
360 1716 410 1759 not
425 1710 471 1761 col.
484 1711 572 1760 dextra
589 1727 612 1760 v.
631 1712 645 1759 7
663 1724 707 1776 pro
724 1726 741 1773 η
759 1709 824 1759 tilii
842 1716 871 1759 et
889 1726 912 1759 ω
929 1710 1016 1759 filiae
1033 1708 1088 1772 laga
1108 1712 1138 1756 11
1159 1707 1232 1757 filii
1251 1716 1284 1757 at
1305 1712 1338 1757 lo
1356 1706 1441 1757 tiliae.

197 1797 259 1859 Pag.
280 1801 309 1845 15
328 1796 354 1845 in
371 1804 442 1845 textu
459 1812 481 1844 v.
502 1800 513 1843 l
533 1796 565 1845 ab
581 1797 632 1846 imo
648 1811 693 1860 pro
709 1795 887 1847 numulacra
903 1795 956 1859 laga
972 1794 1149 1845 simulacra.

198 1882 259 1945 Pag.
278 1888 310 1931 24
329 1883 356 1931 in
373 1889 444 1931 textu
460 1896 483 1930 v.
503 1885 517 1930 9
534 1895 580 1944 pro
596 1890 676 1933 aaaat
691 1882 745 1945 laga
761 1895 832 1931 ease.

197 1967 261 2030 Pag.
280 1973 312 2016 59
330 1968 356 2016 in
373 1975 443 2016 textu
460 1982 483 2015 v.
501 1972 516 2014 4
534 1982 579 2029 pro
596 1980 685 2033 aetna
700 1968 754 2031 laga
770 1980 876 2016 aecum.

198 2051 260 2115 Png.
280 2057 311 2102 59
329 2053 356 2101 in
372 2060 424 2101 not.
442 2052 486 2101 col.
504 2052 603 2101 sinistra
619 2068 642 2101 v.
661 2059 676 2101 4
694 2068 739 2116 pro
756 2067 770 2100 a
786 2051 839 2112 lega
856 2064 897 2098 eo.

198 2137 260 2200 Pag.
281 2140 311 2186 78
329 2139 356 2187 in
372 2145 425 2187 not.
442 2138 487 2187 col.
505 2139 592 2186 dextra
608 2152 631 2185 v.
650 2143 666 2186 4
683 2137 775 2186 excidit
791 2135 913 2184 Modina
930 2139 987 2182 anta
1004 2133 1161 2183 advaraua

198 2221 261 2285 Pag.
280 2228 312 2271 88
330 2223 356 2271 in
373 2231 424 2272 not
442 2224 487 2272 col.
506 2225 595 2272 dextra
612 2238 635 2271 v,
656 2227 685 2272 18
704 2227 748 2286 pra
765 2221 828 2270 Pal.
846 2226 861 2269 2
879 2220 933 2282 lega
949 2218 1012 2267 Pal.
1032 2222 1054 2266 1.

199 2307 261 2369 Pag.
280 2312 311 2356 88
330 2309 356 2356 in
373 2315 424 2355 not.
442 2308 487 2356 col.
505 2309 591 2356 dextra
607 2323 631 2356 v.
650 2313 664 2354 9
683 2307 715 2355 ab
725 2308 775 2355 imo
790 2321 835 2369 pro
852 2290 983 2354 fartaase
1001 2300 1096 2353 Gadis
1113 2302 1170 2366 lega
1190 2304 1331 2371 for-tasse
1348 2303 1436 2354 Gadir.

198 2388 262 2453 Pag.
281 2394 311 2437 91
331 2390 357 2437 in
374 2396 425 2437 not
442 2390 486 2438 col.
504 2391 592 2438 dextra
609 2405 632 2438 v.
652 2395 683 2437 14
701 2391 733 2439 ab
749 2391 800 2439 imo
817 2390 873 2439 tolla
890 2396 974 2438 notam
990 2387 1021 2436 F.

198 2471 260 2534 Pag.
279 2478 312 2520 92
330 2473 357 2521 in
375 2481 444 2522 textu
462 2490 484 2522 v.
503 2479 517 2522 8
536 2484 600 2523 extr.
618 2490 663 2539 pro
680 2477 849 2538 saxaginta
865 2475 919 2538 lega
936 2473 1109 2536 sexaginta.

199 2556 261 2619 Pag.
280 2562 311 2606 95
330 2558 357 2607 in
374 2566 434 2607 nota
449 2559 495 2607 col.
504 2560 592 2609 dextra
608 2576 631 2609 v.
651 2565 682 2609 10
700 2562 733 2611 ab
749 2562 799 2609 imo
818 2576 861 2625 pro
878 2560 1008 2609 inutiles
1023 2558 1078 2621 lega
1095 2558 1238 2610 inutilia

199 2640 262 2705 Pag.
282 2647 330 2692 113
348 2644 374 2692 in
391 2652 441 2693 not
459 2645 503 2693 eol.
521 2645 622 2694 sinistra
638 2662 661 2695 v.
680 2652 695 2694 3
712 2661 757 2710 pro
774 2648 965 2709 Eutropaten
981 2644 1034 2707 lega
1051 2643 1267 2708 Satropaten,
1287 2656 1313 2694 et
1330 2661 1390 2694 mox
1403 2656 1438 2706 pro

270 2727 457 2792 Satropaten
474 2730 528 2793 lega
546 2730 744 2796 Satropatem.
979 2736 982 2741 '

199 2812 261 2877 Pag.
281 2819 328 2863 115
347 2815 374 2863 in
390 2822 441 2863 not
459 2816 504 2864 eol.
522 2817 612 2865 dextra
629 2833 652 2867 v.
670 2824 685 2867 8
703 2818 736 2867 ab
753 2819 803 2867 imo
820 2817 893 2867 verba
914 2815 1073 2880 quominus
1096 2840 1131 2849 —
1153 2815 1291 2865 dormire
1314 2816 1438 2878 possint,

267 2899 364 2950 sublato
381 2915 451 2961 non,
467 2908 540 2962 reeta,
556 2916 607 2950 non
624 2904 720 2954 eursiva
735 2904 856 2967 scriptura
872 2900 1032 2966 axprimanda
1049 2899 1159 2950 fuorunt.

199 2984 261 3048 Pag.
281 2989 330 3035 295
349 2986 375 3034 in
392 2992 463 3035 textu
479 3001 502 3034 v.
523 2989 537 3036 7
555 2986 587 3035 ab
604 2987 654 3036 imo
671 3003 715 3051 pro
732 2977 937 3051 empore-laga
954 2994 1096 3048 tempora.

198 3070 265 3134 Pag.
284 3076 334 3120 488
352 3072 379 3120 in
396 3078 466 3120 taxtu
483 3087 504 3119 v.
524 3076 538 3119 6
557 3071 590 3120 ab
606 3073 657 3121 imo
673 3087 718 3136 pro
734 3088 807 3137 quoa
823 3073 877 3136 lege
894 3080 974 3136 quot.
