2926 5174
102 285 174 357 236
482 354 485 360 ,
570 304 604 369 o.
632 305 866 358 cunuunnm
975 260 981 273 ⁸
1086 349 1093 357 .

101 489 147 590 (si
171 515 287 564 veram
302 489 411 590 fateri
435 488 601 589 totamm)
622 492 780 591 precaria
805 490 959 590 irnperio,
986 490 1097 566 adhue
1123 492 1240 591 inpare
1264 491 1328 566 aar

100 601 213 702 rupida
239 602 362 676 aeram
386 601 594 676 memmae
619 604 788 696 barbaris,
813 617 972 704 tempore,
999 596 1145 697 meliten,
1172 626 1256 702 open
1279 617 1328 695 est,

101 714 183 786 ditm
207 712 392 786 minatam
417 712 559 812 inpeniis
585 715 792 807 imbuantur,
826 728 857 788 et
889 717 1038 816 plamae
1062 714 1180 791 neta
1204 740 1328 790 aereae·

101 825 179 898 tado
208 824 397 922 permanet.
450 823 581 925 Frepee
615 852 741 927 queque
775 826 995 900 nsataritatem
1034 839 1154 902 statuta
1195 839 1354 926 temperet

101 948 289 1034 expectant:
321 935 404 1009 adea
439 936 537 1008 etiam
570 938 628 1010 illa
662 963 779 1012 sensere
804 937 911 1013 amnis
937 939 1100 1036 eapertia,
1135 951 1245 1012 natea
1274 965 1330 1013 sea

102 1047 169 1147 eye
200 1048 379 1148 mitescent.
436 1043 549 1130 Quid?
588 1049 721 1123 ineditis
747 1062 790 1123 tot
810 1062 936 1148 aeneo,
971 1048 1108 1122 alerias
1133 1049 1273 1149 imperio
1297 1069 1354 1123 aet

99 1158 230 1233 anniae
255 1171 412 1250 assuetae,
437 1183 505 1232 non
529 1161 645 1253 saeris,
662 1186 729 1236 nan
742 1160 897 1251 moridie,
914 1186 981 1234 nan
993 1162 1186 1236 eanmeraio
1205 1161 1328 1261 linpaae

99 1271 266 1345 anteeant
301 1271 521 1363 calanentee,
553 1271 665 1346 eedem
697 1272 823 1371 praelia
857 1272 999 1346 daniae
1024 1296 1114 1364 esse,
1148 1298 1212 1373 qao
1237 1273 1328 1346 aeetae

99 1381 198 1458 eant?
232 1381 359 1457 Vestris
381 1383 486 1456 armis
501 1384 711 1475 eontinentur,
736 1409 804 1459 nan
828 1385 899 1459 saie
925 1383 1079 1475 maiim,
1106 1397 1137 1458 et
1162 1385 1221 1484 qui
1238 1410 1327 1483 prae·

100 1507 205 1570 sentes
230 1505 384 1583 metuunt,
411 1493 448 1566 in
473 1495 619 1568 alsatia
645 1497 748 1570 testes
774 1508 878 1569 erant.
932 1493 1018 1572 Cara
1034 1496 1127 1598 ferre
1152 1496 1261 1570 bestiis
1283 1522 1326 1569 res

101 1619 165 1697 eet,
200 1631 284 1705 qaae
310 1618 426 1702 captae
451 1617 481 1678 et
504 1606 668 1698 ineleeae,
702 1607 782 1707 qnia
808 1607 961 1706 uisuram
986 1619 1110 1681 narra
1134 1633 1203 1683 nen
1222 1622 1324 1707 potest,

100 1717 228 1816 turpior
254 1717 325 1790 diee
350 1716 488 1816 mineat.

51 1831 73 1903 8
108 1842 110 1847 ’
203 1827 250 1902 Et
281 1827 390 1901 adine
423 1828 471 1902 eie
502 1854 582 1928 apo,
621 1841 780 1929 tanquam
813 1829 925 1903 annia
959 1830 1094 1904 sedeate
1125 1829 1194 1904 sint
1226 1831 1343 1922 armitt

100 1967 185 2042 qaae
200 1943 344 2044 fuerant
368 1939 405 2013 in
430 1941 557 2016 dicioree
583 1941 704 2014 Darei.
757 1941 972 2042 Hyrcaniam
996 1940 1223 2018 Nabarzanes
1248 1969 1320 2018 aeae

101 2054 215 2154 pauit3
242 2054 371 2128 Baetra
397 2077 464 2126 nen
485 2054 635 2153 possidet
658 2054 765 2127 selant
786 2053 965 2152 partieida
990 2054 1130 2145 Burrus,
1157 2055 1319 2130 sedetiam

101 2165 269 2255 minatam
298 2161 477 2262 Sopdiaai,
502 2164 639 2258 Dahae,
665 2165 890 2266 Messapetae,
918 2163 1041 2258 Sacae,
1066 2165 1150 2240 Indi
1174 2167 1230 2241 sai
1252 2167 1318 2241 ierit

102 2289 187 2351 sant.
245 2271 368 2350 anneo
399 2275 447 2368 tt,
480 2276 583 2351 simul
607 2291 698 2379 terpa
722 2291 835 2352 nostra
859 2277 1019 2368 uiderint,
1044 2293 1231 2378 sequenter.
1278 2274 1350 2352 lilill

103 2387 192 2462 enirn
225 2385 373 2460 eiaedem
406 2388 549 2462 nationis
575 2402 664 2481 eunt,
699 2414 760 2463 noe
785 2388 989 2488 animatae
1015 2402 1045 2462 et
1069 2391 1206 2464 eeterni.
1257 2387 1318 2465 set

103 2499 240 2600 qumque
265 2511 375 2573 auem
395 2498 567 2599 placidias
586 2514 703 2598 paret,
735 2501 834 2574 etium
860 2526 935 2574 eam
961 2500 991 2574 ts
1010 2514 1162 2599 praeest,
1190 2502 1247 2601 qai
1267 2523 1317 2572 nn·

137 2723 160 2788 5.
179 2726 203 2773 6.
239 2723 300 2773 dam
318 2750 351 2756 -
369 2719 518 2772 imbuuntur
541 2729 564 2773 et
588 2751 622 2760 —
641 2738 704 2788 per·
737 2719 818 2773 Bueil.
838 2718 918 2773 editio
935 2719 1042 2771 nomini.
1071 2717 1112 2773 cf.
1130 2721 1165 2772 ed
1184 2735 1228 2786 111,
1246 2726 1274 2774 28
1289 2733 1318 2770 a·

102 2792 214 2857 rrtalcet]¹
240 2787 286 2842 sie
312 2786 412 2839 editum
438 2795 496 2840 erat
522 2805 538 2840 u
569 2789 703 2843 veteribus
738 2798 810 2842 saeta
830 2789 945 2857 corperis
963 2788 1091 2853 custodie,
1111 2796 1139 2840 et
1157 2804 1188 2856 v,
1206 2797 1246 2855 33,
1264 2795 1284 2842 9.

102 2866 230 2931 quantum
247 2857 324 2910 video
342 2854 471 2922 omnibus,
490 2857 703 2911 doneeRaderus
773 2867 796 2910 et
814 2859 860 2926 qai
881 2856 1042 2926 praesentes]
1078 2857 1172 2927 Auget
1196 2858 1258 2910 haec
1278 2871 1319 2908 seu·

102 2936 169 2999 puto
192 2935 221 2982 et
246 2924 365 2980 Freinsh.
391 2926 558 2993 imbuantur,
586 2930 704 2996 permat—
738 2925 824 2993 tentia
851 2925 1067 2996 praecedentem,
1101 2944 1156 2979 non
1188 2923 1319 2997 opponitur:

103 3007 159 3050 seat
176 2995 341 3050 invexerunt.
376 2993 484 3046 Falsum
508 2994 559 3047 hoo
581 2995 703 3067 equidem
737 2995 828 3065 itaque
854 3002 927 3047 reete
948 2991 1054 3046 videtur
1071 2993 1181 3048 Medius
1199 2991 1319 3050 consuisse

101 3064 207 3119 minime
224 3062 349 3130 dixerim,
374 3070 464 3132 potest
480 3062 550 3116 enim
568 3064 704 3118 eonsilium
739 3065 811 3134 quod
828 3064 855 3116 in
872 3063 948 3116 oodd.
966 3061 1085 3116 omnibus
1103 3069 1133 3116 et
1150 3065 1212 3118 edd.
1230 3057 1321 3133 antiquit

101 3134 207 3188 victoris
225 3130 346 3203 exprimi,
365 3133 411 3184 sed
428 3148 463 3184 ne
477 3131 588 3202 simplex
599 3133 703 3205 quidem
738 3140 779 3186 est
797 3135 845 3186 sed
850 3152 858 3184 :
875 3130 1010 3200 secutique
1027 3138 1089 3184 suut
1107 3131 1211 3203 reliqui.

101 3202 226 3273 temporis
256 3199 411 3269 significatio
438 3218 455 3252 e
484 3216 514 3252 re
544 3202 629 3255 aliene
654 3211 703 3256 est.
774 3200 841 3270 cap.
859 3206 884 3268 8,
903 3205 928 3267 s.
947 3205 971 3253 9.
1006 3199 1086 3252 simul
1104 3209 1180 3269 terpa
1199 3210 1283 3271 nestra
1297 3197 1323 3250 ri·

100 3271 255 3325 Auctoritas
272 3285 335 3321 vero
352 3267 479 3321 librorum
491 3287 540 3338 pro
557 3270 703 3324 indicativis
739 3272 835 3338 derint]
883 3269 955 3322 Ante
989 3267 1112 3320 Modium
1140 3269 1180 3322 sie
1216 3269 1324 3322 edebatur

100 3348 157 3393 est:
179 3357 240 3392 nem
266 3339 428 3406 pennulceat
454 3355 508 3390 non
538 3348 579 3393 est
605 3339 654 3393 nisi
674 3339 703 3393 in
738 3355 824 3392 omnes
842 3339 870 3390 tt
887 3338 974 3403 timul,
992 3337 1017 3389 ei
1031 3338 1323 3405 teryaaeetraaiderint,

88 3408 157 3461 'Pel
177 3415 189 3460 1
208 3407 281 3460 Flor.
299 3403 364 3457 DFl
381 3405 461 3458 Beru.
489 3406 527 3472 B,
555 3409 703 3462 imbuantur
737 3425 765 3460 se
782 3418 885 3472 uenter,
904 3405 973 3459 sieut
990 3403 1089 3473 legitur
1106 3403 1134 3458 in
1147 3404 1324 3460 BermssFlor.

99 3475 128 3529 iu
144 3474 216 3529 Flor.
234 3474 284 3527 AB
303 3474 373 3542 quod
390 3473 472 3528 miror
488 3475 611 3595 <ponium
628 3477 702 3531 Leia.
737 3424 854 3528 DiFGI
865 3473 928 3527 etC
947 3471 996 3553 uisi
1009 3473 1085 3594 {wi
1103 3473 1132 3527 in
1149 3475 1202 3529 hoe
1218 3476 1326 3553 viderent,

100 3545 176 3598 Voss.
200 3551 212 3596 1
232 3543 313 3596 Bern.
338 3543 363 3594 A
390 3559 450 3596 cum
472 3543 579 3614 reiquis
602 3546 703 3599 hebent
736 3544 765 3596 in
788 3543 817 3596 H
843 3544 918 3596 deest
935 3542 1042 3611 uhqur.
1077 3541 1111 3595 In
1138 3543 1246 3613 optimis
1267 3540 1326 3596 Lut

99 3615 256 3667 imbuantur.
298 3609 352 3664 Sed
376 3610 484 3682 insuper
509 3613 589 3667 etiem
612 3617 703 3668 melior
737 3612 808 3666 Flor.
819 3612 869 3664 ΑΒ
887 3611 1004 3664 BermA
1020 3611 1143 3664 uiderunt
1160 3614 1187 3665 ei
1205 3621 1327 3682 sequenter

99 3684 255 3736 consuetude
272 3681 420 3734 revocanda
437 3680 543 3734 videtur
556 3682 584 3734 in
598 3692 703 3737 textum
736 3680 764 3733 in
782 3681 858 3734 Voss.
878 3687 891 3732 1
911 3680 1024 3733 viderint
1041 3680 1067 3731 si
1083 3691 1234 3760 requenter.
1257 3679 1328 3734 Mirr

97 3752 140 3804 vel
157 3760 250 3805 eontra
272 3748 396 3818 suffragia
412 3749 625 3806 Florentinomm
642 3752 702 3817 AB,
738 3767 790 3829 quo
807 3749 879 3803 istud
896 3750 922 3802 ei
939 3746 1078 3819 pertineat,
1097 3766 1125 3801 m
1140 3748 1211 3803 bene
1228 3748 1329 3804 eonieee·

99 3820 193 3891 quibus
221 3820 331 3890 vulgata
357 3822 461 3873 mollior
483 3817 586 3872 nititur.
630 3820 701 3874 Nem
735 3825 772 3872 nt
789 3817 915 3871 Heinsius
940 3817 1024 3888 (quod
1045 3815 1099 3870 iem
1117 3816 1145 3870 in
1240 3817 1281 3871 'ue
1295 3816 1329 3871 lu-

97 3899 190 3944 contre
206 3897 280 3943 stant
297 3906 357 3942 oum
373 3888 480 3960 reliquis
495 3886 574 3941 Bern.
586 3891 612 3941 A
626 3888 700 3944 Leid.
735 3885 829 3940 niunee
846 3886 955 3957 legitur)
973 3886 1029 3938 inee
1065 3896 1149 3966 entur.
1162 3836 1279 3941 mefflue
1293 3902 1329 3964 eu·

97 3958 174 4013 Voss.
199 3969 210 4012 1
236 3966 265 4012 et
288 3957 415 4011 Modiana
436 3955 518 4011 editio
540 3965 620 4028 atque
645 3958 701 4028 ipsu
735 3964 790 4009 tem
805 3972 893 4010 omnes
915 3962 988 4009 reete
1035 3954 1126 4008 odium
1143 3955 1236 4010 fecisse
1252 3954 1328 4009 exiru-

98 4026 214 4098 dignitas
232 4025 366 4082 orationis.
735 4034 850 4078 ruerunt.

771 4097 796 4159 s.
817 4100 856 4148 10.
892 4094 955 4147 Suis
977 4093 1086 4161 quisque
1104 4101 1192 4146 auten
1205 4092 1327 4163 plectatur

732 4164 823 4233 paret]
846 4162 936 4233 Vulgo
953 4159 1051 4231 legitur
1067 4161 1126 4213 uait
1143 4171 1230 4214 aetem
1246 4161 1326 4241 amque

730 4241 830 4299 parent
851 4231 997 4300 placidiae.
1045 4228 1102 4282 Noe
1131 4230 1326 4283 emendatiores

736 4298 822 4352 secuti
839 4317 927 4352 sumus
952 4297 1119 4352 Medianum:
1137 4315 1200 4351 num
1216 4296 1282 4351 hisi
1310 4292 1315 4306 '

736 4367 823 4421 verbis
840 4367 919 4422 firisse
935 4367 963 4420 in
979 4365 1052 4420 libris
1069 4365 1252 4437 manuscriptis
1267 4309 1325 4418 iti'ii

138 4440 162 4505 s.
180 4445 204 4490 8.
239 4437 341 4489 nemine
364 4442 494 4506 assuetae]
529 4435 659 4492 Modiana
675 4444 704 4491 et
736 4454 791 4490 non
818 4438 914 4506 oredo,
948 4435 1030 4492 nostri
1055 4434 1125 4489 enim
1149 4441 1180 4489 et
1205 4430 1321 4489 Snukeub·

61 4164 64 4169 -
135 4133 157 4197 ξ.
177 4137 200 4181 7.
236 4139 331 4183 statuto
351 4131 473 4200 tempore]
509 4128 629 4182 Freinsh.
647 4148 702 4183 ma-

99 4195 149 4249 luit
166 4208 241 4251 seato.
277 4197 331 4250 Sed
355 4213 388 4249 ne
410 4216 477 4252 unus
495 4196 602 4269 quidem
619 4199 703 4252 codex

101 4265 243 4336 oorrigenti
267 4266 347 4319 levet.
384 4264 425 4320 cf.
444 4267 478 4320 ed
495 4281 530 4334 V,
549 4273 564 4321 8
590 4276 702 4320 statutae

101 4334 168 4387 vices
186 4345 334 4404 temporam.
