2926 5174
151 314 158 331 ¹·
181 290 257 362 214
671 306 855 370 10111111
878 307 964 358 aar1
1032 388 1035 393 Ι

175 493 274 567 forte
305 504 440 566 temere
474 492 633 566 humana
657 491 803 590 negotia
828 491 926 563 volvi
954 490 1082 588 agique
1107 513 1324 588 persuasum
1348 499 1412 563 est:

68 632 72 637 ·
176 604 364 703 [equidem
388 614 535 677 aeterna
561 603 816 678 constitutione
842 600 1080 700 crediderim]
1107 626 1279 698 nexuque
1305 625 1414 673 causa·

61 731 66 739 ’
177 739 263 788 rum
287 715 491 805 latentium,
528 740 574 787 ex
599 715 713 789 multo
746 726 831 788 ante
863 715 1137 803 destinatarum,
1172 737 1281 784 suum
1306 738 1414 809 quem·

178 852 253 924 que
279 824 442 899 ordinem
467 826 678 899 immutabili
704 829 784 925 lege
810 851 1027 925 percurrere.
1079 824 1223 898 Dareus
1251 834 1349 898 certe
1373 850 1416 898 re·
1431 843 1450 890 n

178 936 343 1036 spondit,
377 961 593 1034 quamquam
620 938 687 1012 sibi
715 935 934 1012 Graecorum
959 936 1113 1009 militum
1138 935 1230 1008 fides
1257 945 1347 1008 nota
1371 936 1416 1026 sit,

174 1051 367 1145 'nunquam
393 1059 514 1121 tamen
541 1073 563 1121 a
588 1050 821 1147 popularibus
854 1051 927 1122 suis
953 1072 1188 1122 recessurum.
1243 1045 1418 1118 Difficilius

184 1159 252 1232 sibi
283 1184 363 1233 esse
402 1158 589 1250 damnare,
628 1185 736 1256 quam
772 1159 896 1259 decipi.
965 1156 1144 1256 Quicquid
1177 1158 1254 1231 fors
1290 1157 1418 1230 tulisset

128 1276 140 1343 .’
181 1270 277 1342 inter
303 1294 388 1343 suos
413 1271 553 1369 perpeti
578 1270 693 1361 malle,
722 1296 830 1369 quam
855 1272 1080 1369 transfugam
1106 1269 1192 1342 fieri.
1248 1266 1297 1343 Se
1316 1269 1418 1367 perire

178 1406 273 1471 sero,
301 1381 331 1452 si
358 1382 499 1455 salvum
525 1406 604 1454 esse
630 1382 759 1455 milites
787 1383 842 1455 sui
867 1383 1014 1455 nollent.
1063 1379 1211 1470 Patron,
1239 1378 1417 1477 desperata

180 1494 275 1590 regis
303 1493 431 1583 salute,
456 1491 504 1565 ad
530 1518 602 1583 eos,
630 1493 759 1589 quibus
785 1505 960 1592 praeerat,
986 1492 1101 1583 rediit,
1116 1492 1238 1564 omnia
1264 1517 1332 1590 pro
1356 1489 1415 1564 fide

182 1602 339 1701 experiri
365 1615 523 1701 paratus.

133 1715 180 1787 32
286 1712 338 1786 At
362 1712 496 1787 Bessus
529 1713 713 1788 occidendi
745 1715 909 1813 protinus
941 1716 1034 1813 regis
1066 1716 1242 1812 impetum
1270 1724 1442 1813 ceperani

182 1821 256 1898 Sed
282 1825 436 1917 veritus,
472 1851 518 1899 ne
544 1827 699 1924 gratiam
724 1826 934 1917 Alexandri,
962 1827 1030 1898 nisi
1056 1827 1183 1899 vivum
1211 1851 1295 1898 eum
1322 1822 1412 1897 tradi-

180 1935 304 2026 disset,
321 1935 410 2023 inire
435 1963 510 2010 non
535 1947 669 2035 posset,
690 1937 803 2010 dilato
824 1938 861 2009 in
886 1939 1089 2039 proximam
1114 1947 1261 2010 noctem
1289 1934 1410 2009 sceleris
1451 1956 1455 1975 ⁴

182 2047 341 2137 consilio,
368 2073 474 2145 agere
500 2049 634 2146 gratias
661 2049 793 2146 incipit,
815 2049 912 2146 quod
937 2047 1065 2147 perfidi
1090 2049 1246 2121 hominis
1272 2047 1409 2136 insidias,

180 2158 254 2229 iarn
273 2156 472 2230 Alexandri
498 2185 585 2257 opes
612 2160 818 2258 spectantia,
843 2159 1040 2257 prudenter
1066 2169 1243 2256 cauteque
1270 2160 1408 2232 vitasset

182 2265 330 2340 Donum
355 2293 438 2340 eum
463 2270 559 2343 hosti
584 2271 743 2345 laturum
768 2272 877 2345 fuisse
904 2271 997 2368 regis
1025 2280 1142 2368 caput.
1195 2267 1273 2342 Neo
1298 2267 1427 2355 mirarit
1452 2296 1455 2371 ᾗ

180 2379 364 2452 hominem
398 2381 562 2455 mercede
598 2381 816 2455 conductum
848 2383 967 2455 omnia
998 2383 1131 2455 habere
1158 2382 1318 2454 venalia:
1350 2379 1407 2451 sine

180 2491 343 2589 pignore,
358 2492 434 2564 sine
460 2495 544 2583 lare,
558 2503 736 2566 terrarum
762 2493 859 2566 orbis
886 2493 1038 2584 exulem,
1057 2493 1251 2590 ancipitem
1277 2493 1406 2576 hostem,

183 2601 387 2676 adnutum
413 2603 595 2678 licentium
622 2604 849 2678 circumferri.
889 2602 1063 2701 Purganti
1090 2603 1222 2677 deinde
1249 2629 1299 2693 se,
1326 2599 1424 2672 deos-s

180 2845 225 2892 ter
250 2853 306 2890 rem
332 2853 388 2891 esse
414 2845 617 2892 consentaneam
643 2837 785 2908 significat:
821 2838 935 2905 dubito).
971 2837 1024 2891 Sed
1044 2855 1152 2908 prorsus
1170 2854 1225 2890 non
1243 2836 1359 2906 intelligo
1373 2849 1407 2887 mr

180 2907 307 2973 eludant,
326 2923 374 2972 en,
392 2907 467 2961 facile
486 2916 543 2975 est,
562 2909 634 2988 quad
651 2907 728 2960 facile
746 2915 787 2960 est
820 2906 916 2960 Latine
933 2924 986 2960 non
1004 2905 1107 2959 dicatur
1120 2907 1302 2977 eamaitopro
1316 2900 1407 2974 eoquod

181 2975 689 3055 intellectu2siveeludantn1mirum,
715 2976 786 3045 quod
821 2983 890 3029 esset
920 2991 954 3026 ex
983 2983 1086 3028 remoto
1118 2982 1241 3044 tempore
1268 2973 1406 3028 constituere

180 3045 292 3097 verbum
313 3043 434 3098 similiter
463 3053 491 3098 et
515 3044 668 3098 adverbium
695 3052 737 3097 est
758 3052 787 3096 11
820 3043 885 3114 quid
902 3044 1020 3095 futurum
1037 3043 1080 3096 sit.
1115 3042 1193 3097 Unus
1216 3042 1290 3096 Flor.
1313 3042 1406 3096 aaa

181 3111 338 3168 coniunctio.
358 3112 428 3165 Tum
442 3115 512 3180 forte
526 3123 687 3166 temeremss.
697 3128 786 3165 omnes
821 3115 900 3165 malta
918 3121 985 3164 aste.

181 3189 210 3235 et
228 3181 291 3232 edit.
309 3181 397 3248 Mod,
426 3183 498 3251 quad
519 3199 602 3251 genus
619 3181 723 3234 dicendi
741 3180 786 3233 Li·
856 3183 880 3249 §.
899 3187 939 3233 11.
975 3181 1106 3249 seperire
1123 3197 1181 3232 sero
1211 3182 1237 3234 si
1255 3182 1353 3233 soleam
1367 3189 1408 3229 esse

181 3248 225 3302 vio
243 3247 370 3301 familiare
387 3249 464 3318 primi
482 3249 596 3302 editores
614 3257 788 3320 corruperunt
822 3251 916 3302 milites
934 3250 978 3301 sai
994 3249 1102 3318 nollent]
1131 3247 1187 3300 Ver
1207 3266 1223 3301 a
1247 3246 1408 3303 collocavimus

173 3320 249 3387 forte
272 3334 304 3368 ac
327 3326 419 3369 temere
440 3317 599 3384 scribentes,
627 3318 788 3388 nimiumque
822 3317 1040 3388 quemadmodum
1067 3315 1128 3371 libri
1160 3325 1209 3368 aut
1235 3317 1353 3371 meliores
1375 3317 1409 3365 tui

182 3384 274 3437 fideles
296 3384 338 3436 vel
363 3383 506 3437 incuriosos
531 3385 620 3454 potius
641 3385 788 3440 imitatores
822 3402 911 3438 amnes
928 3385 1068 3438 iusserunt.
1103 3384 1194 3455 Vulgo
1217 3403 1278 3440 sero
1300 3382 1410 3455 seperire

183 3451 348 3505 invenerunt.
384 3452 454 3505 Vide
471 3451 589 3506 Gronov.
607 3461 636 3506 et
652 3454 735 3507 Drak.
754 3455 788 3506 ad
822 3461 851 3507 et
868 3456 912 3507 sai
928 3454 1032 3506 milites.
1067 3452 1135 3506 Post
1156 3452 1239 3507 etiam
1257 3457 1328 3524 repis
1344 3452 1410 3506 satae

182 3519 293 3587 Liv.x,
315 3526 424 3587 43,12.
460 3521 551 3574 Etiam
570 3521 662 3575 Cicero
685 3523 718 3574 de
735 3522 788 3576 div.
823 3540 912 3576 omnes
930 3522 1005 3575 codd.
1023 3540 1092 3588 mss,
1110 3520 1175 3574 editi
1193 3525 1283 3576 salute
1300 3523 1371 3592 repis.

183 3603 218 3656 11,
237 3593 270 3641 68
288 3589 343 3641 nisi
359 3591 411 3642 ista
430 3607 494 3642 cosa
512 3608 632 3643 nonnam.
644 3609 704 3643 uam
713 3593 788 3660 forte
859 3591 923 3661 Cap.
934 3597 976 3658 32,
995 3593 1018 3658 ξ.
1030 3598 1053 3643 l.
1072 3592 1194 3659 impetum
1205 3592 1322 3662 ceperat]
1339 3585 1409 3655 Vulgo

182 3667 275 3712 temere
293 3668 474 3710 concurrerent
479 3677 488 3724 ,·
505 3657 574 3716 idem
592 3608 649 3712 eod.
666 3659 788 3713 11111017
826 3669 989 3728 conceperat,
1011 3659 1058 3711 sed
1080 3660 1202 3727 impetam
1221 3677 1317 3740 capiere
1332 3657 1410 3711 usias

182 3727 251 3796 qaid
274 3735 312 3778 est
339 3729 442 3779 tandem
471 3729 541 3795 qaod
571 3745 635 3780 casa
650 3729 718 3794 fieri
744 3738 791 3781 aut
825 3737 866 3781 est
883 3736 911 3780 11
928 3726 1004 3781 Livio
1022 3726 1154 3779 familiaris
1168 3726 1280 3794 locutio,
1299 3727 1366 3782 conci
1400 3736 1410 3772 t

173 3798 250 3866 forte
265 3796 373 3857 [ortana
387 3804 522 3865 putamus,
541 3796 591 3849 etsi
604 3796 658 3849 illic
672 3796 700 3849 in
713 3796 789 3850 codd.
824 3815 877 3850 nou
895 3795 969 3849 item.
1006 3796 1116 3864 Ceperat
1138 3794 1202 3848 edit.
1221 3796 1297 3850 Mod.
1315 3805 1342 3849 et
1374 3792 1409 3844 lor.

184 3862 317 3917 nonnullis
327 3866 401 3933 forte
409 3866 555 3934 fortunave
572 3864 678 3933 legitur.
705 3863 789 3918 Deni-
823 3865 873 3917 AB
892 3863 965 3917 Leid.
983 3864 1061 3917 Voss.
1080 3871 1113 3931 1,
1141 3875 1264 3933 coeperat
1290 3865 1364 3918 Bern.
1383 3857 1409 3910 A

184 3948 237 4002 que
259 3933 330 4001 quod
350 3932 378 3985 in
402 3932 507 4004 optimis
530 3941 558 3986 et
575 3933 695 4004 plurimis
713 3935 788 3987 codd.
823 3933 908 3986 Paulo
935 3941 995 4004 post
1025 3935 1080 3986 nisi
1125 3948 1156 3984 ro
1182 3932 1256 4003 vulg.
1285 3935 1316 3986 ni
1339 3940 1408 3985 omns

183 4008 225 4053 est
243 4018 384 4054 caesaram
406 4020 441 4054 ee
459 4003 554 4054 merito
577 4012 650 4055 ante
673 4004 788 4055 destina·
822 4001 893 4055 Flor.
912 4010 940 4055 et
956 4002 1079 4055 BernB
1122 3999 1171 4053 eid.
1191 4000 1271 4055 Voss.
1290 4009 1313 4055 1.
1342 3996 1408 4052 Miror

183 4079 271 4122 tarum
288 4069 399 4123 raritate
416 4069 562 4137 locutionis,
581 4070 683 4141 opinor,
702 4071 790 4123 deter·
824 4071 858 4124 ab
881 4071 931 4124 hoc
958 4078 1086 4124 concentu
1113 4076 1229 4140 utroque
1254 4068 1312 4124 loco
1336 4067 1407 4121 aseae

184 4136 231 4189 riti
249 4137 362 4192 editores
384 4157 438 4192 non
460 4139 581 4192 tulerunt
603 4139 789 4208 dederuntque
823 4139 904 4192 Bern.
922 4141 956 4206 A,
975 4140 1003 4192 ni
1020 4137 1125 4193 collatio
1143 4137 1248 4191 fefellit.

184 4214 209 4257 et
236 4223 284 4274 pro
311 4224 342 4260 eo
368 4208 439 4278 quod
460 4214 501 4260 est
524 4225 572 4275 ex,
600 4207 670 4260 sicut
692 4207 789 4260 lenitur
859 4211 882 4276 §-
900 4216 925 4262 3.
965 4209 1073 4277 arpenti
1090 4207 1183 4259 deinde
1201 4208 1243 4286 se]
1270 4203 1404 4260 coaeum

184 4250 788 4352 1111111101.οἣ1011111111111111111101-
823 4275 910 4329 locum
941 4227 1008 4330 fibnc
1038 4273 1152 4330 correxit
1183 4273 1287 4340 Inmus;
1321 4268 1402 4351 adca

184 4358 278 4409 srams,
310 4342 331 4395 si
365 4344 429 4397 fides
466 4344 555 4398 silenti
586 4343 788 4414 snakenburgio
823 4345 892 4397 enim
919 4353 948 4400 et
972 4346 1031 4399 edd.
1053 4342 1212 4398 vetustiores
1233 4349 1347 4413 arpocrati
1365 4350 1400 4388 0¹·

185 4410 356 4481 (quamquam
373 4413 406 4465 de
423 4411 511 4483 priore
525 4414 600 4468 Voss.
618 4414 788 4467 vehementer
822 4413 923 4467 hibent.
