2926 5174
113 261 186 332 392
578 278 613 342 Q.
649 275 774 330 curru
805 276 892 328 nau

112 463 235 554 dicere,
270 488 411 536 taurum
437 486 511 534 eum
536 460 642 553 rabie,
677 487 744 561 qua
778 459 968 558 compulsum
1000 473 1061 551 est,
1095 472 1133 533 ut
1158 485 1224 551 are,
1256 486 1336 561 quem

106 574 262 674 parentis
288 575 355 647 loco
387 573 488 647 colere
519 574 661 665 deberet,
697 572 789 665 uellet
820 570 974 646 occidere.
1026 569 1154 669 Nuper
1179 595 1251 645 cum
1268 593 1355 672 pros

113 685 224 758 caciae
250 709 286 758 ee
313 683 349 756 in
374 684 542 758 venatione
563 687 732 784 perennet,
765 707 857 757 more
881 681 1013 780 patrio,
1043 694 1075 755 et
1098 682 1142 754 ab
1168 682 1333 783 ambrosi

112 797 178 869 rnie
203 795 422 869 Macedoniae
448 820 564 894 repam
590 808 760 896 scarpato,
792 793 953 892 caetipari
977 817 1053 866 eum
1079 793 1176 868 iussi.
1227 793 1333 868 Horo

113 919 238 1006 oportet
255 906 349 1003 fieri,
380 918 410 977 et
434 917 471 977 ut
495 934 518 980 a
543 909 700 982 matous
720 904 857 1006 pupilli,
884 931 906 978 a
931 904 1063 978 nanae
1089 928 1220 993 unoree,
1248 903 1332 977 sara

114 1042 240 1117 quoqne
269 1040 396 1115 pueros
429 1017 529 1093 buius
560 1021 676 1093 aetatis
707 1018 879 1092 uerberare
910 1014 1130 1090 concedimus.
1184 1013 1273 1088 Haec
1298 1027 1354 1089 eal

113 1128 251 1202 saevitia
278 1127 314 1200 ia
340 1127 452 1224 ipsum
476 1156 561 1222 mea,
587 1155 690 1230 quam
715 1127 822 1227 impia
849 1127 948 1201 caede
975 1125 1076 1200 uoluit
1094 1124 1219 1199 abaci.
1254 1123 1332 1198 Nam

114 1239 149 1312 in
175 1252 305 1330 ceteros,
332 1238 391 1338 qui
415 1240 498 1313 mibi
514 1240 712 1339 permittunt
735 1238 785 1312 aeti
800 1239 932 1337 inpenio
949 1261 1029 1330 areo,
1055 1261 1160 1337 quarn
1175 1234 1262 1308 rada
1276 1234 1332 1324 eina

113 1375 179 1424 non
211 1350 389 1450 ipnoratis,
429 1363 460 1423 et
493 1376 746 1426 commemorare
780 1375 1026 1449 superuacuam
1063 1362 1121 1423 eet.
1175 1344 1350 1443 Hermobot

110 1462 367 1559 parricidarum
392 1462 560 1560 supplicia
585 1488 652 1536 non
671 1463 823 1561 probari,
850 1486 926 1534 cum
951 1459 1067 1533 eadem
1094 1459 1168 1558 nise
1313 1455 1319 1470 '

114 1571 249 1644 minime
275 1571 402 1645 hercule
427 1574 589 1647 admiror.
641 1572 737 1648 Nam
763 1598 840 1646 cum
865 1572 1122 1646 Parmenionem
1148 1567 1258 1646 etP'

116 1680 246 1774 madet,
284 1707 364 1756 suae
399 1685 499 1758 servit
529 1709 660 1758 causae
712 1683 897 1782 Dpncesten
930 1708 1006 1758 uero
1040 1680 1275 1755 *tacunarum
1298 1676 1345 1750 lu

116 1792 311 1867 insidiatum
342 1796 445 1892 capiti
474 1820 545 1870 meo
571 1821 593 1868 o
619 1796 745 1870 duobus
776 1795 941 1869 indicibus
971 1793 1117 1883 liberavi,
1143 1816 1261 1864 rursm
1281 1812 1331 1863 cm

115 1905 236 1978 uiemm
261 1931 328 2004 per
353 1905 520 1981 biennium
553 1921 661 1981 maun
687 1904 818 1994 onata
856 1906 958 1978 donec
987 1929 1045 1979 uos
1063 1901 1333 2001 postulamur
1374 1910 1378 2007 j

116 2016 249 2090 tandem
274 2017 377 2091 debito
402 2007 566 2117 supplnio
596 2019 701 2092 scelus
733 2018 842 2090 lueret.
895 2016 1062 2105 Attalum,
1095 2026 1269 2112 uunquam
1288 2024 1350 2084 rent
1376 2022 1378 2035 '

70 2134 72 2139 '
117 2153 230 2219 essem,
255 2129 377 2202 bostem
394 2154 465 2204 areo
491 2129 595 2229 capiti
608 2130 722 2230 fuisse
748 2127 955 2203 ruminatis.
1009 2122 1117 2202 Cibus
1142 2123 1267 2197 retinam
1286 2144 1333 2194 noa

116 2405 144 2450 et
169 2395 225 2467 ipse
252 2411 353 2449 errasse
375 2395 501 2465 videbor,
528 2397 652 2469 quoniam
674 2397 722 2451 nli-
755 2400 804 2450 mis
822 2407 1077 2466 europaeorum,
1097 2398 1132 2448 88
1151 2389 1333 2468 cumferoor'al·

117 2473 216 2536 quanto
233 2464 318 2518 minus
334 2482 350 2517 a
367 2463 496 2519 librorum
518 2467 647 2538 scripturo
670 2467 721 2520 dis·
755 2469 804 2518 mie
820 2469 949 2536 pontium,-
965 2480 995 2532 x,
1008 2471 1074 2517 24ε
1111 2464 1192 2516 italus
1206 2478 1236 2513 eu
1250 2459 1332 2512 nobile·

118 2533 190 2588 nessi.
226 2533 279 2587 Sed
294 2533 425 2586 edebatur
441 2543 580 2605 praeterea
597 2539 720 2602 ostendet,
755 2536 828 2587 simis
847 2537 965 2588 iuuenum
982 2541 1072 2586 consta
1089 2541 1126 2584 ot.
1157 2529 1333 2598 damatus

117 2620 167 2674 pro
191 2619 243 2672 quo
266 2618 326 2655 rece
344 2601 353 2653 i
375 2606 486 2657 ostendit
506 2621 521 2656 e
539 2605 619 2657 Bern.
637 2605 663 2656 A
680 2622 720 2674 pr.
754 2621 803 2674 pro
817 2603 889 2672 vulg.
903 2621 959 2656 eum
979 2600 1108 2669 curipari
1125 2614 1215 2678 omnes
1231 2612 1285 2648 msa

117 2689 152 2725 m.
170 2678 198 2723 et
215 2620 393 2724 morabut.
425 2672 496 2724 Nam
512 2672 631 2725 futurum
648 2680 721 2725 certe
789 2679 813 2724 et
830 2681 893 2724 uta
917 2671 1042 2724 tutoribus
1060 2667 1173 2745 pupillo]
1208 2662 1285 2717 Paulo
1299 2660 1333 2712 du·

103 2737 181 2793 errri
194 2739 295 2810 nequit,
312 2738 435 2808 quonium
449 2741 524 2793 addit
539 2740 719 2810 quuefecerit‚
754 2739 807 2792 rius
834 2738 973 2810 suppletur
1002 2754 1036 2790 ex
1066 2733 1199 2789 infinitivo
1225 2733 1334 2785 uerbum

118 2826 169 2861 non
193 2825 260 2879 quae
286 2807 403 2860 facturus
430 2809 472 2863 sit.
506 2811 649 2888 Imprudens
672 2827 722 2878 pro
755 2807 859 2860 finitum
868 2808 978 2860 verbum
986 2806 1165 2870 curuantur,
1180 2808 1334 2881 nequeam

118 2879 283 2946 imprudens,
316 2878 386 2946 quod
415 2877 443 2930 in
473 2877 563 2930 multus
593 2876 722 2947 bonisque
755 2877 805 2930 hoe
822 2884 929 2929 tantum
947 2883 999 2941 est,
1026 2879 1057 2925 ut
1073 2887 1182 2926 necesse
1200 2876 1235 2922 sit
1248 2869 1279 2922 de
1292 2882 1335 2920 uu·

117 2944 191 2998 libris
210 2945 316 3015 legitur,
335 2945 470 3016 evulgari
488 2961 584 3016 genere
604 2961 723 2999 errorum
755 2944 865 3015 figendo
896 2945 956 2998 loco
984 2941 1110 3012 cogitare
1157 2939 1256 2992 Tamen
1282 2931 1335 3011 quud

118 3021 167 3066 est.
194 3013 264 3066 Tum
282 3015 379 3067 latroni
397 3017 455 3067 huic
469 3031 558 3068 omnes
572 3032 642 3081 meu,
658 3013 722 3067 editi
755 3012 890 3066 Acidaliae
914 3031 962 3083 pro
982 3020 1005 3064 et
1022 3020 1050 3063 ut
1071 3007 1238 3062 scribendum
1258 3008 1336 3059 new

55 3130 61 3135 .
118 3084 177 3135 ltur'c
195 3084 300 3135 latroni.
756 3092 779 3135 et
795 3081 907 3150 ferunt,
931 3093 1090 3149 magnopere
1126 3075 1204 3130 lueet
1237 3071 1336 3149 Sedbqt

152 3168 225 3220 quem
244 3182 278 3191 -
296 3152 379 3203 colere
397 3152 508 3221 deberet]
545 3149 590 3204 Sic
607 3158 636 3203 et
652 3150 721 3204 ratio
755 3167 810 3202 non
824 3149 954 3202 silendum
969 3148 996 3201 in
1009 3164 1068 3200 mss.
1078 3095 1151 3198 Flu.
1163 3143 1361 3221 quidempusp·

116 3217 236 3290 postulet
249 3226 277 3271 et
290 3219 416 3272 librorum
429 3219 484 3272 fere
497 3218 613 3272 omnium
626 3228 719 3273 aucto·
752 3218 802 3270 bus
819 3226 848 3270 et
865 3217 945 3270 Bern.
963 3217 988 3270 A
1004 3213 1077 3268 Leid.
1095 3213 1184 3268 Voss.
1202 3219 1217 3267 2
1238 3211 1335 3283 whom:

118 3286 191 3340 ritae.
225 3286 315 3356 Vulgo
332 3287 456 3340 scribitur
474 3289 560 3353 debet,
588 3287 633 3339 sed
655 3295 719 3358 post
753 3288 856 3355 busque
873 3284 984 3339 vetustis
1007 3291 1069 3336 ante
1086 3281 1145 3335 Iun
1164 3290 1277 3352 oportere
1294 3277 1334 3345 lua

118 3354 217 3407 Aldum
236 3355 352 3421 demum,
371 3374 431 3408 nam
449 3355 508 3407 edd.
526 3355 659 3435 principes
677 3360 721 3409 de·
754 3372 803 3477 ppo
820 3364 929 3423 oportet,
947 3369 996 3407 neu
1012 3351 1065 3406 scio
1083 3367 1119 3402 an
1128 3349 1206 3403 Vasa
1217 3357 1229 3403 l
1241 3346 1334 3402 ernon

119 3424 205 3476 berent
228 3423 335 3476 hebent.
371 3423 447 3488 Quae
470 3425 617 3494 comgendr
644 3441 723 3478 ceusu
788 3420 994 3493 auctoritas,qui
1003 3420 1122 3483 silentur,
1236 3409 1334 3471 cernit
1374 3450 1378 3485 ,

119 3489 199 3543 fuerit
216 3489 300 3556 Aldo,
327 3492 372 3544 vix
389 3491 535 3562 intelligas,
563 3510 723 3563 quamquem
792 3494 815 3559 ξ.
828 3498 854 3544 4.
890 3502 915 3545 et
938 3435 1334 3559 commmorareffilewss
1374 3492 1378 3549 l

119 3558 141 3610 si
166 3575 256 3611 omnes
278 3559 339 3612 libri
361 3560 531 3614 indicativum
556 3561 722 3632 praeberent,
758 3559 820 3614 olim
841 3559 921 3613 editis
937 3566 972 3613 'et
995 3575 1053 3611 mss.
1070 3555 1135 3608 meis
1154 3553 1258 3625 quidem
1273 3564 1335 3607 ou*
1375 3564 1378 3615 ξ

118 3627 188 3680 ferre
205 3644 303 3697 posses.
756 3630 815 3695 bun,
833 3636 941 3698 praeter
958 3628 1036 3681 Bern.
1056 3624 1088 3690 Α,
1111 3623 1158 3676 sed
1176 3614 1334 3702 Sueborum&
1376 3642 1378 3693 j

153 3698 176 3763 §.
201 3702 225 3749 8.
264 3698 297 3749 ab
329 3698 517 3768 antiquissimis
548 3697 722 3752 Macedoniae
758 3696 810 3750 suis
832 3705 917 3764 tecet,
943 3713 991 3750 neo
1013 3711 1063 3764 ego
1086 3691 1201 3745 libenter
1221 3700 1333 3761 omasum,

117 3767 217 3834 repam]
262 3765 376 3835 Regibus
407 3766 563 3819 recentiores
595 3765 722 3820 editiones
757 3763 865 3820 Modius
878 3772 951 3818 certe
964 3772 1062 3817 temere
1075 3759 1183 3814 videtur
1195 3758 1287 3825 sedne,
1300 3766 1333 3824 φ
1376 3768 1378 3837 j

117 3834 217 3886 hebent
234 3835 375 3887 secundum
393 3834 469 3887 codd.
489 3851 544 3886 non
563 3850 659 3904 paucos
677 3836 724 3888 sed
758 3841 848 3887 totum
874 3834 925 3887 hoo
950 3845 1146 3886 commemorare
1172 3834 1331 3900 aperuerat!

10 3925 13 3930 ·
118 3901 255 3954 deterioris
272 3901 385 3968 ordinis,
412 3902 490 3955 Voss.
508 3909 522 3955 2
543 3902 626 3955 Pell
651 3903 723 3958 Flor.
759 3912 797 3956 eet
815 3900 959 3955 sustulerit.
994 3899 1068 3955 Unus
1081 3896 1186 3951 Floro
1203 3905 1330 3966 sapum·

118 3968 223 4036 DFGI‚
249 3969 329 4023 ceteri
347 3988 406 4023 eum
424 3969 583 4024 editionibus
608 3971 724 4042 antiquis
759 3987 843 4036 neum,
862 3971 909 4022 sed
923 3967 1014 4040 optimi
1028 3964 1188 4038 quiqnefere
1199 3973 1329 4030 remem-

118 4055 216 4106 repum.
251 4038 302 4092 Est
319 4039 384 4092 haec
401 4037 507 4108 quidem
528 4047 667 4110 poetarum
685 4041 724 4094 di·
759 4054 901 4091 vacaneum
915 4054 972 4091 esse
990 4037 1091 4101 dicunt,
1109 4033 1155 4086 sed
1173 4039 1328 4114 supa-om

119 4105 195 4158 cendi
212 4105 296 4172 ratio,
323 4108 369 4159 sed
388 4124 404 4159 a
420 4107 496 4161 Livio
513 4116 542 4161 et
560 4106 651 4160 Curtio
669 4127 724 4162 non
760 4117 797 4161 est
810 4105 1023 4176 impersonaliter
1034 4109 1144 4174 ponunt
1171 4094 1326 4156 videsutut

119 4191 179 4226 raro
204 4183 338 4244 usurpato.
374 4175 418 4228 Sic
443 4190 483 4242 IV,
513 4183 559 4241 17,
586 4181 601 4227 2
631 4178 725 4231 delecti
758 4168 1325 4243 bell.cat.ooetc1etqueeilliranuounw·

120 4243 248 4308 militum,·
270 4257 333 4309 vm,
352 4251 382 4309 2,
403 4250 434 4296 18
453 4246 509 4297 sine
528 4245 632 4297 delectis
646 4248 724 4312 pn'n-
794 4247 815 4312 ἓ.
836 4250 861 4298 7.
901 4246 1001 4305 utinam
1025 4259 1076 4294 non
1102 4239 1227 4308 οοέῃίεειε]
1264 4231 1324 4287 ΒΜ

121 4310 224 4376 cepum5
246 4325 287 4377 Ν,
308 4319 349 4380 63,
368 4319 400 4365 29
414 4315 532 4381 perculsi
549 4314 678 4378 bostium;
696 4329 723 4378 V,
759 4312 878 4385 postulat
898 4315 997 4367 utinum
1017 4327 1049 4362 ne
1069 4307 1115 4362 sed
1135 4306 1209 4361 etium
1223 4301 1279 4359 illud
1291 4292 1322 4350 θῖ-

28 4440 31 4444 ,
122 4381 169 4443 37,
189 4383 220 4430 18
238 4379 322 4432 Pauci
344 4383 472 4452 equitum3
495 4395 541 4449 vt,
559 4387 591 4434 22
610 4398 627 4433 a
635 4382 724 4449 finnt·
759 4399 830 4452 cero,
848 4381 911 4438 vide
929 4380 1043 4438 Gramn
1061 4380 1151 4450 ΜΠ.
