<?xml version="1.0" encoding="UTF-8"?>
<!DOCTYPE html PUBLIC "-//W3C//DTD XHTML 1.0 Transitional//EN"
    "http://www.w3.org/TR/xhtml1/DTD/xhtml1-transitional.dtd">
<html xmlns="http://www.w3.org/1999/xhtml" xml:lang="en" lang="en">
 <head>
  <title>
</title>
<meta http-equiv="Content-Type" content="text/html;charset=utf-8" />
  <meta name='ocr-system' content='tesseract 3.04.00' />
  <meta name='ocr-capabilities' content='ocr_page ocr_carea ocr_par ocr_line ocrx_word'/>
</head>
<body>
  <div class='ocr_page' id='page_1' title='image "./qcurtiirufidege01rufugoog_0319.png"; bbox 0 0 2926 5174; ppageno 0'>
   <div class='ocr_carea' id='block_1_1' title="bbox 114 282 876 362">
    <p class='ocr_par' dir='ltr' id='par_1_1' title="bbox 114 282 876 362">
     <span class='ocr_line' id='line_1_1' title="bbox 114 282 876 362; baseline 0.001 -9"><span class='ocrx_word' id='word_1_1' title='bbox 114 282 186 353; x_wconf 88' lang='grc'>288</span> <span class='ocrx_word' id='word_1_2' title='bbox 580 300 614 362; x_wconf 85' lang='lat' dir='ltr'>e.</span> <span class='ocrx_word' id='word_1_3' title='bbox 643 298 767 352; x_wconf 81' lang='lat' dir='ltr'>cunrn</span> <span class='ocrx_word' id='word_1_4' title='bbox 791 302 876 354; x_wconf 83' lang='lat' dir='ltr'>aum</span> 
     </span>
    </p>
   </div>
   <div class='ocr_carea' id='block_1_2' title="bbox 109 478 1324 2795">
    <p class='ocr_par' dir='ltr' id='par_1_2' title="bbox 110 478 1318 625">
     <span class='ocr_line' id='line_1_2' title="bbox 110 478 1318 554; baseline -0.001 -20"><span class='ocrx_word' id='word_1_5' title='bbox 110 497 152 549; x_wconf 84' lang='grc' dir='ltr'>ιιι,</span> <span class='ocrx_word' id='word_1_6' title='bbox 171 489 213 547; x_wconf 86' lang='grc'>22,</span> <span class='ocrx_word' id='word_1_7' title='bbox 232 487 256 534; x_wconf 84' lang='lat'>5.</span> <span class='ocrx_word' id='word_1_8' title='bbox 274 481 405 549; x_wconf 80' lang='lat' dir='ltr'>habende)</span> <span class='ocrx_word' id='word_1_9' title='bbox 428 480 520 532; x_wconf 90' lang='lat' dir='ltr'>urbem</span> <span class='ocrx_word' id='word_1_10' title='bbox 537 478 727 533; x_wconf 81' lang='lat' dir='ltr'><strong>Alexandriam</strong></span> <span class='ocrx_word' id='word_1_11' title='bbox 750 481 828 536; x_wconf 89' lang='lat' dir='ltr'>condi</span> <span class='ocrx_word' id='word_1_12' title='bbox 846 480 935 550; x_wconf 91' lang='lat' dir='ltr'>iussit,</span> <span class='ocrx_word' id='word_1_13' title='bbox 958 489 1139 554; x_wconf 88' lang='lat' dir='ltr'>superatoque</span> <span class='ocrx_word' id='word_1_14' title='bbox 1157 499 1189 538; x_wconf 91' lang='lat' dir='ltr'>eo</span> <span class='ocrx_word' id='word_1_15' title='bbox 1205 490 1281 537; x_wconf 88' lang='lat' dir='ltr'>monte</span> <span class='ocrx_word' id='word_1_16' title='bbox 1293 484 1318 534; x_wconf 86' lang='lat' dir='ltr'>ad</span> 
     </span>
     <span class='ocr_line' id='line_1_3' title="bbox 110 555 493 625; baseline -0.005 -15"><span class='ocrx_word' id='word_1_17' title='bbox 110 558 175 611; x_wconf 88' lang='lat' dir='ltr'>fines</span> <span class='ocrx_word' id='word_1_18' title='bbox 193 556 348 610; x_wconf 83' lang='lat' dir='ltr'>Bactrianae</span> <span class='ocrx_word' id='word_1_19' title='bbox 365 555 493 625; x_wconf 90' lang='lat' dir='ltr'>pervenit.</span> 
     </span>
    </p>

    <p class='ocr_par' dir='ltr' id='par_1_3' title="bbox 111 631 1319 933">
     <span class='ocr_line' id='line_1_4' title="bbox 180 631 1319 708; baseline 0.003 -22"><span class='ocrx_word' id='word_1_20' title='bbox 180 638 237 701; x_wconf 82' lang='grc'>(15)</span> <span class='ocrx_word' id='word_1_21' title='bbox 261 631 371 685; x_wconf 81' lang='lat' dir='ltr'>Interim</span> <span class='ocrx_word' id='word_1_22' title='bbox 389 633 486 685; x_wconf 81' lang='lat' dir='ltr'>Bessus</span> <span class='ocrx_word' id='word_1_23' title='bbox 508 633 645 687; x_wconf 91' lang='lat' dir='ltr'>eonsilium</span> <span class='ocrx_word' id='word_1_24' title='bbox 663 635 786 705; x_wconf 87' lang='lat' dir='ltr'>expedit,</span> <span class='ocrx_word' id='word_1_25' title='bbox 811 635 916 707; x_wconf 88' lang='lat' dir='ltr'>longius</span> <span class='ocrx_word' id='word_1_26' title='bbox 938 644 1009 690; x_wconf 90' lang='lat' dir='ltr'>trans</span> <span class='ocrx_word' id='word_1_27' title='bbox 1028 637 1120 692; x_wconf 88' lang='lat' dir='ltr'><strong>Oxum</strong></span> <span class='ocrx_word' id='word_1_28' title='bbox 1138 639 1226 708; x_wconf 81' lang='lat' dir='ltr'>(lodic</span> <span class='ocrx_word' id='word_1_29' title='bbox 1244 637 1319 704; x_wconf 80' lang='lat' dir='ltr'>Giton)</span> 
     </span>
     <span class='ocr_line' id='line_1_5' title="bbox 112 708 1319 786; baseline 0.002 -23"><span class='ocrx_word' id='word_1_30' title='bbox 112 709 251 764; x_wconf 91' lang='lat' dir='ltr'>recedendi</span> <span class='ocrx_word' id='word_1_31' title='bbox 278 717 307 762; x_wconf 89' lang='lat' dir='ltr'>et</span> <span class='ocrx_word' id='word_1_32' title='bbox 332 708 472 763; x_wconf 90' lang='lat' dir='ltr'>contractis</span> <span class='ocrx_word' id='word_1_33' title='bbox 499 711 672 765; x_wconf 77' lang='lat' dir='ltr'>accolentium</span> <span class='ocrx_word' id='word_1_34' title='bbox 697 713 871 766; x_wconf 89' lang='lat' dir='ltr'>barbarorum</span> <span class='ocrx_word' id='word_1_35' title='bbox 901 713 1003 767; x_wconf 80' lang='lat' dir='ltr'>auxiliis</span> <span class='ocrx_word' id='word_1_36' title='bbox 1030 713 1060 767; x_wconf 93' lang='lat' dir='ltr'>in</span> <span class='ocrx_word' id='word_1_37' title='bbox 1086 714 1222 786; x_wconf 90' lang='lat' dir='ltr'>Sogdiana</span> <span class='ocrx_word' id='word_1_38' title='bbox 1245 714 1319 767; x_wconf 89' lang='lat' dir='ltr'>belum</span> 
     </span>
     <span class='ocr_line' id='line_1_6' title="bbox 111 786 1318 861; baseline 0.002 -22"><span class='ocrx_word' id='word_1_39' title='bbox 111 786 235 857; x_wconf 89' lang='lat' dir='ltr'>gerendi:</span> <span class='ocrx_word' id='word_1_40' title='bbox 255 790 313 856; x_wconf 83' lang='lat' dir='ltr'>(lt)</span> <span class='ocrx_word' id='word_1_41' title='bbox 330 804 380 840; x_wconf 90' lang='lat' dir='ltr'>nec</span> <span class='ocrx_word' id='word_1_42' title='bbox 396 787 430 839; x_wconf 92' lang='lat' dir='ltr'>ab</span> <span class='ocrx_word' id='word_1_43' title='bbox 448 804 479 840; x_wconf 89' lang='lat' dir='ltr'>ea</span> <span class='ocrx_word' id='word_1_44' title='bbox 496 787 600 841; x_wconf 90' lang='lat' dir='ltr'>ratione</span> <span class='ocrx_word' id='word_1_45' title='bbox 610 787 721 841; x_wconf 80' lang='lat' dir='ltr'>Oebaris</span> <span class='ocrx_word' id='word_1_46' title='bbox 731 788 865 843; x_wconf 90' lang='lat' dir='ltr'>cuiusdam</span> <span class='ocrx_word' id='word_1_47' title='bbox 883 788 1005 844; x_wconf 91' lang='lat' dir='ltr'>oratione</span> <span class='ocrx_word' id='word_1_48' title='bbox 1024 791 1185 861; x_wconf 89' lang='lat' dir='ltr'>deterretur,</span> <span class='ocrx_word' id='word_1_49' title='bbox 1203 800 1231 845; x_wconf 91' lang='lat' dir='ltr'>ut</span> <span class='ocrx_word' id='word_1_50' title='bbox 1247 799 1318 845; x_wconf 85' lang='lat' dir='ltr'>senet</span> 
     </span>
     <span class='ocr_line' id='line_1_7' title="bbox 112 864 603 933; baseline 0.004 -17"><span class='ocrx_word' id='word_1_51' title='bbox 112 864 169 933; x_wconf 92' lang='lat' dir='ltr'>ipse</span> <span class='ocrx_word' id='word_1_52' title='bbox 187 865 342 918; x_wconf 88' lang='lat' dir='ltr'>Alexandro</span> <span class='ocrx_word' id='word_1_53' title='bbox 362 866 442 917; x_wconf 92' lang='lat' dir='ltr'>dedat</span> <span class='ocrx_word' id='word_1_54' title='bbox 460 865 603 919; x_wconf 90' lang='lat' dir='ltr'>suadentis.</span> 
     </span>
    </p>

    <p class='ocr_par' dir='ltr' id='par_1_4' title="bbox 111 941 1321 1399">
     <span class='ocr_line' id='line_1_8' title="bbox 182 941 1321 1016; baseline 0.004 -22"><span class='ocrx_word' id='word_1_55' title='bbox 182 943 241 1012; x_wconf 79' lang='lat'>(17)</span> <span class='ocrx_word' id='word_1_56' title='bbox 266 944 303 997; x_wconf 90' lang='lat' dir='ltr'>Et</span> <span class='ocrx_word' id='word_1_57' title='bbox 319 941 364 995; x_wconf 93' lang='lat' dir='ltr'>ille</span> <span class='ocrx_word' id='word_1_58' title='bbox 384 942 491 1012; x_wconf 90' lang='lat' dir='ltr'>quidem</span> <span class='ocrx_word' id='word_1_59' title='bbox 509 942 598 996; x_wconf 88' lang='lat' dir='ltr'>Oxum</span> <span class='ocrx_word' id='word_1_60' title='bbox 615 942 723 1011; x_wconf 82' lang='lat' dir='ltr'>transit,</span> <span class='ocrx_word' id='word_1_61' title='bbox 744 945 864 998; x_wconf 88' lang='lat' dir='ltr'>desertus</span> <span class='ocrx_word' id='word_1_62' title='bbox 882 962 898 998; x_wconf 93' lang='lat' dir='ltr'>a</span> <span class='ocrx_word' id='word_1_63' title='bbox 915 943 1063 998; x_wconf 79' lang='lat' dir='ltr'>Bactrianis</span> <span class='ocrx_word' id='word_1_64' title='bbox 1081 944 1228 1016; x_wconf 88' lang='lat' dir='ltr'>equitibus:</span> <span class='ocrx_word' id='word_1_65' title='bbox 1253 947 1321 1001; x_wconf 88' lang='lat' dir='ltr'>Mace·</span> 
     </span>
     <span class='ocr_line' id='line_1_9' title="bbox 112 1019 1321 1095; baseline 0.002 -24"><span class='ocrx_word' id='word_1_66' title='bbox 112 1019 373 1088; x_wconf 87' lang='lat' dir='ltr'>donum-exercitus,</span> <span class='ocrx_word' id='word_1_67' title='bbox 392 1020 544 1091; x_wconf 86' lang='lat' dir='ltr'>priusquam</span> <span class='ocrx_word' id='word_1_68' title='bbox 562 1021 632 1074; x_wconf 87' lang='lat' dir='ltr'>culta</span> <span class='ocrx_word' id='word_1_69' title='bbox 650 1021 709 1075; x_wconf 89' lang='lat' dir='ltr'>loca</span> <span class='ocrx_word' id='word_1_70' title='bbox 727 1022 884 1075; x_wconf 80' lang='lat' dir='ltr'>Bactrianae</span> <span class='ocrx_word' id='word_1_71' title='bbox 903 1021 1060 1092; x_wconf 88' lang='lat' dir='ltr'>attingeret,</span> <span class='ocrx_word' id='word_1_72' title='bbox 1079 1039 1129 1094; x_wconf 90' lang='lat' dir='ltr'>per</span> <span class='ocrx_word' id='word_1_73' title='bbox 1148 1024 1251 1079; x_wconf 88' lang='lat' dir='ltr'>deserta</span> <span class='ocrx_word' id='word_1_74' title='bbox 1264 1023 1321 1095; x_wconf 88' lang='lat' dir='ltr'>proli-</span> 
     </span>
     <span class='ocr_line' id='line_1_10' title="bbox 112 1095 1321 1169; baseline -0.001 -19"><span class='ocrx_word' id='word_1_75' title='bbox 112 1095 211 1164; x_wconf 87' lang='lat' dir='ltr'>ciscens</span> <span class='ocrx_word' id='word_1_76' title='bbox 229 1096 320 1168; x_wconf 91' lang='lat' dir='ltr'>inopia</span> <span class='ocrx_word' id='word_1_77' title='bbox 338 1097 453 1151; x_wconf 93' lang='lat' dir='ltr'>omnium</span> <span class='ocrx_word' id='word_1_78' title='bbox 470 1114 558 1150; x_wconf 90' lang='lat' dir='ltr'>rerum</span> <span class='ocrx_word' id='word_1_79' title='bbox 576 1098 712 1169; x_wconf 89' lang='lat' dir='ltr'>premitur.</span> <span class='ocrx_word' id='word_1_80' title='bbox 739 1101 799 1169; x_wconf 87' lang='lat'>(18)</span> <span class='ocrx_word' id='word_1_81' title='bbox 808 1099 892 1154; x_wconf 89' lang='lat' dir='ltr'>Varia</span> <span class='ocrx_word' id='word_1_82' title='bbox 900 1106 995 1152; x_wconf 89' lang='lat' dir='ltr'>natura</span> <span class='ocrx_word' id='word_1_83' title='bbox 1006 1097 1077 1152; x_wconf 90' lang='lat' dir='ltr'>illius</span> <span class='ocrx_word' id='word_1_84' title='bbox 1087 1107 1177 1153; x_wconf 88' lang='lat' dir='ltr'>terrae</span> <span class='ocrx_word' id='word_1_85' title='bbox 1187 1100 1321 1156; x_wconf 85' lang='lat' dir='ltr'>describitur.</span> 
     </span>
     <span class='ocr_line' id='line_1_11' title="bbox 112 1173 1321 1250; baseline 0.001 -24"><span class='ocrx_word' id='word_1_86' title='bbox 112 1175 172 1244; x_wconf 82' lang='lat'>(19)</span> <span class='ocrx_word' id='word_1_87' title='bbox 190 1174 292 1228; x_wconf 87' lang='lat' dir='ltr'>Bactris</span> <span class='ocrx_word' id='word_1_88' title='bbox 311 1173 407 1228; x_wconf 87' lang='lat' dir='ltr'>stativa</span> <span class='ocrx_word' id='word_1_89' title='bbox 424 1175 531 1229; x_wconf 82' lang='lat' dir='ltr'>habenti</span> <span class='ocrx_word' id='word_1_90' title='bbox 549 1174 655 1228; x_wconf 91' lang='lat' dir='ltr'>nuntius</span> <span class='ocrx_word' id='word_1_91' title='bbox 672 1173 730 1244; x_wconf 88' lang='lat' dir='ltr'>regi</span> <span class='ocrx_word' id='word_1_92' title='bbox 749 1176 857 1228; x_wconf 85' lang='lat' dir='ltr'>affertur</span> <span class='ocrx_word' id='word_1_93' title='bbox 876 1177 1007 1229; x_wconf 89' lang='lat' dir='ltr'>derebus</span> <span class='ocrx_word' id='word_1_94' title='bbox 1030 1193 1163 1247; x_wconf 89' lang='lat' dir='ltr'>prospere</span> <span class='ocrx_word' id='word_1_95' title='bbox 1183 1181 1250 1250; x_wconf 90' lang='lat' dir='ltr'>apud</span> <span class='ocrx_word' id='word_1_96' title='bbox 1265 1176 1321 1230; x_wconf 85' lang='lat' dir='ltr'>Arios</span> 
     </span>
     <span class='ocr_line' id='line_1_12' title="bbox 111 1250 1321 1324; baseline 0.001 -21"><span class='ocrx_word' id='word_1_97' title='bbox 111 1250 201 1321; x_wconf 88' lang='lat' dir='ltr'>gestis.</span> <span class='ocrx_word' id='word_1_98' title='bbox 241 1250 334 1305; x_wconf 84' lang='lat' dir='ltr'>Victus</span> <span class='ocrx_word' id='word_1_99' title='bbox 352 1251 421 1304; x_wconf 90' lang='lat' dir='ltr'>enim</span> <span class='ocrx_word' id='word_1_100' title='bbox 438 1251 488 1305; x_wconf 87' lang='lat' dir='ltr'>fuit</span> <span class='ocrx_word' id='word_1_101' title='bbox 506 1250 704 1319; x_wconf 80' lang='lat' dir='ltr'>Satibarzanes,</span> <span class='ocrx_word' id='word_1_102' title='bbox 723 1251 877 1305; x_wconf 84' lang='lat' dir='ltr'>rebellionis</span> <span class='ocrx_word' id='word_1_103' title='bbox 895 1261 995 1321; x_wconf 88' lang='lat' dir='ltr'>auctor,</span> <span class='ocrx_word' id='word_1_104' title='bbox 1014 1260 1043 1306; x_wconf 91' lang='lat' dir='ltr'>et</span> <span class='ocrx_word' id='word_1_105' title='bbox 1061 1253 1192 1324; x_wconf 83' lang='lat' dir='ltr'>singulari</span> <span class='ocrx_word' id='word_1_106' title='bbox 1208 1255 1321 1311; x_wconf 81' lang='lat' dir='ltr'>certamine</span> 
     </span>
     <span class='ocr_line' id='line_1_13' title="bbox 112 1326 403 1399; baseline 0.017 -20"><span class='ocrx_word' id='word_1_107' title='bbox 112 1327 146 1379; x_wconf 90' lang='lat' dir='ltr'>ab</span> <span class='ocrx_word' id='word_1_108' title='bbox 164 1326 275 1399; x_wconf 83' lang='lat' dir='ltr'>Erigyio</span> <span class='ocrx_word' id='word_1_109' title='bbox 294 1328 403 1384; x_wconf 90' lang='lat' dir='ltr'>occisus.</span> 
     </span>
    </p>

    <p class='ocr_par' dir='ltr' id='par_1_5' title="bbox 109 1404 1324 2795">
     <span class='ocr_line' id='line_1_14' title="bbox 181 1404 1321 1480; baseline 0 -21"><span class='ocrx_word' id='word_1_110' title='bbox 181 1407 239 1474; x_wconf 88' lang='grc'>(20)</span> <span class='ocrx_word' id='word_1_111' title='bbox 258 1407 370 1460; x_wconf 87' lang='lat' dir='ltr'>Bessum</span> <span class='ocrx_word' id='word_1_112' title='bbox 387 1405 541 1478; x_wconf 89' lang='lat' dir='ltr'>priusquam</span> <span class='ocrx_word' id='word_1_113' title='bbox 559 1406 716 1477; x_wconf 84' lang='lat' dir='ltr'>Scytharum</span> <span class='ocrx_word' id='word_1_114' title='bbox 734 1404 832 1459; x_wconf 90' lang='lat' dir='ltr'>auxilia</span> <span class='ocrx_word' id='word_1_115' title='bbox 850 1405 1020 1460; x_wconf 88' lang='lat' dir='ltr'>advenissent</span> <span class='ocrx_word' id='word_1_116' title='bbox 1037 1416 1215 1480; x_wconf 90' lang='lat' dir='ltr'>occupaturus</span> <span class='ocrx_word' id='word_1_117' title='bbox 1233 1410 1321 1463; x_wconf 84' lang='lat' dir='ltr'>Alexan·</span> 
     </span>
     <span class='ocr_line' id='line_1_15' title="bbox 112 1481 1321 1558; baseline 0.002 -22"><span class='ocrx_word' id='word_1_118' title='bbox 112 1483 172 1550; x_wconf 89' lang='lat' dir='ltr'>der,</span> <span class='ocrx_word' id='word_1_119' title='bbox 196 1484 331 1538; x_wconf 86' lang='lat' dir='ltr'>Artabazo</span> <span class='ocrx_word' id='word_1_120' title='bbox 351 1492 457 1555; x_wconf 89' lang='lat' dir='ltr'>satrapa</span> <span class='ocrx_word' id='word_1_121' title='bbox 473 1483 608 1552; x_wconf 89' lang='lat' dir='ltr'>instituto,</span> <span class='ocrx_word' id='word_1_122' title='bbox 632 1481 734 1537; x_wconf 84' lang='lat' dir='ltr'>Bactris</span> <span class='ocrx_word' id='word_1_123' title='bbox 751 1482 937 1553; x_wconf 89' lang='lat' dir='ltr'>proficiscitur,</span> <span class='ocrx_word' id='word_1_124' title='bbox 964 1485 1012 1538; x_wconf 90' lang='lat' dir='ltr'>sed</span> <span class='ocrx_word' id='word_1_125' title='bbox 1033 1487 1192 1558; x_wconf 89' lang='lat' dir='ltr'>priusquam</span> <span class='ocrx_word' id='word_1_126' title='bbox 1210 1490 1242 1541; x_wconf 89' lang='lat' dir='ltr'>ad</span> <span class='ocrx_word' id='word_1_127' title='bbox 1259 1488 1321 1542; x_wconf 90' lang='lat' dir='ltr'>Oxm</span> 
     </span>
     <span class='ocr_line' id='line_1_16' title="bbox 114 1559 1321 1634; baseline 0.003 -22"><span class='ocrx_word' id='word_1_128' title='bbox 114 1577 217 1613; x_wconf 89' lang='lat' dir='ltr'>amnem</span> <span class='ocrx_word' id='word_1_129' title='bbox 235 1561 387 1630; x_wconf 92' lang='lat' dir='ltr'>perveniret</span> <span class='ocrx_word' id='word_1_130' title='bbox 404 1561 548 1629; x_wconf 88' lang='lat' dir='ltr'>exereitus,</span> <span class='ocrx_word' id='word_1_131' title='bbox 567 1578 615 1632; x_wconf 93' lang='lat' dir='ltr'>per</span> <span class='ocrx_word' id='word_1_132' title='bbox 633 1559 785 1631; x_wconf 91' lang='lat' dir='ltr'>Sogdianae</span> <span class='ocrx_word' id='word_1_133' title='bbox 804 1562 908 1614; x_wconf 81' lang='lat' dir='ltr'>deserta</span> <span class='ocrx_word' id='word_1_134' title='bbox 924 1562 975 1614; x_wconf 89' lang='lat' dir='ltr'>iter</span> <span class='ocrx_word' id='word_1_135' title='bbox 993 1562 1110 1633; x_wconf 87' lang='lat' dir='ltr'>faciens,</span> <span class='ocrx_word' id='word_1_136' title='bbox 1130 1573 1207 1619; x_wconf 89' lang='lat' dir='ltr'>aestu</span> <span class='ocrx_word' id='word_1_137' title='bbox 1223 1573 1249 1618; x_wconf 91' lang='lat' dir='ltr'>et</span> <span class='ocrx_word' id='word_1_138' title='bbox 1263 1578 1321 1634; x_wconf 87' lang='lat' dir='ltr'>aquae</span> 
     </span>
     <span class='ocr_line' id='line_1_17' title="bbox 112 1637 1322 1714; baseline 0.002 -25"><span class='ocrx_word' id='word_1_139' title='bbox 112 1637 222 1707; x_wconf 89' lang='lat' dir='ltr'>penuria</span> <span class='ocrx_word' id='word_1_140' title='bbox 243 1640 415 1694; x_wconf 84' lang='lat' dir='ltr'>vehementer</span> <span class='ocrx_word' id='word_1_141' title='bbox 440 1640 556 1706; x_wconf 89' lang='lat' dir='ltr'>laborat,</span> <span class='ocrx_word' id='word_1_142' title='bbox 589 1642 646 1706; x_wconf 92' lang='grc'>(21)</span> <span class='ocrx_word' id='word_1_143' title='bbox 668 1654 733 1708; x_wconf 89' lang='lat' dir='ltr'>rege</span> <span class='ocrx_word' id='word_1_144' title='bbox 756 1637 863 1708; x_wconf 91' lang='lat' dir='ltr'>quidem</span> <span class='ocrx_word' id='word_1_145' title='bbox 884 1637 1014 1708; x_wconf 84' lang='lat' dir='ltr'>insignem</span> <span class='ocrx_word' id='word_1_146' title='bbox 1037 1641 1121 1695; x_wconf 88' lang='lat' dir='ltr'>animi</span> <span class='ocrx_word' id='word_1_147' title='bbox 1144 1641 1322 1714; x_wconf 82' lang='lat' dir='ltr'>magnitudinem</span> 
     </span>
     <span class='ocr_line' id='line_1_18' title="bbox 112 1713 1322 1788; baseline 0.003 -20"><span class='ocrx_word' id='word_1_148' title='bbox 112 1713 264 1769; x_wconf 84' lang='lat' dir='ltr'>exhibente.</span> <span class='ocrx_word' id='word_1_149' title='bbox 300 1715 432 1787; x_wconf 84' lang='lat' dir='ltr'>Singulari</span> <span class='ocrx_word' id='word_1_150' title='bbox 454 1715 559 1769; x_wconf 90' lang='lat' dir='ltr'>ratione</span> <span class='ocrx_word' id='word_1_151' title='bbox 584 1716 672 1770; x_wconf 84' lang='lat' dir='ltr'>Oxum</span> <span class='ocrx_word' id='word_1_152' title='bbox 696 1723 811 1784; x_wconf 89' lang='lat' dir='ltr'>superat</span> <span class='ocrx_word' id='word_1_153' title='bbox 851 1717 910 1786; x_wconf 93' lang='grc'>(22)</span> <span class='ocrx_word' id='word_1_154' title='bbox 932 1715 1001 1770; x_wconf 84' lang='lat' dir='ltr'>Mox</span> <span class='ocrx_word' id='word_1_155' title='bbox 1025 1720 1181 1788; x_wconf 84' lang='lat' dir='ltr'>cognoscit,</span> <span class='ocrx_word' id='word_1_156' title='bbox 1184 1716 1189 1724; x_wconf 84' lang='lat'>&#39;</span> <span class='ocrx_word' id='word_1_157' title='bbox 1205 1721 1322 1774; x_wconf 74' lang='lat' dir='ltr'>Bessmt</span> 
     </span>
     <span class='ocr_line' id='line_1_19' title="bbox 111 1791 1322 1864; baseline 0.001 -21"><span class='ocrx_word' id='word_1_158' title='bbox 111 1791 278 1861; x_wconf 87' lang='lat' dir='ltr'>Spitamene,</span> <span class='ocrx_word' id='word_1_159' title='bbox 306 1793 501 1864; x_wconf 86' lang='lat' dir='ltr'>Sogdianorum</span> <span class='ocrx_word' id='word_1_160' title='bbox 527 1793 644 1864; x_wconf 91' lang='lat' dir='ltr'>equitum</span> <span class='ocrx_word' id='word_1_161' title='bbox 669 1793 819 1862; x_wconf 79' lang='lat' dir='ltr'>praefecto,</span> <span class='ocrx_word' id='word_1_162' title='bbox 846 1792 961 1846; x_wconf 85' lang='lat' dir='ltr'>vinctum</span> <span class='ocrx_word' id='word_1_163' title='bbox 983 1795 1071 1848; x_wconf 89' lang='lat' dir='ltr'>teneri</span> <span class='ocrx_word' id='word_1_164' title='bbox 1097 1804 1127 1850; x_wconf 88' lang='lat' dir='ltr'>et</span> <span class='ocrx_word' id='word_1_165' title='bbox 1150 1798 1186 1850; x_wconf 92' lang='lat' dir='ltr'>ad</span> <span class='ocrx_word' id='word_1_166' title='bbox 1202 1815 1230 1850; x_wconf 89' lang='lat' dir='ltr'>se</span> <span class='ocrx_word' id='word_1_167' title='bbox 1245 1792 1322 1851; x_wconf 88' lang='lat' dir='ltr'>adduci</span> 
     </span>
     <span class='ocr_line' id='line_1_20' title="bbox 112 1869 1321 1960; baseline 0.003 -38"><span class='ocrx_word' id='word_1_168' title='bbox 112 1873 169 1936; x_wconf 86' lang='grc'>(23)</span> <span class='ocrx_word' id='word_1_169' title='bbox 188 1869 313 1939; x_wconf 85' lang='lat' dir='ltr'>Interim,</span> <span class='ocrx_word' id='word_1_170' title='bbox 338 1870 450 1924; x_wconf 77' lang='lat' dir='ltr'>d&#39;nnissis</span> <span class='ocrx_word' id='word_1_171' title='bbox 468 1869 616 1938; x_wconf 89' lang='lat' dir='ltr'>veteranis,</span> <span class='ocrx_word' id='word_1_172' title='bbox 636 1871 671 1922; x_wconf 90' lang='lat' dir='ltr'>ad</span> <span class='ocrx_word' id='word_1_173' title='bbox 686 1869 780 1923; x_wconf 93' lang='lat' dir='ltr'>urbem</span> <span class='ocrx_word' id='word_1_174' title='bbox 797 1869 1006 1924; x_wconf 87' lang='lat' dir='ltr'>Branchidarum</span> <span class='ocrx_word' id='word_1_175' title='bbox 1023 1881 1152 1941; x_wconf 85' lang='lat' dir='ltr'>venerat,</span> <span class='ocrx_word' id='word_1_176' title='bbox 1172 1876 1243 1946; x_wconf 91' lang='lat' dir='ltr'>quod</span> <span class='ocrx_word' id='word_1_177' title='bbox 1258 1870 1321 1960; x_wconf 82' lang='lat' dir='ltr'>prodi</span> 
     </span>
     <span class='ocr_line' id='line_1_21' title="bbox 111 1938 1322 2018; baseline 0.002 -19"><span class='ocrx_word' id='word_1_178' title='bbox 111 1953 199 1999; x_wconf 88' lang='lat' dir='ltr'>torum</span> <span class='ocrx_word' id='word_1_179' title='bbox 221 1947 286 2002; x_wconf 91' lang='lat' dir='ltr'>olim</span> <span class='ocrx_word' id='word_1_180' title='bbox 304 1947 432 2018; x_wconf 87' lang='lat' dir='ltr'>Graeciae</span> <span class='ocrx_word' id='word_1_181' title='bbox 455 1947 650 2018; x_wconf 88' lang='lat' dir='ltr'>receptaculum</span> <span class='ocrx_word' id='word_1_182' title='bbox 672 1945 759 2000; x_wconf 92' lang='lat' dir='ltr'>diruit.</span> <span class='ocrx_word' id='word_1_183' title='bbox 804 1951 861 2014; x_wconf 76' lang='grc'>(24)</span> <span class='ocrx_word' id='word_1_184' title='bbox 887 1952 942 2000; x_wconf 91' lang='lat' dir='ltr'>Iter</span> <span class='ocrx_word' id='word_1_185' title='bbox 961 1938 1075 2002; x_wconf 86' lang='lat' dir='ltr'>Tanaim</span> <span class='ocrx_word' id='word_1_186' title='bbox 1098 1967 1192 2004; x_wconf 89' lang='lat' dir='ltr'>versus</span> <span class='ocrx_word' id='word_1_187' title='bbox 1213 1948 1322 2006; x_wconf 81' lang='lat' dir='ltr'>facientia</span> 
     </span>
     <span class='ocr_line' id='line_1_22' title="bbox 112 2022 1323 2099; baseline 0.001 -22"><span class='ocrx_word' id='word_1_188' title='bbox 112 2023 266 2094; x_wconf 90' lang='lat' dir='ltr'>Spitamene</span> <span class='ocrx_word' id='word_1_189' title='bbox 288 2013 427 2079; x_wconf 91' lang='lat' dir='ltr'>adducitur</span> <span class='ocrx_word' id='word_1_190' title='bbox 444 2025 556 2091; x_wconf 85' lang='lat' dir='ltr'>Bessus,</span> <span class='ocrx_word' id='word_1_191' title='bbox 581 2042 659 2096; x_wconf 91' lang='lat' dir='ltr'>quem</span> <span class='ocrx_word' id='word_1_192' title='bbox 682 2022 838 2095; x_wconf 88' lang='lat' dir='ltr'>propinquis</span> <span class='ocrx_word' id='word_1_193' title='bbox 857 2022 932 2075; x_wconf 86' lang='lat' dir='ltr'>Darii</span> <span class='ocrx_word' id='word_1_194' title='bbox 954 2025 1024 2079; x_wconf 91' lang='lat' dir='ltr'>tradi</span> <span class='ocrx_word' id='word_1_195' title='bbox 1047 2026 1126 2081; x_wconf 89' lang='lat' dir='ltr'>iussit</span> <span class='ocrx_word' id='word_1_196' title='bbox 1149 2028 1271 2099; x_wconf 92' lang='lat' dir='ltr'>supplicio</span> <span class='ocrx_word' id='word_1_197' title='bbox 1285 2023 1323 2078; x_wconf 84' lang='lat' dir='ltr'>affi-</span> 
     </span>
     <span class='ocr_line' id='line_1_23' title="bbox 113 2100 1322 2173; baseline -0.001 -18"><span class='ocrx_word' id='word_1_198' title='bbox 113 2100 235 2155; x_wconf 89' lang='lat' dir='ltr'>ciendum</span> <span class='ocrx_word' id='word_1_199' title='bbox 253 2120 286 2157; x_wconf 91' lang='lat' dir='ltr'>eo</span> <span class='ocrx_word' id='word_1_200' title='bbox 304 2104 375 2169; x_wconf 89' lang='lat' dir='ltr'>loco,</span> <span class='ocrx_word' id='word_1_201' title='bbox 393 2102 439 2155; x_wconf 89' lang='lat' dir='ltr'>ubi</span> <span class='ocrx_word' id='word_1_202' title='bbox 457 2119 548 2173; x_wconf 88' lang='lat' dir='ltr'>regem</span> <span class='ocrx_word' id='word_1_203' title='bbox 566 2121 641 2156; x_wconf 91' lang='lat' dir='ltr'>suum</span> <span class='ocrx_word' id='word_1_204' title='bbox 658 2101 833 2154; x_wconf 86' lang='lat' dir='ltr'>interfecerat.</span> <span class='ocrx_word' id='word_1_205' title='bbox 861 2102 921 2170; x_wconf 86' lang='grc'>(25)</span> <span class='ocrx_word' id='word_1_206' title='bbox 931 2100 1063 2159; x_wconf 89' lang='lat' dir='ltr'>Latrones</span> <span class='ocrx_word' id='word_1_207' title='bbox 1081 2105 1322 2160; x_wconf 82' lang='lat' dir='ltr'>barbarosobsidens</span> 
     </span>
     <span class='ocr_line' id='line_1_24' title="bbox 114 2177 1324 2249; baseline 0.002 -19"><span class='ocrx_word' id='word_1_208' title='bbox 114 2179 269 2234; x_wconf 86' lang='lat' dir='ltr'>Alexander</span> <span class='ocrx_word' id='word_1_209' title='bbox 286 2180 447 2248; x_wconf 87' lang='lat' dir='ltr'>vulneratur,</span> <span class='ocrx_word' id='word_1_210' title='bbox 465 2182 511 2234; x_wconf 94' lang='lat' dir='ltr'>sed</span> <span class='ocrx_word' id='word_1_211' title='bbox 530 2179 568 2234; x_wconf 92' lang='lat' dir='ltr'>illi</span> <span class='ocrx_word' id='word_1_212' title='bbox 587 2177 760 2233; x_wconf 91' lang='lat' dir='ltr'>admiratione</span> <span class='ocrx_word' id='word_1_213' title='bbox 778 2178 833 2231; x_wconf 93' lang='lat' dir='ltr'>eius</span> <span class='ocrx_word' id='word_1_214' title='bbox 852 2177 921 2249; x_wconf 91' lang='lat' dir='ltr'>eapti</span> <span class='ocrx_word' id='word_1_215' title='bbox 940 2189 1025 2234; x_wconf 91' lang='lat' dir='ltr'>semet</span> <span class='ocrx_word' id='word_1_216' title='bbox 1042 2183 1156 2235; x_wconf 91' lang='lat' dir='ltr'>dedunt.</span> <span class='ocrx_word' id='word_1_217' title='bbox 1184 2182 1244 2236; x_wconf 87' lang='lat' dir='ltr'>Rex</span> <span class='ocrx_word' id='word_1_218' title='bbox 1259 2179 1324 2236; x_wconf 82' lang='lat' dir='ltr'>lectica</span> 
     </span>
     <span class='ocr_line' id='line_1_25' title="bbox 114 2254 1323 2328; baseline 0 -21"><span class='ocrx_word' id='word_1_219' title='bbox 114 2255 198 2309; x_wconf 87' lang='lat' dir='ltr'>fertur</span> <span class='ocrx_word' id='word_1_220' title='bbox 209 2256 361 2310; x_wconf 89' lang='lat' dir='ltr'>amilitibus</span> <span class='ocrx_word' id='word_1_221' title='bbox 380 2260 414 2311; x_wconf 93' lang='lat' dir='ltr'>dc</span> <span class='ocrx_word' id='word_1_222' title='bbox 430 2258 546 2312; x_wconf 91' lang='lat' dir='ltr'>muneris</span> <span class='ocrx_word' id='word_1_223' title='bbox 564 2257 633 2311; x_wconf 89' lang='lat' dir='ltr'>illius</span> <span class='ocrx_word' id='word_1_224' title='bbox 651 2254 787 2310; x_wconf 87' lang='lat' dir='ltr'>functione</span> <span class='ocrx_word' id='word_1_225' title='bbox 805 2255 976 2309; x_wconf 87' lang='lat' dir='ltr'>certantibus.</span> <span class='ocrx_word' id='word_1_226' title='bbox 1012 2258 1074 2328; x_wconf 84' lang='grc'>(26)</span> <span class='ocrx_word' id='word_1_227' title='bbox 1092 2259 1256 2315; x_wconf 86' lang='lat' dir='ltr'>Maracanda</span> <span class='ocrx_word' id='word_1_228' title='bbox 1264 2256 1323 2312; x_wconf 87' lang='lat' dir='ltr'>venit:</span> 
     </span>
     <span class='ocr_line' id='line_1_26' title="bbox 114 2331 1323 2405; baseline 0.003 -21"><span class='ocrx_word' id='word_1_229' title='bbox 114 2332 218 2402; x_wconf 89' lang='lat' dir='ltr'>legatos</span> <span class='ocrx_word' id='word_1_230' title='bbox 237 2333 365 2388; x_wconf 80' lang='lat' dir='ltr'>Abiorum</span> <span class='ocrx_word' id='word_1_231' title='bbox 383 2334 538 2405; x_wconf 88' lang='lat' dir='ltr'>Scytharum</span> <span class='ocrx_word' id='word_1_232' title='bbox 556 2335 642 2403; x_wconf 89' lang='lat' dir='ltr'>audit,</span> <span class='ocrx_word' id='word_1_233' title='bbox 664 2332 795 2387; x_wconf 88' lang='lat' dir='ltr'>Penidam</span> <span class='ocrx_word' id='word_1_234' title='bbox 817 2333 852 2385; x_wconf 90' lang='lat' dir='ltr'>ad</span> <span class='ocrx_word' id='word_1_235' title='bbox 869 2331 936 2386; x_wconf 88' lang='lat' dir='ltr'>ahos</span> <span class='ocrx_word' id='word_1_236' title='bbox 954 2332 1067 2403; x_wconf 88' lang='lat' dir='ltr'>Scythas</span> <span class='ocrx_word' id='word_1_237' title='bbox 1086 2342 1162 2391; x_wconf 89' lang='lat' dir='ltr'>trans</span> <span class='ocrx_word' id='word_1_238' title='bbox 1182 2338 1283 2392; x_wconf 88' lang='lat' dir='ltr'>Tanaim</span> <span class='ocrx_word' id='word_1_239' title='bbox 1294 2351 1323 2388; x_wconf 80' lang='lat' dir='ltr'>co</span> 
     </span>
     <span class='ocr_line' id='line_1_27' title="bbox 114 2409 1323 2477; baseline 0.004 -16"><span class='ocrx_word' id='word_1_240' title='bbox 114 2409 200 2463; x_wconf 89' lang='lat' dir='ltr'>lentes</span> <span class='ocrx_word' id='word_1_241' title='bbox 221 2410 315 2477; x_wconf 89' lang='lat' dir='ltr'>mittit,</span> <span class='ocrx_word' id='word_1_242' title='bbox 342 2428 376 2463; x_wconf 94' lang='lat' dir='ltr'>ne</span> <span class='ocrx_word' id='word_1_243' title='bbox 400 2429 504 2464; x_wconf 93' lang='lat' dir='ltr'>amnem</span> <span class='ocrx_word' id='word_1_244' title='bbox 526 2412 600 2465; x_wconf 90' lang='lat' dir='ltr'>illum</span> <span class='ocrx_word' id='word_1_245' title='bbox 620 2419 756 2465; x_wconf 90' lang='lat' dir='ltr'>transeant</span> <span class='ocrx_word' id='word_1_246' title='bbox 776 2409 944 2464; x_wconf 89' lang='lat' dir='ltr'>interdicens.</span> <span class='ocrx_word' id='word_1_247' title='bbox 986 2409 1087 2465; x_wconf 85' lang='lat' dir='ltr'>Cetera</span> <span class='ocrx_word' id='word_1_248' title='bbox 1109 2414 1223 2468; x_wconf 89' lang='lat' dir='ltr'>consilia</span> <span class='ocrx_word' id='word_1_249' title='bbox 1248 2414 1323 2468; x_wconf 77' lang='lat' dir='ltr'>daem</span> 
     </span>
     <span class='ocr_line' id='line_1_28' title="bbox 114 2485 1324 2562; baseline 0.002 -23"><span class='ocrx_word' id='word_1_250' title='bbox 114 2485 186 2556; x_wconf 88' lang='lat' dir='ltr'>cogit</span> <span class='ocrx_word' id='word_1_251' title='bbox 208 2486 403 2559; x_wconf 86' lang='lat' dir='ltr'>Sogdianorum</span> <span class='ocrx_word' id='word_1_252' title='bbox 424 2489 553 2557; x_wconf 89' lang='lat' dir='ltr'>defectio,</span> <span class='ocrx_word' id='word_1_253' title='bbox 577 2491 611 2543; x_wconf 92' lang='lat' dir='ltr'>ad</span> <span class='ocrx_word' id='word_1_254' title='bbox 635 2507 713 2560; x_wconf 88' lang='lat' dir='ltr'>quam</span> <span class='ocrx_word' id='word_1_255' title='bbox 735 2489 907 2542; x_wconf 89' lang='lat' dir='ltr'>coercendam</span> <span class='ocrx_word' id='word_1_256' title='bbox 924 2485 1093 2558; x_wconf 88' lang='lat' dir='ltr'>Spitamenes</span> <span class='ocrx_word' id='word_1_257' title='bbox 1118 2501 1257 2562; x_wconf 87' lang='lat' dir='ltr'>evocatus,</span> <span class='ocrx_word' id='word_1_258' title='bbox 1275 2487 1324 2562; x_wconf 88' lang='lat' dir='ltr'>qued</span> 
     </span>
     <span class='ocr_line' id='line_1_29' title="bbox 115 2562 1323 2641; baseline 0.002 -26"><span class='ocrx_word' id='word_1_259' title='bbox 115 2562 165 2616; x_wconf 91' lang='lat' dir='ltr'>sibi</span> <span class='ocrx_word' id='word_1_260' title='bbox 187 2572 330 2633; x_wconf 89' lang='lat' dir='ltr'>metueret,</span> <span class='ocrx_word' id='word_1_261' title='bbox 355 2564 434 2619; x_wconf 90' lang='lat' dir='ltr'>etiam</span> <span class='ocrx_word' id='word_1_262' title='bbox 452 2566 614 2621; x_wconf 69' lang='lat' dir='ltr'>⁴Bactrianos</span> <span class='ocrx_word' id='word_1_263' title='bbox 636 2565 737 2637; x_wconf 91' lang='lat' dir='ltr'>equites</span> <span class='ocrx_word' id='word_1_264' title='bbox 761 2565 796 2618; x_wconf 93' lang='lat' dir='ltr'>ad</span> <span class='ocrx_word' id='word_1_265' title='bbox 817 2563 992 2619; x_wconf 90' lang='lat' dir='ltr'>rebellionem</span> <span class='ocrx_word' id='word_1_266' title='bbox 1014 2567 1143 2625; x_wconf 89' lang='lat' dir='ltr'>concitat.</span> <span class='ocrx_word' id='word_1_267' title='bbox 1181 2573 1240 2641; x_wconf 82' lang='grc'>(27)</span> <span class='ocrx_word' id='word_1_268' title='bbox 1259 2575 1323 2637; x_wconf 84' lang='lat' dir='ltr'>Itaque</span> 
     </span>
     <span class='ocr_line' id='line_1_30' title="bbox 109 2640 1324 2715; baseline 0.001 -21"><span class='ocrx_word' id='word_1_269' title='bbox 109 2657 162 2694; x_wconf 62' lang='lat' dir='ltr'>,rex</span> <span class='ocrx_word' id='word_1_270' title='bbox 186 2640 275 2696; x_wconf 86' lang='lat' dir='ltr'>divisis</span> <span class='ocrx_word' id='word_1_271' title='bbox 300 2641 383 2713; x_wconf 90' lang='lat' dir='ltr'>copiis</span> <span class='ocrx_word' id='word_1_272' title='bbox 401 2643 557 2714; x_wconf 85' lang='lat' dir='ltr'>Cyropolim</span> <span class='ocrx_word' id='word_1_273' title='bbox 579 2652 608 2698; x_wconf 92' lang='lat' dir='ltr'>et</span> <span class='ocrx_word' id='word_1_274' title='bbox 625 2643 718 2697; x_wconf 91' lang='lat' dir='ltr'>urbem</span> <span class='ocrx_word' id='word_1_275' title='bbox 735 2641 950 2696; x_wconf 89' lang='lat' dir='ltr'>Memacenorum</span> <span class='ocrx_word' id='word_1_276' title='bbox 971 2653 1144 2715; x_wconf 86' lang='lat' dir='ltr'>expugnatas</span> <span class='ocrx_word' id='word_1_277' title='bbox 1168 2648 1258 2713; x_wconf 81' lang='lat' dir='ltr'>diruit3</span> <span class='ocrx_word' id='word_1_278' title='bbox 1286 2645 1324 2712; x_wconf 82' lang='grc'>(28)</span> 
     </span>
     <span class='ocr_line' id='line_1_31' title="bbox 113 2717 1324 2795; baseline 0.004 -24"><span class='ocrx_word' id='word_1_279' title='bbox 113 2717 299 2773; x_wconf 90' lang='lat' dir='ltr'>Menedemum</span> <span class='ocrx_word' id='word_1_280' title='bbox 316 2720 477 2775; x_wconf 90' lang='lat' dir='ltr'>Maracanda</span> <span class='ocrx_word' id='word_1_281' title='bbox 494 2721 583 2790; x_wconf 89' lang='lat' dir='ltr'>mittit,</span> <span class='ocrx_word' id='word_1_282' title='bbox 602 2729 632 2775; x_wconf 89' lang='lat' dir='ltr'>ut</span> <span class='ocrx_word' id='word_1_283' title='bbox 649 2718 827 2790; x_wconf 88' lang='lat' dir='ltr'>Spitamenem</span> <span class='ocrx_word' id='word_1_284' title='bbox 844 2718 906 2772; x_wconf 92' lang='lat' dir='ltr'>inde</span> <span class='ocrx_word' id='word_1_285' title='bbox 924 2720 1090 2791; x_wconf 87' lang='lat' dir='ltr'>expelleret,</span> <span class='ocrx_word' id='word_1_286' title='bbox 1109 2723 1172 2795; x_wconf 89' lang='lat' dir='ltr'>ipse</span> <span class='ocrx_word' id='word_1_287' title='bbox 1191 2727 1225 2778; x_wconf 92' lang='lat' dir='ltr'>ad</span> <span class='ocrx_word' id='word_1_288' title='bbox 1242 2720 1324 2777; x_wconf 75' lang='lat' dir='ltr'>Tarm</span> 
     </span>
    </p>
   </div>
   <div class='ocr_carea' id='block_1_3' title="bbox 16 2795 1323 2874">
    <p class='ocr_par' dir='ltr' id='par_1_6' title="bbox 16 2795 1323 2874">
     <span class='ocr_line' id='line_1_32' title="bbox 16 2795 1323 2874; baseline 0.001 -25"><span class='ocrx_word' id='word_1_289' title='bbox 16 2864 19 2869; x_wconf 14' lang='grc' dir='ltr'>ἡ</span> <span class='ocrx_word' id='word_1_290' title='bbox 36 2814 41 2833; x_wconf 81' lang='lat'>¹</span> <span class='ocrx_word' id='word_1_291' title='bbox 112 2796 303 2852; x_wconf 85' lang='lat' dir='ltr'>Alexandriam</span> <span class='ocrx_word' id='word_1_292' title='bbox 320 2799 422 2865; x_wconf 92' lang='lat' dir='ltr'>urbem,</span> <span class='ocrx_word' id='word_1_293' title='bbox 440 2799 666 2870; x_wconf 87' lang='lat' dir='ltr'>propugnaculum</span> <span class='ocrx_word' id='word_1_294' title='bbox 674 2798 799 2850; x_wconf 87' lang='lat' dir='ltr'>adversus</span> <span class='ocrx_word' id='word_1_295' title='bbox 811 2797 922 2868; x_wconf 86' lang='lat' dir='ltr'>Scythas</span> <span class='ocrx_word' id='word_1_296' title='bbox 934 2797 1094 2853; x_wconf 87' lang='lat' dir='ltr'>brevissimo</span> <span class='ocrx_word' id='word_1_297' title='bbox 1114 2809 1237 2874; x_wconf 84' lang='lat' dir='ltr'>tempore</span> <span class='ocrx_word' id='word_1_298' title='bbox 1254 2795 1323 2855; x_wconf 85' lang='lat' dir='ltr'>condit</span> 
     </span>
    </p>
   </div>
   <div class='ocr_carea' id='block_1_4' title="bbox 108 2874 1362 4489">
    <p class='ocr_par' dir='ltr' id='par_1_7' title="bbox 108 2874 1362 4260">
     <span class='ocr_line' id='line_1_33' title="bbox 113 2874 1324 2947; baseline 0.004 -20"><span class='ocrx_word' id='word_1_299' title='bbox 113 2875 173 2944; x_wconf 83' lang='grc'>(22)</span> <span class='ocrx_word' id='word_1_300' title='bbox 193 2874 272 2939; x_wconf 86' lang='lat' dir='ltr'>Quod</span> <span class='ocrx_word' id='word_1_301' title='bbox 289 2893 368 2947; x_wconf 79' lang='lat' dir='ltr'>aegre</span> <span class='ocrx_word' id='word_1_302' title='bbox 385 2877 472 2931; x_wconf 87' lang='lat' dir='ltr'>ferens</span> <span class='ocrx_word' id='word_1_303' title='bbox 491 2894 539 2930; x_wconf 91' lang='lat' dir='ltr'>rex</span> <span class='ocrx_word' id='word_1_304' title='bbox 557 2877 713 2946; x_wconf 88' lang='lat' dir='ltr'>Scytharum</span> <span class='ocrx_word' id='word_1_305' title='bbox 741 2877 817 2944; x_wconf 83' lang='lat' dir='ltr'>(quos</span> <span class='ocrx_word' id='word_1_306' title='bbox 826 2877 903 2945; x_wconf 86' lang='lat' dir='ltr'>salso</span> <span class='ocrx_word' id='word_1_307' title='bbox 920 2875 1078 2944; x_wconf 81' lang='lat' dir='ltr'>Europaeos</span> <span class='ocrx_word' id='word_1_308' title='bbox 1096 2892 1173 2934; x_wconf 84' lang='lat' dir='ltr'>vocat</span> <span class='ocrx_word' id='word_1_309' title='bbox 1191 2891 1280 2946; x_wconf 82' lang='grc' dir='ltr'>αιιιιοι,</span> <span class='ocrx_word' id='word_1_310' title='bbox 1293 2877 1324 2928; x_wconf 76' lang='lat' dir='ltr'>dv·</span> 
     </span>
     <span class='ocr_line' id='line_1_34' title="bbox 108 2950 1323 3028; baseline 0.003 -23"><span class='ocrx_word' id='word_1_311' title='bbox 108 2954 175 3021; x_wconf 80' lang='lat' dir='ltr'>plici</span> <span class='ocrx_word' id='word_1_312' title='bbox 199 2954 299 3022; x_wconf 81' lang='lat' dir='ltr'>Tanai,</span> <span class='ocrx_word' id='word_1_313' title='bbox 326 2971 434 3024; x_wconf 82' lang='lat' dir='ltr'>quorum</span> <span class='ocrx_word' id='word_1_314' title='bbox 456 2956 524 3007; x_wconf 84' lang='lat' dir='ltr'>alter</span> <span class='ocrx_word' id='word_1_315' title='bbox 545 2956 629 3008; x_wconf 83' lang='lat' dir='ltr'>bodi&#39;e</span> <span class='ocrx_word' id='word_1_316' title='bbox 635 2954 710 3019; x_wconf 82' lang='lat' dir='ltr'>Dea,</span> <span class='ocrx_word' id='word_1_317' title='bbox 739 2955 806 3005; x_wconf 87' lang='lat' dir='ltr'>alter</span> <span class='ocrx_word' id='word_1_318' title='bbox 828 2954 912 3005; x_wconf 85' lang='lat' dir='ltr'>Sibaa</span> <span class='ocrx_word' id='word_1_319' title='bbox 932 2962 1054 3040; x_wconf 70' lang='lat' dir='ltr'>vocatur,</span> <span class='ocrx_word' id='word_1_320' title='bbox 1082 2958 1153 3010; x_wconf 73' lang='lat' dir='ltr'>sicia</span> <span class='ocrx_word' id='word_1_321' title='bbox 1176 2961 1226 3028; x_wconf 83' lang='lat' dir='ltr'>ipsi</span> <span class='ocrx_word' id='word_1_322' title='bbox 1249 2950 1323 3010; x_wconf 70' lang='lat' dir='ltr'>Graia</span> 
     </span>
     <span class='ocr_line' id='line_1_35' title="bbox 113 3028 1323 3103; baseline 0.006 -21"><span class='ocrx_word' id='word_1_323' title='bbox 113 3033 201 3100; x_wconf 85' lang='lat' dir='ltr'>decept</span> <span class='ocrx_word' id='word_1_324' title='bbox 202 3032 246 3100; x_wconf 85' lang='grc' dir='ltr'>ιιι)</span> <span class='ocrx_word' id='word_1_325' title='bbox 265 3029 384 3103; x_wconf 90' lang='lat' dir='ltr'>equitum</span> <span class='ocrx_word' id='word_1_326' title='bbox 400 3047 523 3101; x_wconf 86' lang='lat' dir='ltr'>magnam</span> <span class='ocrx_word' id='word_1_327' title='bbox 539 3049 645 3084; x_wconf 89' lang='lat' dir='ltr'>manum</span> <span class='ocrx_word' id='word_1_328' title='bbox 662 3031 765 3081; x_wconf 86' lang='lat' dir='ltr'>adeam</span> <span class='ocrx_word' id='word_1_329' title='bbox 775 3031 946 3084; x_wconf 86' lang='lat' dir='ltr'>evertendam</span> <span class='ocrx_word' id='word_1_330' title='bbox 953 3028 1046 3099; x_wconf 87' lang='lat' dir='ltr'>mittit,</span> <span class='ocrx_word' id='word_1_331' title='bbox 1066 3033 1181 3087; x_wconf 91' lang='lat' dir='ltr'>dolente</span> <span class='ocrx_word' id='word_1_332' title='bbox 1190 3031 1323 3089; x_wconf 67' lang='lat' dir='ltr'>Meranda</span> 
     </span>
     <span class='ocr_line' id='line_1_36' title="bbox 113 3101 1324 3191; baseline -0.001 -33"><span class='ocrx_word' id='word_1_333' title='bbox 113 3108 185 3177; x_wconf 91' lang='lat' dir='ltr'>quod</span> <span class='ocrx_word' id='word_1_334' title='bbox 202 3108 353 3162; x_wconf 89' lang='lat' dir='ltr'>valetudine</span> <span class='ocrx_word' id='word_1_335' title='bbox 369 3106 508 3178; x_wconf 89' lang='lat' dir='ltr'>impeditus</span> <span class='ocrx_word' id='word_1_336' title='bbox 527 3124 614 3178; x_wconf 90' lang='lat' dir='ltr'>neque</span> <span class='ocrx_word' id='word_1_337' title='bbox 636 3105 773 3174; x_wconf 88' lang='lat' dir='ltr'>oratione,</span> <span class='ocrx_word' id='word_1_338' title='bbox 799 3123 886 3178; x_wconf 90' lang='lat' dir='ltr'>neque</span> <span class='ocrx_word' id='word_1_339' title='bbox 913 3107 1036 3177; x_wconf 88' lang='lat' dir='ltr'>exemplo</span> <span class='ocrx_word' id='word_1_340' title='bbox 1065 3127 1115 3163; x_wconf 92' lang='lat' dir='ltr'>suo</span> <span class='ocrx_word' id='word_1_341' title='bbox 1133 3101 1324 3191; x_wconf 77' lang='lat' dir='ltr'>Macedonesad</span> 
     </span>
     <span class='ocr_line' id='line_1_37' title="bbox 111 3180 1362 3273; baseline 0.003 -37"><span class='ocrx_word' id='word_1_342' title='bbox 111 3202 228 3254; x_wconf 87' lang='lat' dir='ltr'>pugnam</span> <span class='ocrx_word' id='word_1_343' title='bbox 254 3185 359 3239; x_wconf 86' lang='lat' dir='ltr'>sortiter</span> <span class='ocrx_word' id='word_1_344' title='bbox 376 3183 576 3273; x_wconf 85' lang='lat' dir='ltr'>ingrediendam</span> <span class='ocrx_word' id='word_1_345' title='bbox 599 3183 715 3237; x_wconf 85' lang='lat' dir='ltr'>excitare</span> <span class='ocrx_word' id='word_1_346' title='bbox 736 3193 836 3255; x_wconf 88' lang='lat' dir='ltr'>posset.</span> <span class='ocrx_word' id='word_1_347' title='bbox 877 3189 933 3252; x_wconf 89' lang='grc'>(30)</span> <span class='ocrx_word' id='word_1_348' title='bbox 956 3184 1053 3256; x_wconf 86' lang='lat' dir='ltr'>Itaque</span> <span class='ocrx_word' id='word_1_349' title='bbox 1077 3187 1172 3243; x_wconf 90' lang='lat' dir='ltr'>amicis</span> <span class='ocrx_word' id='word_1_350' title='bbox 1194 3180 1324 3270; x_wconf 78' lang='lat' dir='ltr'>primunr</span> <span class='ocrx_word' id='word_1_351' title='bbox 1360 3230 1362 3253; x_wconf 83' lang='lat'>,</span> 
     </span>
     <span class='ocr_line' id='line_1_38' title="bbox 113 3258 1362 3337; baseline 0 -22"><span class='ocrx_word' id='word_1_352' title='bbox 113 3261 250 3315; x_wconf 91' lang='lat' dir='ltr'>consilium</span> <span class='ocrx_word' id='word_1_353' title='bbox 268 3261 388 3316; x_wconf 85' lang='lat' dir='ltr'>advoca</span> <span class='ocrx_word' id='word_1_354' title='bbox 370 3270 404 3315; x_wconf 83' lang='grc' dir='ltr'>ιι</span> <span class='ocrx_word' id='word_1_355' title='bbox 421 3263 581 3332; x_wconf 90' lang='lat' dir='ltr'>persuadere</span> <span class='ocrx_word' id='word_1_356' title='bbox 600 3262 701 3328; x_wconf 89' lang='lat' dir='ltr'>studet,</span> <span class='ocrx_word' id='word_1_357' title='bbox 725 3270 890 3331; x_wconf 89' lang='lat' dir='ltr'>quantopere</span> <span class='ocrx_word' id='word_1_358' title='bbox 912 3263 990 3314; x_wconf 91' lang='lat' dir='ltr'>rebus</span> <span class='ocrx_word' id='word_1_359' title='bbox 1014 3263 1069 3318; x_wconf 92' lang='lat' dir='ltr'>suis</span> <span class='ocrx_word' id='word_1_360' title='bbox 1093 3266 1225 3337; x_wconf 88' lang='lat' dir='ltr'>expediat</span> <span class='ocrx_word' id='word_1_361' title='bbox 1214 3259 1323 3320; x_wconf 77' lang='lat' dir='ltr'>tTanalu</span> <span class='ocrx_word' id='word_1_362' title='bbox 1359 3258 1362 3279; x_wconf 87' lang='lat'><strong>¹</strong></span> 
     </span>
     <span class='ocr_line' id='line_1_39' title="bbox 112 3337 1323 3427; baseline 0.002 -37"><span class='ocrx_word' id='word_1_363' title='bbox 112 3339 224 3392; x_wconf 90' lang='lat' dir='ltr'>transire</span> <span class='ocrx_word' id='word_1_364' title='bbox 243 3340 451 3427; x_wconf 80' lang='lat' dir='ltr'>Scytharumque</span> <span class='ocrx_word' id='word_1_365' title='bbox 473 3338 642 3393; x_wconf 91' lang='lat' dir='ltr'>insolentiam</span> <span class='ocrx_word' id='word_1_366' title='bbox 664 3340 794 3410; x_wconf 89' lang='lat' dir='ltr'>frangere.</span> <span class='ocrx_word' id='word_1_367' title='bbox 836 3343 893 3405; x_wconf 88' lang='grc'>(31)</span> <span class='ocrx_word' id='word_1_368' title='bbox 915 3337 970 3391; x_wconf 89' lang='lat' dir='ltr'>Sed</span> <span class='ocrx_word' id='word_1_369' title='bbox 987 3355 1047 3392; x_wconf 90' lang='lat' dir='ltr'>eam</span> <span class='ocrx_word' id='word_1_370' title='bbox 1065 3359 1126 3394; x_wconf 92' lang='lat' dir='ltr'>rem</span> <span class='ocrx_word' id='word_1_371' title='bbox 1145 3341 1323 3396; x_wconf 71' lang='lat' dir='ltr'>omnesaue</span> 
     </span>
     <span class='ocr_line' id='line_1_40' title="bbox 114 3415 1324 3486; baseline 0.006 -18"><span class='ocrx_word' id='word_1_372' title='bbox 114 3417 192 3484; x_wconf 89' lang='lat' dir='ltr'>dent,</span> <span class='ocrx_word' id='word_1_373' title='bbox 216 3415 340 3486; x_wconf 89' lang='lat' dir='ltr'>Erigyius</span> <span class='ocrx_word' id='word_1_374' title='bbox 364 3416 443 3470; x_wconf 91' lang='lat' dir='ltr'>etiam</span> <span class='ocrx_word' id='word_1_375' title='bbox 464 3416 533 3469; x_wconf 89' lang='lat' dir='ltr'>male</span> <span class='ocrx_word' id='word_1_376' title='bbox 550 3416 652 3469; x_wconf 89' lang='lat' dir='ltr'>litatum</span> <span class='ocrx_word' id='word_1_377' title='bbox 670 3434 728 3470; x_wconf 91' lang='lat' dir='ltr'>esse</span> <span class='ocrx_word' id='word_1_378' title='bbox 746 3417 900 3469; x_wconf 89' lang='lat' dir='ltr'>admonens.</span> <span class='ocrx_word' id='word_1_379' title='bbox 935 3415 980 3468; x_wconf 89' lang='lat' dir='ltr'>Ira</span> <span class='ocrx_word' id='word_1_380' title='bbox 997 3427 1151 3474; x_wconf 92' lang='lat' dir='ltr'>commotus</span> <span class='ocrx_word' id='word_1_381' title='bbox 1169 3438 1218 3474; x_wconf 87' lang='lat' dir='ltr'>rex</span> <span class='ocrx_word' id='word_1_382' title='bbox 1234 3418 1324 3474; x_wconf 56' lang='lat' dir='ltr'>Adden-</span> 
     </span>
     <span class='ocr_line' id='line_1_41' title="bbox 114 3492 1323 3568; baseline 0.006 -24"><span class='ocrx_word' id='word_1_383' title='bbox 114 3493 190 3545; x_wconf 91' lang='lat' dir='ltr'>drum</span> <span class='ocrx_word' id='word_1_384' title='bbox 215 3501 304 3546; x_wconf 89' lang='lat' dir='ltr'>vatem</span> <span class='ocrx_word' id='word_1_385' title='bbox 330 3492 460 3563; x_wconf 87' lang='lat' dir='ltr'>increpat,</span> <span class='ocrx_word' id='word_1_386' title='bbox 489 3511 537 3547; x_wconf 93' lang='lat' dir='ltr'>nec</span> <span class='ocrx_word' id='word_1_387' title='bbox 563 3495 597 3545; x_wconf 95' lang='lat' dir='ltr'>de</span> <span class='ocrx_word' id='word_1_388' title='bbox 624 3493 756 3546; x_wconf 91' lang='lat' dir='ltr'>sententia</span> <span class='ocrx_word' id='word_1_389' title='bbox 783 3492 895 3546; x_wconf 92' lang='lat' dir='ltr'>decedit.</span> <span class='ocrx_word' id='word_1_390' title='bbox 939 3494 1007 3561; x_wconf 89' lang='grc'>(32)</span> <span class='ocrx_word' id='word_1_391' title='bbox 1034 3494 1152 3550; x_wconf 90' lang='lat' dir='ltr'>Interim</span> <span class='ocrx_word' id='word_1_392' title='bbox 1178 3497 1323 3568; x_wconf 70' lang='lat' dir='ltr'>spitameta</span> 
     </span>
     <span class='ocr_line' id='line_1_42' title="bbox 114 3568 1323 3640; baseline 0.002 -18"><span class='ocrx_word' id='word_1_393' title='bbox 114 3569 254 3640; x_wconf 89' lang='lat' dir='ltr'>assumptis</span> <span class='ocrx_word' id='word_1_394' title='bbox 264 3570 398 3624; x_wconf 90' lang='lat' dir='ltr'>Daharum</span> <span class='ocrx_word' id='word_1_395' title='bbox 407 3569 520 3637; x_wconf 89' lang='lat' dir='ltr'>auxiliis,</span> <span class='ocrx_word' id='word_1_396' title='bbox 539 3571 726 3624; x_wconf 87' lang='lat' dir='ltr'>Menedemum</span> <span class='ocrx_word' id='word_1_397' title='bbox 735 3589 793 3625; x_wconf 92' lang='lat' dir='ltr'>cum</span> <span class='ocrx_word' id='word_1_398' title='bbox 802 3570 858 3624; x_wconf 86' lang='lat' dir='ltr'>eius</span> <span class='ocrx_word' id='word_1_399' title='bbox 874 3588 953 3623; x_wconf 91' lang='lat' dir='ltr'>manu</span> <span class='ocrx_word' id='word_1_400' title='bbox 971 3569 1188 3629; x_wconf 89' lang='lat' dir='ltr'>circumvenerat</span> <span class='ocrx_word' id='word_1_401' title='bbox 1204 3583 1231 3628; x_wconf 92' lang='lat' dir='ltr'>et</span> <span class='ocrx_word' id='word_1_402' title='bbox 1246 3568 1323 3628; x_wconf 75' lang='lat' dir='ltr'>foder</span> 
     </span>
     <span class='ocr_line' id='line_1_43' title="bbox 114 3641 1322 3718; baseline 0.003 -19"><span class='ocrx_word' id='word_1_403' title='bbox 114 3647 280 3701; x_wconf 75' lang='lat' dir='ltr'>‹horicantem</span> <span class='ocrx_word' id='word_1_404' title='bbox 298 3666 356 3701; x_wconf 91' lang='lat' dir='ltr'>eum</span> <span class='ocrx_word' id='word_1_405' title='bbox 373 3648 472 3702; x_wconf 91' lang='lat' dir='ltr'>maiore</span> <span class='ocrx_word' id='word_1_406' title='bbox 490 3657 567 3718; x_wconf 91' lang='lat' dir='ltr'>parte</span> <span class='ocrx_word' id='word_1_407' title='bbox 584 3646 695 3700; x_wconf 92' lang='lat' dir='ltr'>militum</span> <span class='ocrx_word' id='word_1_408' title='bbox 714 3647 854 3708; x_wconf 86' lang='lat' dir='ltr'>occiderat.</span> <span class='ocrx_word' id='word_1_409' title='bbox 880 3647 936 3701; x_wconf 89' lang='lat' dir='ltr'>Sed</span> <span class='ocrx_word' id='word_1_410' title='bbox 945 3664 1003 3700; x_wconf 90' lang='lat' dir='ltr'>eam</span> <span class='ocrx_word' id='word_1_411' title='bbox 1020 3648 1128 3704; x_wconf 89' lang='lat' dir='ltr'>cladem</span> <span class='ocrx_word' id='word_1_412' title='bbox 1146 3652 1263 3706; x_wconf 88' lang='lat' dir='ltr'>sollerter</span> <span class='ocrx_word' id='word_1_413' title='bbox 1276 3641 1322 3714; x_wconf 72' lang='lat' dir='ltr'>agit</span> 
     </span>
     <span class='ocr_line' id='line_1_44' title="bbox 113 3724 1322 3796; baseline 0.004 -18"><span class='ocrx_word' id='word_1_414' title='bbox 113 3726 274 3793; x_wconf 88' lang='lat' dir='ltr'>Alexander,</span> <span class='ocrx_word' id='word_1_415' title='bbox 293 3728 352 3796; x_wconf 89' lang='grc'>(33)</span> <span class='ocrx_word' id='word_1_416' title='bbox 370 3743 419 3780; x_wconf 92' lang='lat' dir='ltr'>nec</span> <span class='ocrx_word' id='word_1_417' title='bbox 436 3743 470 3779; x_wconf 92' lang='lat' dir='ltr'>eo</span> <span class='ocrx_word' id='word_1_418' title='bbox 488 3725 572 3780; x_wconf 89' lang='lat' dir='ltr'>secius</span> <span class='ocrx_word' id='word_1_419' title='bbox 590 3742 658 3796; x_wconf 90' lang='lat' dir='ltr'>quae</span> <span class='ocrx_word' id='word_1_420' title='bbox 676 3726 710 3778; x_wconf 89' lang='lat' dir='ltr'>ad</span> <span class='ocrx_word' id='word_1_421' title='bbox 729 3724 841 3778; x_wconf 83' lang='lat' dir='ltr'>Tanaim</span> <span class='ocrx_word' id='word_1_422' title='bbox 857 3725 1046 3778; x_wconf 90' lang='lat' dir='ltr'>transeundum</span> <span class='ocrx_word' id='word_1_423' title='bbox 1064 3727 1220 3782; x_wconf 86' lang='lat' dir='ltr'>necessaria</span> <span class='ocrx_word' id='word_1_424' title='bbox 1235 3726 1322 3783; x_wconf 76' lang='lat' dir='ltr'>fuemt</span> 
     </span>
     <span class='ocr_line' id='line_1_45' title="bbox 112 3802 1322 3894; baseline 0.002 -36"><span class='ocrx_word' id='word_1_425' title='bbox 112 3812 259 3874; x_wconf 91' lang='lat' dir='ltr'>comparat,</span> <span class='ocrx_word' id='word_1_426' title='bbox 286 3812 342 3857; x_wconf 93' lang='lat' dir='ltr'>tum</span> <span class='ocrx_word' id='word_1_427' title='bbox 367 3803 481 3874; x_wconf 89' lang='lat' dir='ltr'>primum</span> <span class='ocrx_word' id='word_1_428' title='bbox 502 3810 565 3873; x_wconf 90' lang='lat' dir='ltr'>post</span> <span class='ocrx_word' id='word_1_429' title='bbox 586 3804 679 3856; x_wconf 89' lang='lat' dir='ltr'>vulnus</span> <span class='ocrx_word' id='word_1_430' title='bbox 703 3802 774 3871; x_wconf 90' lang='lat' dir='ltr'>apud</span> <span class='ocrx_word' id='word_1_431' title='bbox 791 3802 962 3856; x_wconf 85' lang='lat' dir='ltr'>Mamaeanos</span> <span class='ocrx_word' id='word_1_432' title='bbox 979 3804 1145 3870; x_wconf 81' lang='lat' dir='ltr'>acceptum</span> <span class='ocrx_word' id='word_1_433' title='bbox 1137 3823 1167 3859; x_wconf 92' lang='lat' dir='ltr'>m</span> <span class='ocrx_word' id='word_1_434' title='bbox 1184 3808 1322 3894; x_wconf 52' lang='grc' dir='ltr'>ιιοιιιιιιι(22</span> 
     </span>
     <span class='ocr_line' id='line_1_46' title="bbox 111 3873 1321 3951; baseline -0.001 -16"><span class='ocrx_word' id='word_1_435' title='bbox 111 3881 224 3935; x_wconf 89' lang='lat' dir='ltr'>mihtum</span> <span class='ocrx_word' id='word_1_436' title='bbox 240 3881 374 3951; x_wconf 91' lang='lat' dir='ltr'>prodiens.</span> <span class='ocrx_word' id='word_1_437' title='bbox 408 3879 502 3950; x_wconf 88' lang='lat' dir='ltr'>Legati</span> <span class='ocrx_word' id='word_1_438' title='bbox 521 3878 706 3951; x_wconf 89' lang='lat' dir='ltr'>Scytharum</span> <span class='ocrx_word' id='word_1_439' title='bbox 699 3898 727 3932; x_wconf 88' lang='grc' dir='ltr'>ιιι</span> <span class='ocrx_word' id='word_1_440' title='bbox 744 3887 830 3932; x_wconf 88' lang='lat' dir='ltr'>castra</span> <span class='ocrx_word' id='word_1_441' title='bbox 847 3878 968 3946; x_wconf 88' lang='lat' dir='ltr'>veniunt,</span> <span class='ocrx_word' id='word_1_442' title='bbox 993 3883 1051 3943; x_wconf 90' lang='grc'>(34)</span> <span class='ocrx_word' id='word_1_443' title='bbox 1071 3888 1102 3933; x_wconf 89' lang='lat' dir='ltr'>et</span> <span class='ocrx_word' id='word_1_444' title='bbox 1120 3882 1243 3937; x_wconf 86' lang='lat' dir='ltr'>oratione</span> <span class='ocrx_word' id='word_1_445' title='bbox 1257 3873 1321 3934; x_wconf 60' lang='lat' dir='ltr'>habit*</span> 
     </span>
     <span class='ocr_line' id='line_1_47' title="bbox 112 3954 1320 4046; baseline -0.002 -33"><span class='ocrx_word' id='word_1_446' title='bbox 112 3959 183 4030; x_wconf 88' lang='lat' dir='ltr'>regis</span> <span class='ocrx_word' id='word_1_447' title='bbox 200 3957 353 4012; x_wconf 90' lang='lat' dir='ltr'>aviditatem</span> <span class='ocrx_word' id='word_1_448' title='bbox 371 3956 531 4028; x_wconf 89' lang='lat' dir='ltr'>pauperibus</span> <span class='ocrx_word' id='word_1_449' title='bbox 549 3974 634 4028; x_wconf 91' lang='lat' dir='ltr'>aeque</span> <span class='ocrx_word' id='word_1_450' title='bbox 651 3956 757 4011; x_wconf 91' lang='lat' dir='ltr'>acdivit</span> <span class='ocrx_word' id='word_1_451' title='bbox 758 3957 816 4010; x_wconf 93' lang='lat' dir='ltr'>ibus</span> <span class='ocrx_word' id='word_1_452' title='bbox 833 3956 955 4046; x_wconf 83' lang='lat' dir='ltr'>gentibus</span> <span class='ocrx_word' id='word_1_453' title='bbox 973 3956 1126 4026; x_wconf 88' lang='lat' dir='ltr'>imperandi</span> <span class='ocrx_word' id='word_1_454' title='bbox 1144 3954 1320 4030; x_wconf 74' lang='lat' dir='ltr'>reprehendat</span> 
     </span>
     <span class='ocr_line' id='line_1_48' title="bbox 113 4032 1321 4107; baseline -0.002 -19"><span class='ocrx_word' id='word_1_455' title='bbox 113 4041 170 4104; x_wconf 83' lang='grc'>(35)</span> <span class='ocrx_word' id='word_1_456' title='bbox 188 4036 298 4107; x_wconf 91' lang='lat' dir='ltr'>periculi</span> <span class='ocrx_word' id='word_1_457' title='bbox 315 4034 474 4088; x_wconf 91' lang='lat' dir='ltr'>imminentis</span> <span class='ocrx_word' id='word_1_458' title='bbox 492 4035 643 4100; x_wconf 89' lang='lat' dir='ltr'>admonent,</span> <span class='ocrx_word' id='word_1_459' title='bbox 662 4052 735 4087; x_wconf 91' lang='lat' dir='ltr'>suam</span> <span class='ocrx_word' id='word_1_460' title='bbox 752 4033 891 4087; x_wconf 90' lang='lat' dir='ltr'>amicitiam</span> <span class='ocrx_word' id='word_1_461' title='bbox 907 4032 998 4103; x_wconf 88' lang='lat' dir='ltr'>aequis</span> <span class='ocrx_word' id='word_1_462' title='bbox 1016 4034 1321 4089; x_wconf 71' lang='lat' dir='ltr'>conditionibusoffemt</span> 
     </span>
     <span class='ocr_line' id='line_1_49' title="bbox 113 4106 1320 4198; baseline 0.001 -32"><span class='ocrx_word' id='word_1_463' title='bbox 113 4117 170 4180; x_wconf 83' lang='grc'>(38)</span> <span class='ocrx_word' id='word_1_464' title='bbox 190 4112 292 4176; x_wconf 84' lang='lat' dir='ltr'>Quibus</span> <span class='ocrx_word' id='word_1_465' title='bbox 310 4111 421 4166; x_wconf 89' lang='lat' dir='ltr'>dimissis</span> <span class='ocrx_word' id='word_1_466' title='bbox 438 4112 593 4164; x_wconf 87' lang='lat' dir='ltr'>Alexander</span> <span class='ocrx_word' id='word_1_467' title='bbox 611 4111 756 4164; x_wconf 90' lang='lat' dir='ltr'>exereitum</span> <span class='ocrx_word' id='word_1_468' title='bbox 774 4127 917 4198; x_wconf 90' lang='lat' dir='ltr'>sanequam</span> <span class='ocrx_word' id='word_1_469' title='bbox 934 4109 1018 4182; x_wconf 88' lang='lat' dir='ltr'>perite</span> <span class='ocrx_word' id='word_1_470' title='bbox 1035 4110 1140 4166; x_wconf 86' lang='lat' dir='ltr'>flumen</span> <span class='ocrx_word' id='word_1_471' title='bbox 1158 4111 1264 4180; x_wconf 83' lang='lat' dir='ltr'>traiicit,</span> <span class='ocrx_word' id='word_1_472' title='bbox 1282 4106 1320 4175; x_wconf 76' lang='grc'>(37)</span> 
     </span>
     <span class='ocr_line' id='line_1_50' title="bbox 113 4187 909 4260; baseline -0.005 -17"><span class='ocrx_word' id='word_1_473' title='bbox 113 4188 225 4258; x_wconf 84' lang='lat' dir='ltr'>Scythas</span> <span class='ocrx_word' id='word_1_474' title='bbox 242 4190 313 4243; x_wconf 87' lang='lat' dir='ltr'>facto</span> <span class='ocrx_word' id='word_1_475' title='bbox 332 4189 430 4260; x_wconf 90' lang='lat' dir='ltr'>impetu</span> <span class='ocrx_word' id='word_1_476' title='bbox 448 4187 575 4259; x_wconf 91' lang='lat' dir='ltr'>propellit</span> <span class='ocrx_word' id='word_1_477' title='bbox 592 4195 620 4239; x_wconf 88' lang='lat' dir='ltr'>et</span> <span class='ocrx_word' id='word_1_478' title='bbox 637 4187 718 4258; x_wconf 89' lang='lat' dir='ltr'>longe</span> <span class='ocrx_word' id='word_1_479' title='bbox 735 4188 909 4259; x_wconf 90' lang='lat' dir='ltr'>persequitur.</span> 
     </span>
    </p>

    <p class='ocr_par' dir='ltr' id='par_1_8' title="bbox 114 4264 1319 4489">
     <span class='ocr_line' id='line_1_51' title="bbox 184 4264 1319 4335; baseline 0.001 -15.01"><span class='ocrx_word' id='word_1_480' title='bbox 184 4271 240 4333; x_wconf 92' lang='grc'>(38)</span> <span class='ocrx_word' id='word_1_481' title='bbox 268 4267 329 4331; x_wconf 77' lang='lat' dir='ltr'>Qua</span> <span class='ocrx_word' id='word_1_482' title='bbox 350 4266 658 4320; x_wconf 88' lang='lat' dir='ltr'>victoriabarbarorum</span> <span class='ocrx_word' id='word_1_483' title='bbox 684 4264 763 4318; x_wconf 91' lang='lat' dir='ltr'>animi</span> <span class='ocrx_word' id='word_1_484' title='bbox 789 4265 879 4333; x_wconf 87' lang='lat' dir='ltr'>fracti,</span> <span class='ocrx_word' id='word_1_485' title='bbox 906 4264 976 4335; x_wconf 87' lang='lat' dir='ltr'>regis</span> <span class='ocrx_word' id='word_1_486' title='bbox 1002 4264 1148 4322; x_wconf 88' lang='lat' dir='ltr'>clementia</span> <span class='ocrx_word' id='word_1_487' title='bbox 1172 4264 1319 4324; x_wconf 61' lang='lat' dir='ltr'>conciliandis·</span> 
     </span>
     <span class='ocr_line' id='line_1_52' title="bbox 114 4340 1319 4416; baseline 0.003 -20"><span class='ocrx_word' id='word_1_488' title='bbox 114 4342 181 4396; x_wconf 92' lang='lat' dir='ltr'>Inde</span> <span class='ocrx_word' id='word_1_489' title='bbox 197 4343 359 4398; x_wconf 89' lang='lat' dir='ltr'>Maracanda</span> <span class='ocrx_word' id='word_1_490' title='bbox 375 4360 496 4397; x_wconf 89' lang='lat' dir='ltr'>reversus</span> <span class='ocrx_word' id='word_1_491' title='bbox 517 4341 633 4398; x_wconf 91' lang='lat' dir='ltr'>rebelles</span> <span class='ocrx_word' id='word_1_492' title='bbox 652 4340 803 4411; x_wconf 88' lang='lat' dir='ltr'>Sogdianos</span> <span class='ocrx_word' id='word_1_493' title='bbox 826 4340 898 4395; x_wconf 89' lang='lat' dir='ltr'>omui</span> <span class='ocrx_word' id='word_1_494' title='bbox 920 4343 995 4395; x_wconf 89' lang='lat' dir='ltr'>clade</span> <span class='ocrx_word' id='word_1_495' title='bbox 1012 4342 1165 4414; x_wconf 89' lang='lat' dir='ltr'>ulciscitur,</span> <span class='ocrx_word' id='word_1_496' title='bbox 1188 4346 1245 4416; x_wconf 83' lang='lat'><strong>(33)</strong></span> <span class='ocrx_word' id='word_1_497' title='bbox 1259 4346 1319 4406; x_wconf 68' lang='lat' dir='ltr'>11th</span> 
     </span>
     <span class='ocr_line' id='line_1_53' title="bbox 114 4417 1318 4489; baseline -0.002 -13"><span class='ocrx_word' id='word_1_498' title='bbox 114 4427 204 4476; x_wconf 63' lang='lat' dir='ltr'>amen</span> <span class='ocrx_word' id='word_1_499' title='bbox 220 4438 275 4475; x_wconf 91' lang='lat' dir='ltr'>non</span> <span class='ocrx_word' id='word_1_500' title='bbox 292 4420 373 4474; x_wconf 92' lang='lat' dir='ltr'>etiam</span> <span class='ocrx_word' id='word_1_501' title='bbox 390 4419 544 4476; x_wconf 89' lang='lat' dir='ltr'>elementiae</span> <span class='ocrx_word' id='word_1_502' title='bbox 562 4417 662 4489; x_wconf 88' lang='lat' dir='ltr'>aliquid</span> <span class='ocrx_word' id='word_1_503' title='bbox 679 4419 782 4488; x_wconf 89' lang='lat' dir='ltr'>tribuit,</span> <span class='ocrx_word' id='word_1_504' title='bbox 799 4417 911 4474; x_wconf 89' lang='lat' dir='ltr'>cuiusvis</span> <span class='ocrx_word' id='word_1_505' title='bbox 928 4418 1031 4473; x_wconf 91' lang='lat' dir='ltr'>virtutis</span> <span class='ocrx_word' id='word_1_506' title='bbox 1053 4418 1084 4474; x_wconf 90' lang='lat' dir='ltr'>in</span> <span class='ocrx_word' id='word_1_507' title='bbox 1101 4422 1182 4478; x_wconf 86' lang='lat' dir='ltr'>hoste</span> <span class='ocrx_word' id='word_1_508' title='bbox 1199 4417 1318 4476; x_wconf 65' lang='lat' dir='ltr'>admirdvf·</span> 
     </span>
    </p>
   </div>
   <div class='ocr_carea' id='block_1_5' title="bbox 0 0 1473 5174">
    <p class='ocr_par' dir='ltr' id='par_1_9' title="bbox 0 0 1473 5174">
     <span class='ocr_line' id='line_1_54' title="bbox 0 0 1473 5174; baseline 0 0"><span class='ocrx_word' id='word_1_509' title='bbox 0 0 1473 5174; x_wconf 95' lang='lat' dir='ltr'> </span> 
     </span>
    </p>
   </div>
  </div>
 </body>
</html>
