2926 5174
114 251 161 323 68
579 266 613 328 o.
642 264 765 316 cunrn
790 264 876 314 nuri

111 479 223 529 naves
248 451 420 524 militibus
446 449 621 546 impositis
649 445 809 548 Cyprum
834 446 1043 538 transmisit,
1071 456 1110 519 et
1138 470 1224 518 cum
1248 448 1341 522 inille
1391 546 1393 551 Κ

112 576 212 639 statu
238 587 358 635 rerum
383 559 422 633 id
448 585 634 657 quemque,
661 557 758 655 quod
785 568 1005 654 occupasset,
1027 557 1243 630 habiturum
1267 560 1340 631 arbi·
1389 554 1393 620 .'

113 685 271 749 traretur
296 673 398 745 velut
425 681 523 744 certo
549 672 627 744 iure
653 693 877 767 possessum,
909 668 1122 767 Aegyptum
1149 680 1273 767 petere
1296 671 1341 744 de·
1390 677 1393 754 j

114 785 244 859 crevit:
271 784 414 879 utrique
440 782 516 880 regi
541 781 667 872 hostis,
687 791 723 854 et
745 805 886 878 semper
912 805 960 852 ex
985 780 1135 877 ancipiti
1161 782 1342 855 mutatione

114 908 319 995 temporum
351 894 522 992 pendens.
575 891 823 988 Hortatusque
854 891 982 964 milites
1016 888 1065 962 ad
1098 916 1204 988 spem
1238 880 1393 966 tantaeh

115 1008 186 1097 rei,
222 1004 343 1094 docet,
377 1001 543 1076 Satacem
568 1013 772 1101 praetorem
798 1001 957 1101 Aegypti
993 1000 1170 1074 cecidisse
1204 1003 1243 1073 in
1275 1004 1342 1094 acie,

115 1115 309 1189 Persarum
335 1115 553 1212 praesidium
579 1125 616 1187 et
642 1113 718 1186 sine
745 1113 837 1186 duce
862 1138 958 1203 esse,
985 1122 1023 1185 et
1049 1109 1267 1203 invalidum,
1291 1115 1372 1186 Ae.

116 1226 271 1325 gyptios,
286 1251 428 1324 semper
452 1225 679 1324 praetoribus
695 1250 820 1298 eorum
844 1224 1003 1313 infestos,
1023 1248 1093 1320 pro
1121 1222 1228 1295 sociis
1255 1223 1344 1321 ipsos,

116 1363 190 1409 non
216 1363 282 1435 pro
309 1336 476 1409 hostibus
505 1337 766 1410 aestimaturos.
820 1332 950 1408 Omnia
982 1334 1141 1431 experiri
1168 1335 1372 1407 necessitato

118 1447 286 1546 cogebat:
320 1447 453 1544 quippe
479 1470 561 1517 cum
586 1447 719 1544 primas
746 1470 829 1543 spes
856 1445 1001 1517 fortuna
1028 1444 1214 1536 destituit,
1246 1446 1347 1519 futura

118 1556 368 1655 praesentibus
395 1556 565 1634 videntur
591 1582 670 1630 esse
696 1557 846 1655 potiora.
894 1554 1008 1653 Igitur
1035 1557 1276 1648 conclamant,
1301 1555 1348 1629 du·
1390 1554 1393 1659 l

120 1677 218 1740 eeret
244 1693 315 1764 quo
342 1667 535 1740 videretur.
588 1667 710 1764 Atque
740 1668 799 1740 ille
826 1665 1001 1738 utendum
1028 1667 1160 1739 animis
1189 1665 1276 1739 dum
1299 1691 1349 1764 spe
1391 1678 1393 1761 ξ

121 1780 278 1852 calerent
314 1789 431 1869 ratuS,
467 1778 514 1850 ad
545 1777 729 1851 Pelusium
761 1779 892 1850 ostium
926 1787 1111 1875 penetrat,
1146 1779 1352 1850 simulansa
1390 1766 1393 1885 l

120 1889 240 1963 Dareo
267 1915 306 1963 se
333 1915 411 1963 esse
438 1891 684 1988 praemissum.
723 1889 865 1962 Potitus
893 1913 979 1986 ergo
1005 1887 1153 1980 Pelusii,
1173 1887 1393 1987 Memphinm

122 2002 242 2100 copias
269 2003 466 2100 promovit:
506 2001 553 2073 ad
579 2002 679 2074 ouius
705 2002 838 2074 famam
862 1999 1051 2099 Aegyptii,
1086 2025 1187 2073 vana
1218 2025 1303 2099 gens
1325 2008 1352 2071 et
1391 1996 1393 2069 j

121 2200 249 2255 Graecam
267 2201 364 2281 ubique
381 2201 516 2269 invehens,
526 2201 594 2255 sicut
604 2201 723 2256 Snaken-
758 2205 851 2257 ostium
869 2219 889 2254 s.
907 2202 1018 2254 hostium
1042 2207 1072 2253 et
1090 2199 1211 2271 optimus
1228 2200 1301 2255 Leid.
1315 2199 1359 2276 Pe·¹

119 2270 197 2339 burg.
214 2270 284 2336 fecit,
303 2288 357 2322 vim
374 2270 466 2322 afferas
484 2269 612 2340 scriptori.
758 2274 853 2324 lusum.

155 2339 247 2390 millo
265 2340 347 2407 statu]
365 2338 451 2390 Abest
470 2340 498 2390 io
512 2356 529 2390 a
551 2339 725 2393 deterioribus
794 2342 818 2407 ᾖ.
835 2344 877 2392 30.
894 2337 1037 2406 Memphim
1046 2335 1074 2388 h.
1083 2334 1102 2387 1.
1119 2336 1199 2391 Leid
1217 2346 1247 2391 et
1262 2345 1354 2406 uterque
1391 2386 1393 2395 .

122 2405 374 2472 omnibus,Bern.B
389 2405 613 2460 sionensi-“HI
622 2409 723 2462 Voss.2
759 2407 840 2459 Bern.
858 2413 886 2458 et
894 2405 966 2458 Flor.
986 2421 1078 2457 omnes
1115 2405 1278 2474 raeterCG,
1291 2405 1352 2458 etim
1391 2418 1393 2423 ·

122 2474 189 2527 Mox
207 2476 294 2542 utique
311 2475 434 2528 mendose
451 2493 501 2544 pro
518 2478 573 2528 atri
590 2493 621 2528 ue
635 2493 726 2530 omnes
760 2474 889 2528 editiones
914 2471 996 2543 princ.
1018 2480 1048 2524 et
1113 2474 1155 2541 d.,
1185 2492 1236 2529 nec
1256 2475 1351 2529 Vosal

123 2543 198 2596 codd.
216 2542 299 2595 nostri
316 2552 345 2596 et
359 2542 440 2595 Snak.
458 2552 566 2612 praeter
608 2554 682 2598 ossl
698 2553 727 2598 et
760 2545 897 2613 Memphin
915 2543 962 2594 sed
978 2541 1100 2610 Memphi
1127 2544 1204 2613 quod
1226 2545 1261 2598 ad
1282 2539 1353 2596 terni·

122 2609 240 2674 moal),
259 2611 305 2663 sed
322 2611 351 2663 in
367 2612 417 2665 hoo
434 2620 462 2664 et
479 2611 507 2664 in
525 2613 725 2666 Voss.2Pal.1
763 2612 896 2665 nationem
918 2612 953 2661 im
974 2611 1065 2678 potius
1087 2610 1220 2679 pertinet.
1259 2611 1307 2665 Sed
1317 2626 1353 2679 po·

123 2678 319 2732 Flor.EFGHI
328 2680 408 2732 Bern.
426 2680 449 2732 B
468 2680 548 2733 etiam
565 2684 645 2735 hostis
664 2692 728 2734 erat.
763 2683 839 2746 titur,
861 2678 932 2749 quod
955 2686 997 2730 est
1018 2676 1046 2729 in
1064 2677 1143 2733 Leid.
1162 2681 1241 2734 Voss.
1260 2688 1272 2732 1
1290 2681 1353 2733 Bem
1376 2726 1379 2737 .

159 2751 182 2815 ς.
199 2753 241 2800 28.
260 2749 380 2801 Soterem
402 2765 492 2801 omnes
513 2749 573 2802 libri
591 2749 640 2802 nisi
657 2751 728 2820 quod
762 2750 788 2800 A
809 2747 881 2800 Flor.
899 2745 964 2812 AD,
988 2745 1041 2798 reci
1063 2763 1110 2798 ere
1133 2767 1191 2802 non
1213 2747 1297 2819 potui,
1317 2741 1354 2798 nisi

124 2815 267 2869 deteriores
274 2817 384 2870 Stacem.
396 2817 634 2886 VulgoArrianum
645 2818 728 2871 secuti
762 2816 839 2869 simul
861 2832 896 2867 ex
918 2814 990 2868 Flor.
1014 2764 1092 2866 Elll
1116 2817 1245 2871 Bern.B
1266 2826 1287 2869 et
1304 2820 1354 2866 ante

124 2901 194 2938 nunc
212 2885 294 2937 edunt
313 2886 447 2938 Sabacem.
466 2886 534 2939 Vide
551 2894 727 2957 supramm.
762 2886 903 2954 Memphim
924 2882 1079 2950 adimerem,
1104 2887 1181 2955 quod
1200 2887 1268 2940 abest
1281 2901 1296 2936 a
1309 2895 1353 2933 me-

125 2955 726 3078 tdhail'iiiliaeiwlailfae‘ssildll‘niif
762 2951 1029 3090 Philiphfflil'ii'
1045 3037 1115 3087 ,aa
1139 3052 1178 3062 -
1202 3054 1237 3062 ..
1258 3020 1285 3073 a
1307 3017 1351 3070 aa

125 3097 156 3142 ut
178 3090 305 3160 Aegyptii
325 3042 436 3146 infrapef
453 3040 566 3145 hepblim
582 3062 727 3144 Persbrum
761 3093 855 3159 quique
873 3090 936 3141 vicis
969 3086 1053 3141 codd.
1073 3087 1187 3157 quidem
1201 3088 1355 3158 nostrime

126 3160 217 3226 opibus
235 3161 333 3228 infensi
350 3158 485 3212 dicuntur:
504 3161 550 3212 sed
567 3160 647 3231 longe
655 3177 730 3230 prae·
765 3168 808 3211 ter
824 3157 895 3211 Flor.
914 3155 940 3209 G
986 3157 1112 3224 Aegypti,
1125 3159 1184 3224 sed,
1195 3159 1294 3228 opinor,
1301 3151 1356 3231 quqd

127 3233 182 3280 stat
199 3226 390 3297 manuscriptos
412 3227 502 3297 sequi,
527 3229 572 3297 qui
594 3230 628 3281 ad
650 3247 731 3281 unum
759 3227 898 3296 geminata
928 3224 1025 3278 vocalis
1052 3224 1119 3277 olim
1142 3245 1200 3280 non
1224 3225 1298 3280 solita
1319 3223 1357 3276 fat

127 3311 216 3372 omnes
231 3296 342 3372 infestos
356 3295 496 3361 exhibent3
515 3296 645 3364 significat
662 3298 732 3350 enim
766 3294 885 3376 exprimi.
911 3293 1015 3372 Deinde
1025 3294 1123 3361 quique
1142 3294 1238 3364 scripsi
1240 3289 1356 3414 provulg·

128 3377 326 3414 marmrsesse
344 3363 443 3414 autad
460 3380 534 3414 arma
551 3365 676 3416 sumenda
684 3383 732 3434 pa·
784 3362 1020 3432 uisque,quod1n
1037 3379 1092 3414 uno
1111 3370 1223 3415 tantum
1258 3367 1357 3414 eneam

128 3435 208 3480 ratos.
253 3427 296 3480 De
323 3430 520 3497 permutatione
547 3433 733 3486 vocabulorum
766 3382 838 3484 llor.
857 3431 879 3484 C
901 3439 930 3483 ot
953 3431 986 3481 de
1004 3428 1142 3484 Snakenb.
1165 3430 1195 3483 in
1213 3432 1290 3485 Voss.
1305 3436 1318 3483 2
1332 3426 1359 3483 le.

128 3494 189 3546 vide
206 3495 342 3549 Drakenb.
362 3497 395 3548 ad
411 3497 470 3550 Liv.
488 3513 518 3550 11.
536 3506 568 3553 46
587 3509 656 3553 extr.
767 3501 848 3569 gitur,
867 3515 917 3551 nec
933 3499 966 3550 ad
983 3514 1039 3550 rem
1058 3505 1156 3566 aptum
1174 3507 1232 3567 est,
1250 3517 1307 3553 cum
1322 3495 1358 3549 sin·

164 3567 240 3624 §.he
258 3566 399 3617 accersitos
418 3567 535 3646 sepehet]
554 3569 660 3622 Modius
677 3589 731 3624 aec.
767 3569 845 3637 gulae
871 3567 1004 3632 civitates,
1036 3583 1092 3618 non
1118 3567 1221 3637 singuli
1252 3565 1359 3627 homine,

130 3633 264 3701 subigebat
280 3631 421 3686 lectoribus
443 3634 555 3689 illudens
574 3637 733 3692 Sallustiana
766 3636 956 3706 intelligantur.
991 3634 1058 3688 Mox
1080 3635 1149 3687 editi
1172 3640 1213 3690 ad
1229 3639 1277 3690 hoc
1293 3638 1360 3704 ipim

130 3699 338 3767 constructione,
364 3702 436 3756 ouius
457 3720 492 3755 ne
513 3706 654 3776 vestigium
675 3708 733 3778 qui-
767 3714 937 3770 certauerant,
965 3706 1002 3756 ad
1019 3704 1132 3756 delenda
1151 3707 1309 3772 praesidio,
1329 3697 1361 3754 sed

130 3768 191 3820 dem
208 3767 291 3821 ullum
307 3769 335 3821 in
352 3769 425 3824 libris
442 3791 502 3825 mss.
521 3782 570 3826 est.
768 3792 828 3826 mss.
845 3773 969 3842 ignorant
978 3771 1049 3841 prius
1058 3769 1127 3823 illud
1136 3776 1176 3825 ad
1180 3793 1189 3824 .·
1208 3773 1293 3826 nostri
1307 3775 1361 3824 cem

164 3839 202 3889 od
221 3837 356 3891 Pelusium
384 3842 487 3908 ostiam]
516 3843 612 3896 Adhuc
633 3843 734 3897 editum
768 3859 871 3907 omnes,
897 3847 1002 3910 praeter
1017 3839 1090 3892 Flor.
1111 3839 1147 3907 G,
1166 3841 1196 3893 in
1215 3860 1269 3912 quo
1286 3834 1363 3893 estod

129 3905 181 3957 fult
198 3908 235 3958 ad
242 3906 346 3960 Pelusii
362 3910 465 3976 ostium,
484 3910 530 3962 sed
547 3911 610 3964 Nili
628 3913 735 3982 quidem
769 3913 836 3963 huno
857 3911 956 3978 ipsum:
975 3907 1055 3961 Snalr.
1080 3906 1109 3959 in
1131 3908 1211 3962 Leid.
1230 3911 1317 3962 deesse
1332 3904 1363 3964 at

131 3972 199 4026 ostia
217 3974 349 4042 novimus,
373 3976 476 4046 singula
493 3985 582 4031 autem
600 3981 633 4032 de
651 3981 734 4035 nomi·
768 3979 797 4030 in
814 3979 915 4043 voest
935 3980 1004 4046 qaod
1020 3979 1066 4028 hoc
1085 3978 1176 4055 ipsum
1195 3978 1251 4049 legi
1270 3971 1363 4033 notavit

130 4041 208 4094 nibus
224 4043 328 4097 urbium
346 4044 475 4099 adiective
487 4047 663 4117 appellantur,
682 4050 734 4103 Pe·
769 4048 802 4099 de
819 4048 928 4100 Vossl
955 4045 1023 4097 silet.
1062 4044 1133 4096 Mihi
1157 4062 1249 4117 neque
1272 4045 1364 4098 adiicere

131 4108 265 4178 lusiaoum,
276 4112 437 4182 Tanaiticum,
451 4115 666 4186 Sebennyticum.
684 4119 734 4170 Pe·
769 4119 807 4168 ad
823 4123 912 4168 tutum
928 4114 1046 4174 videtur,
1068 4112 1216 4184 multoque
1238 4115 1321 4168 minus
1335 4117 1365 4162 to·

133 4179 217 4229 zasias
240 4198 302 4234 vero
324 4198 407 4252 aeque
428 4191 457 4236 et
475 4182 576 4238 Graece
593 4195 622 4239 et
638 4186 734 4239 Latine
768 4192 826 4236 tum
843 4187 889 4236 hoc
907 4185 992 4251 ipsum
1009 4179 1129 4246 delerim,
1149 4184 1255 4237 veritus
1272 4173 1368 4250 nequid

133 4252 175 4324 est
191 4247 393 4303 aePelusiacus.
421 4252 531 4306 Codices
548 4255 654 4324 quidem
671 4255 734 4307 alias
768 4253 894 4322 antiquae
911 4248 1080 4321 proprietatis
1096 4248 1202 4305 tollam.
1229 4253 1367 4324 Hocipsmt

132 4313 288 4383 integriores
308 4318 380 4373 Flor.
397 4320 452 4373 AB
475 4322 556 4374 Bern.
574 4328 599 4376 A
622 4324 698 4376 Voss.
719 4330 732 4375 1
768 4322 803 4372 ad
819 4328 907 4374 totum
923 4319 1070 4371 membrum
1092 4320 1132 4370 ad
1151 4323 1269 4374 delenda
1282 4331 1368 4391 proest-

133 4381 249 4452 Pelusii,
281 4387 328 4440 sed
358 4387 451 4460 reliqui
482 4407 572 4445 omnes
597 4392 733 4445 Pelusium
769 4391 816 4443 dia
838 4390 981 4445 Persarum
1005 4397 1167 4441 concurrant
1190 4389 1233 4443 ita
1254 4386 1370 4462 pertinere
