<?xml version="1.0" encoding="UTF-8"?>
<!DOCTYPE html PUBLIC "-//W3C//DTD XHTML 1.0 Transitional//EN"
    "http://www.w3.org/TR/xhtml1/DTD/xhtml1-transitional.dtd">
<html xmlns="http://www.w3.org/1999/xhtml" xml:lang="en" lang="en">
 <head>
  <title>
</title>
<meta http-equiv="Content-Type" content="text/html;charset=utf-8" />
  <meta name='ocr-system' content='tesseract 3.04.00' />
  <meta name='ocr-capabilities' content='ocr_page ocr_carea ocr_par ocr_line ocrx_word'/>
</head>
<body>
  <div class='ocr_page' id='page_1' title='image "./qcurtiirufidege01rufugoog_0465.png"; bbox 0 0 2926 5174; ppageno 0'>
   <div class='ocr_carea' id='block_1_1' title="bbox 187 255 950 337">
    <p class='ocr_par' dir='ltr' id='par_1_1' title="bbox 187 255 950 337">
     <span class='ocr_line' id='line_1_1' title="bbox 187 255 950 337; baseline -0.001 -11"><span class='ocrx_word' id='word_1_1' title='bbox 187 255 262 326; x_wconf 83' lang='lat'>434</span> <span class='ocrx_word' id='word_1_2' title='bbox 657 275 690 337; x_wconf 75' lang='lat' dir='ltr'>Q:</span> <span class='ocrx_word' id='word_1_3' title='bbox 718 274 842 326; x_wconf 84' lang='lat' dir='ltr'>cunrn</span> <span class='ocrx_word' id='word_1_4' title='bbox 866 274 950 325; x_wconf 80' lang='lat' dir='ltr'>amu</span> 
     </span>
    </p>
   </div>
   <div class='ocr_carea' id='block_1_2' title="bbox 128 439 1453 2553">
    <p class='ocr_par' dir='ltr' id='par_1_2' title="bbox 185 439 1453 666">
     <span class='ocr_line' id='line_1_2' title="bbox 186 439 1453 554; baseline -0.007 -24"><span class='ocrx_word' id='word_1_5' title='bbox 186 459 268 554; x_wconf 93' lang='lat' dir='ltr'>quia</span> <span class='ocrx_word' id='word_1_6' title='bbox 300 455 424 530; x_wconf 91' lang='lat' dir='ltr'>eadem</span> <span class='ocrx_word' id='word_1_7' title='bbox 460 439 669 531; x_wconf 80' lang='lat' dir='ltr'>aestimatur</span> <span class='ocrx_word' id='word_1_8' title='bbox 702 458 738 529; x_wconf 92' lang='lat' dir='ltr'>in</span> <span class='ocrx_word' id='word_1_9' title='bbox 774 458 903 530; x_wconf 89' lang='lat' dir='ltr'>liberis.</span> <span class='ocrx_word' id='word_1_10' title='bbox 955 455 1071 535; x_wconf 88' lang='lat' dir='ltr'>Huius</span> <span class='ocrx_word' id='word_1_11' title='bbox 1099 456 1226 554; x_wconf 84' lang='lat' dir='ltr'>gentis</span> <span class='ocrx_word' id='word_1_12' title='bbox 1254 453 1419 554; x_wconf 91' lang='lat' dir='ltr'>oppidum,</span> <span class='ocrx_word' id='word_1_13' title='bbox 1432 475 1453 522; x_wconf 83' lang='lat' dir='ltr'>u</span> 
     </span>
     <span class='ocr_line' id='line_1_3' title="bbox 185 564 1420 666; baseline -0.002 -24"><span class='ocrx_word' id='word_1_14' title='bbox 185 570 241 642; x_wconf 91' lang='lat' dir='ltr'>cui</span> <span class='ocrx_word' id='word_1_15' title='bbox 267 567 475 642; x_wconf 84' lang='lat' dir='ltr'><strong>Alexander</strong></span> <span class='ocrx_word' id='word_1_16' title='bbox 507 570 718 646; x_wconf 87' lang='lat' dir='ltr'>admoverat</span> <span class='ocrx_word' id='word_1_17' title='bbox 750 569 885 666; x_wconf 87' lang='lat' dir='ltr'>copias,</span> <span class='ocrx_word' id='word_1_18' title='bbox 921 568 966 640; x_wconf 92' lang='lat' dir='ltr'>ab</span> <span class='ocrx_word' id='word_1_19' title='bbox 998 568 1078 664; x_wconf 92' lang='lat' dir='ltr'>ipso</span> <span class='ocrx_word' id='word_1_20' title='bbox 1107 564 1268 666; x_wconf 82' lang='lat' dir='ltr'>Sopithe</span> <span class='ocrx_word' id='word_1_21' title='bbox 1301 567 1420 640; x_wconf 90' lang='lat' dir='ltr'>obtine·</span> 
     </span>
    </p>

    <p class='ocr_par' dir='ltr' id='par_1_3' title="bbox 184 678 1420 781">
     <span class='ocr_line' id='line_1_4' title="bbox 184 678 1420 781; baseline -0.002 -28"><span class='ocrx_word' id='word_1_22' title='bbox 184 680 300 753; x_wconf 85' lang='lat' dir='ltr'>batur.</span> <span class='ocrx_word' id='word_1_23' title='bbox 355 678 504 754; x_wconf 79' lang='lat' dir='ltr'>Clausae</span> <span class='ocrx_word' id='word_1_24' title='bbox 532 694 634 756; x_wconf 92' lang='lat' dir='ltr'>erant</span> <span class='ocrx_word' id='word_1_25' title='bbox 665 693 806 781; x_wconf 86' lang='lat' dir='ltr'>portae,</span> <span class='ocrx_word' id='word_1_26' title='bbox 843 679 907 752; x_wconf 91' lang='lat' dir='ltr'>sed</span> <span class='ocrx_word' id='word_1_27' title='bbox 932 679 1018 750; x_wconf 90' lang='lat' dir='ltr'>nulli</span> <span class='ocrx_word' id='word_1_28' title='bbox 1043 679 1084 751; x_wconf 91' lang='lat' dir='ltr'>in</span> <span class='ocrx_word' id='word_1_29' title='bbox 1111 679 1233 777; x_wconf 76' lang='lat' dir='ltr'>muris</span> <span class='ocrx_word' id='word_1_30' title='bbox 1262 679 1420 753; x_wconf 89' lang='lat' dir='ltr'>turribus·</span> 
     </span>
    </p>

    <p class='ocr_par' dir='ltr' id='par_1_4' title="bbox 184 788 1419 888">
     <span class='ocr_line' id='line_1_5' title="bbox 184 788 1419 888; baseline -0.002 -25"><span class='ocrx_word' id='word_1_31' title='bbox 184 817 252 888; x_wconf 92' lang='lat' dir='ltr'>que</span> <span class='ocrx_word' id='word_1_32' title='bbox 280 817 318 864; x_wconf 90' lang='lat' dir='ltr'>se</span> <span class='ocrx_word' id='word_1_33' title='bbox 345 793 472 864; x_wconf 90' lang='lat' dir='ltr'>armati</span> <span class='ocrx_word' id='word_1_34' title='bbox 499 794 751 884; x_wconf 81' lang='lat' dir='ltr'>ostendebant,</span> <span class='ocrx_word' id='word_1_35' title='bbox 785 791 1068 887; x_wconf 80' lang='lat' dir='ltr'>dubitabantque</span> <span class='ocrx_word' id='word_1_36' title='bbox 1095 788 1339 880; x_wconf 90' lang='lat' dir='ltr'>Macedones,</span> <span class='ocrx_word' id='word_1_37' title='bbox 1371 788 1419 861; x_wconf 92' lang='lat' dir='ltr'>de·</span> 
     </span>
    </p>

    <p class='ocr_par' dir='ltr' id='par_1_5' title="bbox 183 901 1442 1112">
     <span class='ocr_line' id='line_1_6' title="bbox 183 901 1442 993; baseline -0.002 -19"><span class='ocrx_word' id='word_1_38' title='bbox 183 903 378 975; x_wconf 89' lang='lat' dir='ltr'>seruissent</span> <span class='ocrx_word' id='word_1_39' title='bbox 410 904 535 976; x_wconf 91' lang='lat' dir='ltr'>urbem</span> <span class='ocrx_word' id='word_1_40' title='bbox 567 905 720 993; x_wconf 82' lang='lat' dir='ltr'>incolae,</span> <span class='ocrx_word' id='word_1_41' title='bbox 754 928 800 974; x_wconf 92' lang='lat' dir='ltr'>an</span> <span class='ocrx_word' id='word_1_42' title='bbox 835 901 959 975; x_wconf 86' lang='lat' dir='ltr'>fraude</span> <span class='ocrx_word' id='word_1_43' title='bbox 994 926 1033 974; x_wconf 91' lang='lat' dir='ltr'>se</span> <span class='ocrx_word' id='word_1_44' title='bbox 1070 902 1307 991; x_wconf 81' lang='lat' dir='ltr'>occulerent3</span> <span class='ocrx_word' id='word_1_45' title='bbox 1342 918 1442 989; x_wconf 74' lang='lat' dir='ltr'>euml</span> 
     </span>
     <span class='ocr_line' id='line_1_7' title="bbox 183 1009 1418 1112; baseline -0.002 -27"><span class='ocrx_word' id='word_1_46' title='bbox 183 1014 302 1086; x_wconf 89' lang='lat' dir='ltr'>subito</span> <span class='ocrx_word' id='word_1_47' title='bbox 328 1015 507 1111; x_wconf 86' lang='lat' dir='ltr'>patefacta</span> <span class='ocrx_word' id='word_1_48' title='bbox 532 1027 647 1112; x_wconf 93' lang='lat' dir='ltr'>porta,</span> <span class='ocrx_word' id='word_1_49' title='bbox 674 1040 740 1086; x_wconf 86' lang='lat' dir='ltr'>rex</span> <span class='ocrx_word' id='word_1_50' title='bbox 765 1009 876 1086; x_wconf 89' lang='lat' dir='ltr'>Indus</span> <span class='ocrx_word' id='word_1_51' title='bbox 903 1039 983 1085; x_wconf 90' lang='lat' dir='ltr'>cum</span> <span class='ocrx_word' id='word_1_52' title='bbox 1010 1011 1158 1085; x_wconf 92' lang='lat' dir='ltr'>duobus</span> <span class='ocrx_word' id='word_1_53' title='bbox 1188 1011 1326 1085; x_wconf 91' lang='lat' dir='ltr'>adultis</span> <span class='ocrx_word' id='word_1_54' title='bbox 1351 1012 1418 1083; x_wconf 91' lang='lat' dir='ltr'>filiis</span> 
     </span>
    </p>

    <p class='ocr_par' dir='ltr' id='par_1_6' title="bbox 182 1123 1418 1222">
     <span class='ocr_line' id='line_1_8' title="bbox 182 1123 1418 1222; baseline -0.002 -26"><span class='ocrx_word' id='word_1_55' title='bbox 182 1125 352 1214; x_wconf 80' lang='lat' dir='ltr'>ocemrit,</span> <span class='ocrx_word' id='word_1_56' title='bbox 388 1127 540 1198; x_wconf 89' lang='lat' dir='ltr'>multum</span> <span class='ocrx_word' id='word_1_57' title='bbox 572 1127 665 1199; x_wconf 92' lang='lat' dir='ltr'>inter</span> <span class='ocrx_word' id='word_1_58' title='bbox 698 1150 821 1197; x_wconf 89' lang='lat' dir='ltr'>omnes</span> <span class='ocrx_word' id='word_1_59' title='bbox 857 1125 1029 1198; x_wconf 89' lang='lat' dir='ltr'>barbaros</span> <span class='ocrx_word' id='word_1_60' title='bbox 1064 1124 1235 1198; x_wconf 90' lang='lat' dir='ltr'>eminens</span> <span class='ocrx_word' id='word_1_61' title='bbox 1275 1123 1418 1222; x_wconf 90' lang='lat' dir='ltr'>corporis</span> 
     </span>
    </p>

    <p class='ocr_par' dir='ltr' id='par_1_7' title="bbox 181 1235 1449 1443">
     <span class='ocr_line' id='line_1_9' title="bbox 181 1235 1449 1333; baseline -0.001 -26"><span class='ocrx_word' id='word_1_62' title='bbox 181 1236 308 1332; x_wconf 89' lang='lat' dir='ltr'>speeie.</span> <span class='ocrx_word' id='word_1_63' title='bbox 360 1235 482 1310; x_wconf 89' lang='lat' dir='ltr'>Vestis</span> <span class='ocrx_word' id='word_1_64' title='bbox 511 1247 588 1311; x_wconf 92' lang='lat' dir='ltr'>erat</span> <span class='ocrx_word' id='word_1_65' title='bbox 614 1263 701 1310; x_wconf 92' lang='lat' dir='ltr'>auro</span> <span class='ocrx_word' id='word_1_66' title='bbox 727 1260 954 1333; x_wconf 86' lang='lat' dir='ltr'>purpuraque</span> <span class='ocrx_word' id='word_1_67' title='bbox 982 1235 1167 1327; x_wconf 89' lang='lat' dir='ltr'>distincta,</span> <span class='ocrx_word' id='word_1_68' title='bbox 1203 1261 1300 1333; x_wconf 90' lang='lat' dir='ltr'>quae</span> <span class='ocrx_word' id='word_1_69' title='bbox 1327 1235 1416 1308; x_wconf 86' lang='lat' dir='ltr'>etiam</span> <span class='ocrx_word' id='word_1_70' title='bbox 1429 1252 1449 1298; x_wconf 76' lang='lat'>29</span> 
     </span>
     <span class='ocr_line' id='line_1_10' title="bbox 182 1344 1416 1443; baseline -0.002 -26"><span class='ocrx_word' id='word_1_71' title='bbox 182 1371 286 1419; x_wconf 89' lang='lat' dir='ltr'>crura</span> <span class='ocrx_word' id='word_1_72' title='bbox 325 1348 488 1439; x_wconf 81' lang='lat' dir='ltr'>velabat3</span> <span class='ocrx_word' id='word_1_73' title='bbox 535 1350 651 1422; x_wconf 91' lang='lat' dir='ltr'>aureis</span> <span class='ocrx_word' id='word_1_74' title='bbox 693 1347 797 1420; x_wconf 90' lang='lat' dir='ltr'>soleis</span> <span class='ocrx_word' id='word_1_75' title='bbox 838 1347 1036 1419; x_wconf 74' lang='lat' dir='ltr'>inseruerat</span> <span class='ocrx_word' id='word_1_76' title='bbox 1077 1371 1271 1443; x_wconf 88' lang='lat' dir='ltr'>gemmas;</span> <span class='ocrx_word' id='word_1_77' title='bbox 1311 1344 1416 1418; x_wconf 83' lang='lat' dir='ltr'>lacerti</span> 
     </span>
    </p>

    <p class='ocr_par' dir='ltr' id='par_1_8' title="bbox 179 1457 1444 1666">
     <span class='ocr_line' id='line_1_11' title="bbox 180 1457 1444 1555; baseline -0.002 -27"><span class='ocrx_word' id='word_1_78' title='bbox 180 1482 321 1554; x_wconf 93' lang='lat' dir='ltr'>quoque</span> <span class='ocrx_word' id='word_1_79' title='bbox 348 1469 385 1530; x_wconf 90' lang='lat' dir='ltr'>et</span> <span class='ocrx_word' id='word_1_80' title='bbox 408 1458 566 1532; x_wconf 88' lang='lat' dir='ltr'>brachia&#39;</span> <span class='ocrx_word' id='word_1_81' title='bbox 585 1458 785 1555; x_wconf 84' lang='lat' dir='ltr'>margaritis</span> <span class='ocrx_word' id='word_1_82' title='bbox 812 1468 938 1531; x_wconf 90' lang='lat' dir='ltr'>ornata</span> <span class='ocrx_word' id='word_1_83' title='bbox 964 1469 1076 1530; x_wconf 90' lang='lat' dir='ltr'>erant.</span> <span class='ocrx_word' id='word_1_84' title='bbox 1133 1457 1354 1531; x_wconf 89' lang='lat' dir='ltr'>Pendebant</span> <span class='ocrx_word' id='word_1_85' title='bbox 1375 1471 1444 1528; x_wconf 81' lang='lat' dir='ltr'>ex³⁰</span> 
     </span>
     <span class='ocr_line' id='line_1_12' title="bbox 179 1567 1413 1666; baseline -0.002 -28"><span class='ocrx_word' id='word_1_86' title='bbox 179 1567 323 1640; x_wconf 91' lang='lat' dir='ltr'>auribus</span> <span class='ocrx_word' id='word_1_87' title='bbox 355 1569 510 1666; x_wconf 80' lang='lat' dir='ltr'>insignes</span> <span class='ocrx_word' id='word_1_88' title='bbox 538 1570 692 1642; x_wconf 86' lang='lat' dir='ltr'>candore</span> <span class='ocrx_word' id='word_1_89' title='bbox 727 1579 764 1640; x_wconf 90' lang='lat' dir='ltr'>et</span> <span class='ocrx_word' id='word_1_90' title='bbox 795 1567 1038 1666; x_wconf 82' lang='lat' dir='ltr'>magnitudine</span> <span class='ocrx_word' id='word_1_91' title='bbox 1073 1569 1202 1666; x_wconf 91' lang='lat' dir='ltr'>lapilli.</span> <span class='ocrx_word' id='word_1_92' title='bbox 1259 1567 1413 1642; x_wconf 81' lang='lat' dir='ltr'>Baculun</span> 
     </span>
    </p>

    <p class='ocr_par' dir='ltr' id='par_1_9' title="bbox 178 1678 1413 1780">
     <span class='ocr_line' id='line_1_13' title="bbox 178 1678 1413 1780; baseline -0.002 -31"><span class='ocrx_word' id='word_1_93' title='bbox 178 1703 326 1751; x_wconf 91' lang='lat' dir='ltr'>aureum</span> <span class='ocrx_word' id='word_1_94' title='bbox 366 1678 494 1779; x_wconf 83' lang='lat' dir='ltr'>berylli</span> <span class='ocrx_word' id='word_1_95' title='bbox 535 1680 821 1780; x_wconf 90' lang='lat' dir='ltr'>distinguebant:</span> <span class='ocrx_word' id='word_1_96' title='bbox 870 1706 939 1776; x_wconf 93' lang='lat' dir='ltr'>quo</span> <span class='ocrx_word' id='word_1_97' title='bbox 974 1678 1111 1751; x_wconf 89' lang='lat' dir='ltr'>tradito</span> <span class='ocrx_word' id='word_1_98' title='bbox 1150 1690 1343 1778; x_wconf 85' lang='lat' dir='ltr'>precatus,</span> <span class='ocrx_word' id='word_1_99' title='bbox 1382 1687 1413 1748; x_wconf 91' lang='lat' dir='ltr'>ut</span> 
     </span>
    </p>

    <p class='ocr_par' dir='ltr' id='par_1_10' title="bbox 179 1790 1359 1889">
     <span class='ocr_line' id='line_1_14' title="bbox 179 1790 1359 1889; baseline 0.001 -29"><span class='ocrx_word' id='word_1_100' title='bbox 179 1812 302 1887; x_wconf 92' lang='lat' dir='ltr'>sospes</span> <span class='ocrx_word' id='word_1_101' title='bbox 330 1791 519 1889; x_wconf 88' lang='lat' dir='ltr'>acciperet,</span> <span class='ocrx_word' id='word_1_102' title='bbox 547 1818 586 1865; x_wconf 90' lang='lat' dir='ltr'>se</span> <span class='ocrx_word' id='word_1_103' title='bbox 612 1793 813 1886; x_wconf 88' lang='lat' dir='ltr'>liberosque</span> <span class='ocrx_word' id='word_1_104' title='bbox 841 1800 878 1862; x_wconf 93' lang='lat' dir='ltr'>et</span> <span class='ocrx_word' id='word_1_105' title='bbox 902 1800 1047 1887; x_wconf 88' lang='lat' dir='ltr'>gentem</span> <span class='ocrx_word' id='word_1_106' title='bbox 1075 1815 1186 1863; x_wconf 92' lang='lat' dir='ltr'>suam</span> <span class='ocrx_word' id='word_1_107' title='bbox 1215 1790 1359 1864; x_wconf 90' lang='lat' dir='ltr'>dedidit.</span> 
     </span>
    </p>

    <p class='ocr_par' dir='ltr' id='par_1_11' title="bbox 128 1899 1440 2553">
     <span class='ocr_line' id='line_1_15' title="bbox 128 1899 1440 1996; baseline 0.001 -27"><span class='ocrx_word' id='word_1_108' title='bbox 128 1900 149 1969; x_wconf 83' lang='lat'>6</span> <span class='ocrx_word' id='word_1_109' title='bbox 253 1899 399 1976; x_wconf 87' lang='lat' dir='ltr'>Nobiles</span> <span class='ocrx_word' id='word_1_110' title='bbox 426 1903 473 1975; x_wconf 89' lang='lat' dir='ltr'>ad</span> <span class='ocrx_word' id='word_1_111' title='bbox 490 1903 696 1977; x_wconf 86' lang='lat' dir='ltr'>venandum</span> <span class='ocrx_word' id='word_1_112' title='bbox 722 1926 828 1974; x_wconf 92' lang='lat' dir='ltr'>canes</span> <span class='ocrx_word' id='word_1_113' title='bbox 854 1901 891 1985; x_wconf 90' lang='lat' dir='ltr'>in</span> <span class='ocrx_word' id='word_1_114' title='bbox 918 1926 959 1973; x_wconf 94' lang='lat' dir='ltr'>ea</span> <span class='ocrx_word' id='word_1_115' title='bbox 984 1900 1134 1996; x_wconf 84' lang='lat' dir='ltr'>regione</span> <span class='ocrx_word' id='word_1_116' title='bbox 1161 1913 1270 1976; x_wconf 87' lang='lat' dir='ltr'>sunt:</span> <span class='ocrx_word' id='word_1_117' title='bbox 1296 1903 1410 1974; x_wconf 88' lang='lat' dir='ltr'>latratu</span> <span class='ocrx_word' id='word_1_118' title='bbox 1422 1915 1440 1962; x_wconf 78' lang='lat'>³1</span> 
     </span>
     <span class='ocr_line' id='line_1_16' title="bbox 177 2011 1410 2106; baseline -0.002 -22"><span class='ocrx_word' id='word_1_119' title='bbox 177 2013 355 2085; x_wconf 90' lang='lat' dir='ltr'>abstinere</span> <span class='ocrx_word' id='word_1_120' title='bbox 392 2012 572 2106; x_wconf 88' lang='lat' dir='ltr'>dicuntur,</span> <span class='ocrx_word' id='word_1_121' title='bbox 605 2041 686 2087; x_wconf 93' lang='lat' dir='ltr'>cum</span> <span class='ocrx_word' id='word_1_122' title='bbox 713 2011 879 2085; x_wconf 85' lang='lat' dir='ltr'>videnmt</span> <span class='ocrx_word' id='word_1_123' title='bbox 904 2013 1032 2101; x_wconf 85' lang='lat' dir='ltr'>feram,</span> <span class='ocrx_word' id='word_1_124' title='bbox 1065 2012 1240 2087; x_wconf 88' lang='lat' dir='ltr'>leonibus</span> <span class='ocrx_word' id='word_1_125' title='bbox 1275 2013 1410 2087; x_wconf 86' lang='lat' dir='ltr'>maxime</span> 
     </span>
     <span class='ocr_line' id='line_1_17' title="bbox 175 2122 1439 2221; baseline -0.002 -27"><span class='ocrx_word' id='word_1_126' title='bbox 175 2123 302 2196; x_wconf 84' lang='lat' dir='ltr'>infesti.</span> <span class='ocrx_word' id='word_1_127' title='bbox 355 2123 494 2197; x_wconf 92' lang='lat' dir='ltr'>Horum</span> <span class='ocrx_word' id='word_1_128' title='bbox 520 2128 593 2198; x_wconf 91' lang='lat' dir='ltr'>vim</span> <span class='ocrx_word' id='word_1_129' title='bbox 621 2137 661 2199; x_wconf 94' lang='lat' dir='ltr'>ut</span> <span class='ocrx_word' id='word_1_130' title='bbox 687 2122 893 2197; x_wconf 89' lang='lat' dir='ltr'>ostenderet</span> <span class='ocrx_word' id='word_1_131' title='bbox 919 2122 1148 2215; x_wconf 82' lang='lat' dir='ltr'>Alexandro,</span> <span class='ocrx_word' id='word_1_132' title='bbox 1185 2126 1225 2198; x_wconf 91' lang='lat' dir='ltr'>in</span> <span class='ocrx_word' id='word_1_133' title='bbox 1254 2132 1439 2221; x_wconf 76' lang='lat' dir='ltr'>conseptus</span> 
     </span>
     <span class='ocr_line' id='line_1_18' title="bbox 176 2233 1409 2335; baseline -0.001 -31"><span class='ocrx_word' id='word_1_134' title='bbox 176 2234 315 2308; x_wconf 91' lang='lat' dir='ltr'>leonem</span> <span class='ocrx_word' id='word_1_135' title='bbox 342 2237 491 2308; x_wconf 90' lang='lat' dir='ltr'>eximiae</span> <span class='ocrx_word' id='word_1_136' title='bbox 518 2234 771 2335; x_wconf 88' lang='lat' dir='ltr'>magnitudinis</span> <span class='ocrx_word' id='word_1_137' title='bbox 799 2233 901 2306; x_wconf 90' lang='lat' dir='ltr'>iussit</span> <span class='ocrx_word' id='word_1_138' title='bbox 921 2233 1043 2324; x_wconf 87' lang='lat' dir='ltr'>emitti,</span> <span class='ocrx_word' id='word_1_139' title='bbox 1071 2245 1110 2307; x_wconf 90' lang='lat' dir='ltr'>et</span> <span class='ocrx_word' id='word_1_140' title='bbox 1125 2248 1306 2333; x_wconf 90' lang='lat' dir='ltr'>quattuor</span> <span class='ocrx_word' id='word_1_141' title='bbox 1319 2233 1409 2308; x_wconf 91' lang='lat' dir='ltr'>omni-</span> 
     </span>
     <span class='ocr_line' id='line_1_19' title="bbox 175 2344 1408 2445; baseline -0.001 -30"><span class='ocrx_word' id='word_1_142' title='bbox 175 2370 222 2416; x_wconf 95' lang='lat' dir='ltr'>no</span> <span class='ocrx_word' id='word_1_143' title='bbox 253 2344 437 2419; x_wconf 92' lang='lat' dir='ltr'>admoveri</span> <span class='ocrx_word' id='word_1_144' title='bbox 461 2373 577 2436; x_wconf 91' lang='lat' dir='ltr'>canes,</span> <span class='ocrx_word' id='word_1_145' title='bbox 605 2348 665 2445; x_wconf 93' lang='lat' dir='ltr'>qui</span> <span class='ocrx_word' id='word_1_146' title='bbox 683 2344 843 2418; x_wconf 87' lang='lat' dir='ltr'>celeriter</span> <span class='ocrx_word' id='word_1_147' title='bbox 866 2346 977 2417; x_wconf 85' lang='lat' dir='ltr'>feram</span> <span class='ocrx_word' id='word_1_148' title='bbox 1003 2361 1294 2443; x_wconf 89' lang='lat' dir='ltr'>occupaverunt.</span> <span class='ocrx_word' id='word_1_149' title='bbox 1332 2346 1408 2418; x_wconf 88' lang='lat' dir='ltr'>Tun</span> 
     </span>
     <span class='ocr_line' id='line_1_20' title="bbox 175 2455 1408 2553; baseline 0.002 -28"><span class='ocrx_word' id='word_1_150' title='bbox 175 2478 222 2525; x_wconf 87' lang='lat' dir='ltr'>ex</span> <span class='ocrx_word' id='word_1_151' title='bbox 248 2455 313 2547; x_wconf 88' lang='lat' dir='ltr'>his,</span> <span class='ocrx_word' id='word_1_152' title='bbox 341 2458 401 2553; x_wconf 94' lang='lat' dir='ltr'>qui</span> <span class='ocrx_word' id='word_1_153' title='bbox 427 2469 661 2533; x_wconf 87' lang='lat' dir='ltr'>assueverant</span> <span class='ocrx_word' id='word_1_154' title='bbox 686 2456 816 2531; x_wconf 88' lang='lat' dir='ltr'>talibus</span> <span class='ocrx_word' id='word_1_155' title='bbox 834 2455 1047 2546; x_wconf 68' lang='lat' dir='ltr'>ministeriis</span> <span class='ocrx_word' id='word_1_156' title='bbox 1076 2482 1175 2531; x_wconf 92' lang='lat' dir='ltr'>unus</span> <span class='ocrx_word' id='word_1_157' title='bbox 1205 2461 1305 2533; x_wconf 91' lang='lat' dir='ltr'>canis</span> <span class='ocrx_word' id='word_1_158' title='bbox 1331 2455 1408 2531; x_wconf 85' lang='lat' dir='ltr'>leoni</span> 
     </span>
    </p>
   </div>
   <div class='ocr_carea' id='block_1_3' title="bbox 170 2665 1407 3557">
    <p class='ocr_par' dir='ltr' id='par_1_12' title="bbox 170 2665 1407 3490">
     <span class='ocr_line' id='line_1_21' title="bbox 187 2665 1407 2788; baseline 0.005 -71"><span class='ocrx_word' id='word_1_159' title='bbox 187 2665 231 2742; x_wconf 27' lang='grc' dir='ltr'>ιθ.</span> <span class='ocrx_word' id='word_1_160' title='bbox 242 2669 283 2717; x_wconf 79' lang='lat'>27.</span> <span class='ocrx_word' id='word_1_161' title='bbox 302 2667 478 2719; x_wconf 80' lang='lat' dir='ltr'>deseruissent</span> <span class='ocrx_word' id='word_1_162' title='bbox 495 2668 593 2739; x_wconf 81' lang='lat' dir='ltr'>urbem]</span> <span class='ocrx_word' id='word_1_163' title='bbox 612 2669 675 2723; x_wconf 89' lang='lat' dir='ltr'>Mss.</span> <span class='ocrx_word' id='word_1_164' title='bbox 686 2683 776 2721; x_wconf 89' lang='lat' dir='ltr'>omnes</span> <span class='ocrx_word' id='word_1_165' title='bbox 809 2685 827 2719; x_wconf 81' lang='lat' dir='ltr'>s</span> <span class='ocrx_word' id='word_1_166' title='bbox 843 2675 905 2721; x_wconf 81' lang='lat' dir='ltr'>ecta.</span> <span class='ocrx_word' id='word_1_167' title='bbox 939 2666 1000 2720; x_wconf 86' lang='lat' dir='ltr'>Non</span> <span class='ocrx_word' id='word_1_168' title='bbox 1017 2665 1111 2788; x_wconf 70' lang='lat' dir='ltr'>inepte</span> <span class='ocrx_word' id='word_1_169' title='bbox 1127 2667 1254 2723; x_wconf 86' lang='lat' dir='ltr'>Freinsh.</span> <span class='ocrx_word' id='word_1_170' title='bbox 1272 2665 1407 2745; x_wconf 62' lang='lat' dir='ltr'>etSchmie·</span> 
     </span>
     <span class='ocr_line' id='line_1_22' title="bbox 173 2733 1407 2799; baseline 0.002 -16"><span class='ocrx_word' id='word_1_171' title='bbox 173 2748 210 2784; x_wconf 88' lang='lat' dir='ltr'>src</span> <span class='ocrx_word' id='word_1_172' title='bbox 227 2733 366 2799; x_wconf 83' lang='lat' dir='ltr'>exhibent,</span> <span class='ocrx_word' id='word_1_173' title='bbox 395 2752 454 2787; x_wconf 89' lang='lat' dir='ltr'>eum</span> <span class='ocrx_word' id='word_1_174' title='bbox 476 2735 503 2788; x_wconf 90' lang='lat' dir='ltr'>in</span> <span class='ocrx_word' id='word_1_175' title='bbox 521 2738 598 2792; x_wconf 90' lang='lat' dir='ltr'>editis</span> <span class='ocrx_word' id='word_1_176' title='bbox 615 2756 647 2791; x_wconf 79' lang='lat' dir='ltr'>ne</span> <span class='ocrx_word' id='word_1_177' title='bbox 665 2737 776 2790; x_wconf 88' lang='lat' dir='ltr'>interro·</span> <span class='ocrx_word' id='word_1_178' title='bbox 829 2752 888 2788; x_wconf 91' lang='lat' dir='ltr'>erus</span> <span class='ocrx_word' id='word_1_179' title='bbox 915 2754 974 2789; x_wconf 87' lang='lat' dir='ltr'>cum</span> <span class='ocrx_word' id='word_1_180' title='bbox 1003 2736 1029 2787; x_wconf 89' lang='lat' dir='ltr'>in</span> <span class='ocrx_word' id='word_1_181' title='bbox 1081 2735 1132 2788; x_wconf 89' lang='lat' dir='ltr'>lor.</span> <span class='ocrx_word' id='word_1_182' title='bbox 1161 2737 1272 2791; x_wconf 87' lang='lat' dir='ltr'>Heinsii</span> <span class='ocrx_word' id='word_1_183' title='bbox 1297 2745 1325 2791; x_wconf 93' lang='lat' dir='ltr'>et</span> <span class='ocrx_word' id='word_1_184' title='bbox 1347 2733 1407 2789; x_wconf 75' lang='lat' dir='ltr'>let</span> 
     </span>
     <span class='ocr_line' id='line_1_23' title="bbox 172 2800 1407 2875; baseline 0.002 -22"><span class='ocrx_word' id='word_1_185' title='bbox 172 2800 292 2869; x_wconf 88' lang='lat' dir='ltr'>gativum</span> <span class='ocrx_word' id='word_1_186' title='bbox 309 2803 459 2870; x_wconf 79' lang='lat' dir='ltr'>adiicietur,</span> <span class='ocrx_word' id='word_1_187' title='bbox 489 2808 562 2875; x_wconf 89' lang='lat' dir='ltr'>quod</span> <span class='ocrx_word' id='word_1_188' title='bbox 585 2808 677 2860; x_wconf 89' lang='lat' dir='ltr'>abesse</span> <span class='ocrx_word' id='word_1_189' title='bbox 699 2821 776 2875; x_wconf 85' lang='lat' dir='ltr'>posse</span> <span class='ocrx_word' id='word_1_190' title='bbox 810 2815 931 2873; x_wconf 77' lang='lat' dir='ltr'>conseptu</span> <span class='ocrx_word' id='word_1_191' title='bbox 939 2804 964 2856; x_wconf 94' lang='lat' dir='ltr'>le</span> <span class='ocrx_word' id='word_1_192' title='bbox 976 2811 1052 2872; x_wconf 25' lang='lat' dir='ltr'>latur,</span> <span class='ocrx_word' id='word_1_193' title='bbox 1062 2811 1148 2873; x_wconf 90' lang='lat' dir='ltr'>atque</span> <span class='ocrx_word' id='word_1_194' title='bbox 1156 2804 1231 2858; x_wconf 90' lang='lat' dir='ltr'>idem</span> <span class='ocrx_word' id='word_1_195' title='bbox 1241 2806 1364 2859; x_wconf 85' lang='lat' dir='ltr'>fereDan.</span> <span class='ocrx_word' id='word_1_196' title='bbox 1372 2819 1407 2855; x_wconf 80' lang='lat' dir='ltr'>ex-</span> 
     </span>
     <span class='ocr_line' id='line_1_24' title="bbox 172 2872 1407 2939; baseline 0.001 -16"><span class='ocrx_word' id='word_1_197' title='bbox 172 2879 285 2924; x_wconf 83' lang='lat' dir='ltr'>constat.</span> <span class='ocrx_word' id='word_1_198' title='bbox 321 2872 440 2924; x_wconf 87' lang='lat' dir='ltr'>Tantum</span> <span class='ocrx_word' id='word_1_199' title='bbox 458 2877 617 2928; x_wconf 80' lang='lat' dir='ltr'>occultarent</span> <span class='ocrx_word' id='word_1_200' title='bbox 654 2892 684 2927; x_wconf 89' lang='lat' dir='ltr'>ro</span> <span class='ocrx_word' id='word_1_201' title='bbox 702 2892 776 2925; x_wconf 81' lang='lat' dir='ltr'>occu·</span> <span class='ocrx_word' id='word_1_202' title='bbox 810 2872 909 2939; x_wconf 88' lang='lat' dir='ltr'>hibeat,</span> <span class='ocrx_word' id='word_1_203' title='bbox 929 2881 958 2925; x_wconf 95' lang='lat' dir='ltr'>et</span> <span class='ocrx_word' id='word_1_204' title='bbox 994 2872 1100 2925; x_wconf 89' lang='lat' dir='ltr'>iodorus</span> <span class='ocrx_word' id='word_1_205' title='bbox 1109 2873 1157 2926; x_wconf 91' lang='lat' dir='ltr'>ubi</span> <span class='ocrx_word' id='word_1_206' title='bbox 1168 2876 1285 2928; x_wconf 85' lang='lat' dir='ltr'>eandem</span> <span class='ocrx_word' id='word_1_207' title='bbox 1298 2891 1351 2927; x_wconf 86' lang='lat' dir='ltr'>rem</span> <span class='ocrx_word' id='word_1_208' title='bbox 1360 2888 1407 2924; x_wconf 78' lang='lat' dir='ltr'>nar·</span> 
     </span>
     <span class='ocr_line' id='line_1_25' title="bbox 172 2894 1407 3014; baseline -0.001 -24"><span class='ocrx_word' id='word_1_209' title='bbox 172 2940 253 2992; x_wconf 77' lang='lat' dir='ltr'>terent</span> <span class='ocrx_word' id='word_1_210' title='bbox 272 2940 370 2993; x_wconf 89' lang='lat' dir='ltr'>habent</span> <span class='ocrx_word' id='word_1_211' title='bbox 388 2940 520 2995; x_wconf 82' lang='lat' dir='ltr'>Flor.EH</span> <span class='ocrx_word' id='word_1_212' title='bbox 538 2894 652 2997; x_wconf 63' lang='lat' dir='ltr'>Bernd</span> <span class='ocrx_word' id='word_1_213' title='bbox 671 2947 775 2994; x_wconf 74' lang='lat' dir='ltr'>Voss-2.</span> <span class='ocrx_word' id='word_1_214' title='bbox 810 2953 853 2994; x_wconf 84' lang='lat' dir='ltr'>rat</span> <span class='ocrx_word' id='word_1_215' title='bbox 870 2941 910 2994; x_wconf 88' lang='lat' dir='ltr'>his</span> <span class='ocrx_word' id='word_1_216' title='bbox 928 2941 1014 2994; x_wconf 88' lang='lat' dir='ltr'>verbis</span> <span class='ocrx_word' id='word_1_217' title='bbox 1033 2948 1136 2994; x_wconf 88' lang='lat' dir='ltr'>utatur:</span> <span class='ocrx_word' id='word_1_218' title='bbox 1162 2943 1312 3014; x_wconf 75' lang='grc' dir='ltr'><em>εἰςήγαγεν</em></span> <span class='ocrx_word' id='word_1_219' title='bbox 1333 2942 1366 2995; x_wconf 68' lang='grc' dir='ltr'>εἴς</span> <span class='ocrx_word' id='word_1_220' title='bbox 1386 2958 1407 2989; x_wconf 70' lang='grc' dir='ltr'>τι</span> 
     </span>
     <span class='ocr_line' id='line_1_26' title="bbox 201 3005 1407 3088; baseline -0.001 -28"><span class='ocrx_word' id='word_1_221' title='bbox 201 3010 223 3074; x_wconf 81' lang='lat'>§.</span> <span class='ocrx_word' id='word_1_222' title='bbox 234 3015 276 3061; x_wconf 84' lang='lat'>30.</span> <span class='ocrx_word' id='word_1_223' title='bbox 295 3011 676 3080; x_wconf 66' lang='lat' dir='ltr'>insignescoadoreetmoqa.]</span> <span class='ocrx_word' id='word_1_224' title='bbox 692 3010 777 3062; x_wconf 88' lang='lat' dir='ltr'>Recte</span> <span class='ocrx_word' id='word_1_225' title='bbox 811 3014 989 3088; x_wconf 71' lang='lat' dir='ltr'>aeplppaypa</span> <span class='ocrx_word' id='word_1_226' title='bbox 1007 3006 1111 3060; x_wconf 75' lang='grc' dir='ltr'><strong><em>λέοντα</em></strong></span> <span class='ocrx_word' id='word_1_227' title='bbox 1128 3007 1256 3073; x_wconf 78' lang='grc' dir='ltr'><strong><em>τέλειον,</em></strong></span> <span class='ocrx_word' id='word_1_228' title='bbox 1275 3011 1336 3064; x_wconf 88' lang='lat' dir='ltr'>olim</span> <span class='ocrx_word' id='word_1_229' title='bbox 1351 3005 1407 3078; x_wconf 83' lang='lat' dir='ltr'>apud</span> 
     </span>
     <span class='ocr_line' id='line_1_27' title="bbox 171 3076 1406 3197; baseline 0 -70"><span class='ocrx_word' id='word_1_230' title='bbox 171 3091 199 3127; x_wconf 85' lang='lat' dir='ltr'>se</span> <span class='ocrx_word' id='word_1_231' title='bbox 217 3076 297 3128; x_wconf 90' lang='lat' dir='ltr'>habet</span> <span class='ocrx_word' id='word_1_232' title='bbox 311 3077 428 3130; x_wconf 83' lang='lat' dir='ltr'>Freinsh.</span> <span class='ocrx_word' id='word_1_233' title='bbox 443 3079 521 3132; x_wconf 87' lang='lat' dir='ltr'>lectio</span> <span class='ocrx_word' id='word_1_234' title='bbox 559 3097 699 3149; x_wconf 87' lang='lat' dir='ltr'>uamquam</span> <span class='ocrx_word' id='word_1_235' title='bbox 715 3077 776 3129; x_wconf 87' lang='lat' dir='ltr'>libri</span> <span class='ocrx_word' id='word_1_236' title='bbox 812 3076 933 3130; x_wconf 85' lang='lat' dir='ltr'>Curtmm</span> <span class='ocrx_word' id='word_1_237' title='bbox 950 3077 1029 3129; x_wconf 87' lang='lat' dir='ltr'>fuisse</span> <span class='ocrx_word' id='word_1_238' title='bbox 1048 3076 1226 3132; x_wconf 82' lang='lat' dir='ltr'>coniecerunt</span> <span class='ocrx_word' id='word_1_239' title='bbox 1249 3081 1279 3131; x_wconf 82' lang='lat' dir='ltr'>ia</span> <span class='ocrx_word' id='word_1_240' title='bbox 1296 3085 1406 3197; x_wconf 60' lang='lat' dir='ltr'>compto,</span> 
     </span>
     <span class='ocr_line' id='line_1_28' title="bbox 170 3143 1407 3215; baseline 0.001 -20"><span class='ocrx_word' id='word_1_241' title='bbox 170 3143 282 3198; x_wconf 88' lang='lat' dir='ltr'>variant.</span> <span class='ocrx_word' id='word_1_242' title='bbox 300 3144 418 3197; x_wconf 86' lang='lat' dir='ltr'>Primum</span> <span class='ocrx_word' id='word_1_243' title='bbox 433 3149 545 3215; x_wconf 62' lang='lat' dir='ltr'>insignis</span> <span class='ocrx_word' id='word_1_244' title='bbox 577 3147 776 3201; x_wconf 87' lang='lat' dir='ltr'>lor.ABBern.</span> <span class='ocrx_word' id='word_1_245' title='bbox 811 3145 866 3199; x_wconf 90' lang='lat' dir='ltr'>sive</span> <span class='ocrx_word' id='word_1_246' title='bbox 893 3145 972 3198; x_wconf 90' lang='lat' dir='ltr'>etiam</span> <span class='ocrx_word' id='word_1_247' title='bbox 997 3147 1024 3197; x_wconf 86' lang='lat' dir='ltr'>in</span> <span class='ocrx_word' id='word_1_248' title='bbox 1051 3154 1193 3214; x_wconf 82' lang='lat' dir='ltr'>conseptu,</span> <span class='ocrx_word' id='word_1_249' title='bbox 1222 3165 1285 3200; x_wconf 87' lang='lat' dir='ltr'>nam</span> <span class='ocrx_word' id='word_1_250' title='bbox 1311 3164 1343 3200; x_wconf 91' lang='lat' dir='ltr'>ne</span> <span class='ocrx_word' id='word_1_251' title='bbox 1372 3158 1407 3196; x_wconf 81' lang='lat' dir='ltr'>aer</span> 
     </span>
     <span class='ocr_line' id='line_1_29' title="bbox 170 3210 1407 3278; baseline 0 -16"><span class='ocrx_word' id='word_1_252' title='bbox 170 3210 279 3264; x_wconf 86' lang='lat' dir='ltr'>ALeid.</span> <span class='ocrx_word' id='word_1_253' title='bbox 299 3213 376 3265; x_wconf 89' lang='lat' dir='ltr'>Voss.</span> <span class='ocrx_word' id='word_1_254' title='bbox 391 3223 412 3276; x_wconf 82' lang='lat' dir='ltr'>l,</span> <span class='ocrx_word' id='word_1_255' title='bbox 431 3214 510 3266; x_wconf 90' lang='lat' dir='ltr'>iidem</span> <span class='ocrx_word' id='word_1_256' title='bbox 528 3227 552 3269; x_wconf 80' lang='lat' dir='ltr'>et</span> <span class='ocrx_word' id='word_1_257' title='bbox 570 3217 707 3278; x_wconf 90' lang='lat' dir='ltr'>omittunt,</span> <span class='ocrx_word' id='word_1_258' title='bbox 745 3232 775 3266; x_wconf 88' lang='lat' dir='ltr'>ro</span> <span class='ocrx_word' id='word_1_259' title='bbox 831 3213 920 3266; x_wconf 86' lang='lat' dir='ltr'>uidem</span> <span class='ocrx_word' id='word_1_260' title='bbox 944 3215 1027 3266; x_wconf 87' lang='lat' dir='ltr'>forma</span> <span class='ocrx_word' id='word_1_261' title='bbox 1053 3212 1132 3265; x_wconf 85' lang='lat' dir='ltr'>analo</span> <span class='ocrx_word' id='word_1_262' title='bbox 1156 3213 1183 3266; x_wconf 87' lang='lat' dir='ltr'>&#39;a</span> <span class='ocrx_word' id='word_1_263' title='bbox 1220 3223 1303 3270; x_wconf 79' lang='lat' dir='ltr'>earet</span> <span class='ocrx_word' id='word_1_264' title='bbox 1351 3211 1407 3265; x_wconf 74' lang='lat' dir='ltr'>Vide</span> 
     </span>
     <span class='ocr_line' id='line_1_30' title="bbox 171 3232 1407 3351; baseline 0.006 -21"><span class='ocrx_word' id='word_1_265' title='bbox 171 3280 271 3347; x_wconf 91' lang='lat' dir='ltr'>quoin</span> <span class='ocrx_word' id='word_1_266' title='bbox 295 3280 352 3332; x_wconf 88' lang='lat' dir='ltr'>aliis</span> <span class='ocrx_word' id='word_1_267' title='bbox 369 3280 440 3334; x_wconf 86' lang='lat' dir='ltr'>Flor.</span> <span class='ocrx_word' id='word_1_268' title='bbox 459 3282 536 3335; x_wconf 86' lang='lat' dir='ltr'>DFG</span> <span class='ocrx_word' id='word_1_269' title='bbox 566 3292 595 3337; x_wconf 90' lang='lat' dir='ltr'>et</span> <span class='ocrx_word' id='word_1_270' title='bbox 618 3284 679 3336; x_wconf 90' lang='lat' dir='ltr'>edit.</span> <span class='ocrx_word' id='word_1_271' title='bbox 733 3283 776 3335; x_wconf 89' lang='lat' dir='ltr'>od.</span> <span class='ocrx_word' id='word_1_272' title='bbox 811 3232 933 3337; x_wconf 60' lang='lat' dir='ltr'>dohneid.</span> <span class='ocrx_word' id='word_1_273' title='bbox 952 3280 1039 3334; x_wconf 89' lang='lat' dir='ltr'>Gram.</span> <span class='ocrx_word' id='word_1_274' title='bbox 1057 3287 1099 3333; x_wconf 85' lang='grc'>48.</span> <span class='ocrx_word' id='word_1_275' title='bbox 1170 3299 1204 3335; x_wconf 85' lang='lat' dir='ltr'>oo</span> <span class='ocrx_word' id='word_1_276' title='bbox 1231 3300 1294 3337; x_wconf 86' lang='lat' dir='ltr'>eum</span> <span class='ocrx_word' id='word_1_277' title='bbox 1310 3278 1407 3351; x_wconf 54' lang='lat' dir='ltr'>seriptis</span> 
     </span>
     <span class='ocr_line' id='line_1_31' title="bbox 170 3347 1407 3421; baseline 0.001 -23"><span class='ocrx_word' id='word_1_278' title='bbox 170 3353 212 3398; x_wconf 90' lang='lat' dir='ltr'>est</span> <span class='ocrx_word' id='word_1_279' title='bbox 229 3364 271 3414; x_wconf 85' lang='lat' dir='ltr'>ac,</span> <span class='ocrx_word' id='word_1_280' title='bbox 290 3347 350 3401; x_wconf 85' lang='lat' dir='ltr'>inc</span> <span class='ocrx_word' id='word_1_281' title='bbox 370 3366 419 3417; x_wconf 79' lang='lat' dir='ltr'>que</span> <span class='ocrx_word' id='word_1_282' title='bbox 443 3349 618 3406; x_wconf 89' lang='lat' dir='ltr'>adiectieium.</span> <span class='ocrx_word' id='word_1_283' title='bbox 654 3351 777 3421; x_wconf 90' lang='lat' dir='ltr'>Denique</span> <span class='ocrx_word' id='word_1_284' title='bbox 811 3369 867 3404; x_wconf 90' lang='lat' dir='ltr'>sem</span> <span class='ocrx_word' id='word_1_285' title='bbox 892 3350 919 3403; x_wconf 92' lang='lat' dir='ltr'>in</span> <span class='ocrx_word' id='word_1_286' title='bbox 946 3347 1137 3404; x_wconf 82' lang='lat' dir='ltr'>commentario</span> <span class='ocrx_word' id='word_1_287' title='bbox 1167 3349 1313 3404; x_wconf 84' lang='lat' dir='ltr'>omiseram</span> <span class='ocrx_word' id='word_1_288' title='bbox 1336 3359 1407 3403; x_wconf 79' lang='lat' dir='ltr'>tamen</span> 
     </span>
     <span class='ocr_line' id='line_1_32' title="bbox 173 3415 1407 3490; baseline 0.002 -25"><span class='ocrx_word' id='word_1_289' title='bbox 173 3416 257 3466; x_wconf 87' lang='lat' dir='ltr'>colore</span> <span class='ocrx_word' id='word_1_290' title='bbox 276 3415 333 3468; x_wconf 88' lang='lat' dir='ltr'>Pal.</span> <span class='ocrx_word' id='word_1_291' title='bbox 347 3423 358 3468; x_wconf 95' lang='lat'>1</span> <span class='ocrx_word' id='word_1_292' title='bbox 378 3417 452 3469; x_wconf 86' lang='lat' dir='ltr'>Flor.</span> <span class='ocrx_word' id='word_1_293' title='bbox 462 3418 492 3469; x_wconf 86' lang='lat' dir='ltr'>F.</span> <span class='ocrx_word' id='word_1_294' title='bbox 811 3421 838 3472; x_wconf 90' lang='lat' dir='ltr'>in</span> <span class='ocrx_word' id='word_1_295' title='bbox 855 3418 941 3490; x_wconf 86' lang='lat' dir='ltr'>priore</span> <span class='ocrx_word' id='word_1_296' title='bbox 958 3417 1020 3470; x_wconf 90' lang='lat' dir='ltr'>edit.</span> <span class='ocrx_word' id='word_1_297' title='bbox 1038 3415 1102 3487; x_wconf 89' lang='lat' dir='ltr'>quia</span> <span class='ocrx_word' id='word_1_298' title='bbox 1119 3416 1191 3470; x_wconf 89' lang='lat' dir='ltr'>nihil</span> <span class='ocrx_word' id='word_1_299' title='bbox 1209 3419 1309 3474; x_wconf 86' lang='lat' dir='ltr'>diversi</span> <span class='ocrx_word' id='word_1_300' title='bbox 1326 3417 1407 3472; x_wconf 83' lang='lat' dir='ltr'>eFlor.</span> 
     </span>
    </p>

    <p class='ocr_par' dir='ltr' id='par_1_13' title="bbox 207 3482 1407 3557">
     <span class='ocr_line' id='line_1_33' title="bbox 207 3482 1407 3557; baseline 0.004 -23"><span class='ocrx_word' id='word_1_301' title='bbox 207 3492 236 3534; x_wconf 82' lang='lat' dir='ltr'>ut</span> <span class='ocrx_word' id='word_1_302' title='bbox 253 3501 343 3551; x_wconf 84' lang='lat' dir='ltr'>sospes</span> <span class='ocrx_word' id='word_1_303' title='bbox 362 3487 502 3557; x_wconf 82' lang='lat' dir='ltr'>acciperet]</span> <span class='ocrx_word' id='word_1_304' title='bbox 538 3488 649 3542; x_wconf 88' lang='lat' dir='ltr'>Nescire</span> <span class='ocrx_word' id='word_1_305' title='bbox 667 3502 695 3540; x_wconf 88' lang='lat' dir='ltr'>se</span> <span class='ocrx_word' id='word_1_306' title='bbox 714 3487 777 3540; x_wconf 93' lang='lat' dir='ltr'>dicit</span> <span class='ocrx_word' id='word_1_307' title='bbox 812 3495 965 3541; x_wconf 89' lang='lat' dir='ltr'>annotatum</span> <span class='ocrx_word' id='word_1_308' title='bbox 991 3493 1042 3550; x_wconf 89' lang='lat' dir='ltr'>est,</span> <span class='ocrx_word' id='word_1_309' title='bbox 1075 3503 1150 3538; x_wconf 89' lang='lat' dir='ltr'>nunc</span> <span class='ocrx_word' id='word_1_310' title='bbox 1180 3487 1248 3556; x_wconf 89' lang='lat' dir='ltr'>quia</span> <span class='ocrx_word' id='word_1_311' title='bbox 1274 3482 1407 3542; x_wconf 79' lang='lat' dir='ltr'>doceorin</span> 
     </span>
    </p>
   </div>
   <div class='ocr_carea' id='block_1_4' title="bbox 169 3548 1407 3673">
    <p class='ocr_par' dir='ltr' id='par_1_14' title="bbox 169 3548 1407 3673">
     <span class='ocr_line' id='line_1_34' title="bbox 169 3548 1407 3673; baseline 0.004 -71"><span class='ocrx_word' id='word_1_312' title='bbox 169 3548 446 3673; x_wconf 44' lang='lat' dir='ltr'>Freinsheminsg&#39;quo</span> <span class='ocrx_word' id='word_1_313' title='bbox 456 3555 588 3623; x_wconf 88' lang='lat' dir='ltr'>pertineat</span> <span class='ocrx_word' id='word_1_314' title='bbox 598 3574 696 3625; x_wconf 84' lang='lat' dir='ltr'>sospes,</span> <span class='ocrx_word' id='word_1_315' title='bbox 710 3557 776 3609; x_wconf 90' lang='lat' dir='ltr'>adeo</span> <span class='ocrx_word' id='word_1_316' title='bbox 810 3557 891 3609; x_wconf 90' lang='lat' dir='ltr'>Bem.</span> <span class='ocrx_word' id='word_1_317' title='bbox 908 3557 935 3608; x_wconf 88' lang='lat' dir='ltr'>A</span> <span class='ocrx_word' id='word_1_318' title='bbox 951 3573 991 3625; x_wconf 89' lang='lat' dir='ltr'>pr.</span> <span class='ocrx_word' id='word_1_319' title='bbox 1013 3572 1047 3605; x_wconf 91' lang='lat' dir='ltr'>m.</span> <span class='ocrx_word' id='word_1_320' title='bbox 1070 3569 1131 3605; x_wconf 87' lang='lat' dir='ltr'>esse</span> <span class='ocrx_word' id='word_1_321' title='bbox 1156 3568 1331 3626; x_wconf 82' lang='lat' dir='ltr'>consepectu,</span> <span class='ocrx_word' id='word_1_322' title='bbox 1349 3561 1372 3607; x_wconf 81' lang='lat' dir='ltr'>et</span> <span class='ocrx_word' id='word_1_323' title='bbox 1387 3566 1407 3604; x_wconf 75' lang='lat' dir='ltr'>te</span> 
     </span>
    </p>
   </div>
   <div class='ocr_carea' id='block_1_5' title="bbox 166 3619 1407 4450">
    <p class='ocr_par' dir='ltr' id='par_1_15' title="bbox 166 3619 1407 4450">
     <span class='ocr_line' id='line_1_35' title="bbox 167 3619 1407 3694; baseline 0.003 -22"><span class='ocrx_word' id='word_1_324' title='bbox 167 3621 281 3688; x_wconf 80' lang='lat' dir='ltr'>sospites</span> <span class='ocrx_word' id='word_1_325' title='bbox 298 3620 323 3671; x_wconf 92' lang='lat' dir='ltr'>le</span> <span class='ocrx_word' id='word_1_326' title='bbox 415 3629 436 3689; x_wconf 85' lang='lat' dir='ltr'>t,</span> <span class='ocrx_word' id='word_1_327' title='bbox 455 3624 679 3694; x_wconf 80' lang='lat' dir='ltr'>adstipulantibus</span> <span class='ocrx_word' id='word_1_328' title='bbox 693 3623 776 3676; x_wconf 91' lang='lat' dir='ltr'>Hein·</span> <span class='ocrx_word' id='word_1_329' title='bbox 810 3625 838 3678; x_wconf 87' lang='lat' dir='ltr'>in</span> <span class='ocrx_word' id='word_1_330' title='bbox 855 3642 958 3691; x_wconf 86' lang='lat' dir='ltr'>rasura,</span> <span class='ocrx_word' id='word_1_331' title='bbox 980 3619 1163 3692; x_wconf 88' lang='lat' dir='ltr'>recipiendum</span> <span class='ocrx_word' id='word_1_332' title='bbox 1187 3623 1299 3679; x_wconf 87' lang='lat' dir='ltr'>videtur</span> <span class='ocrx_word' id='word_1_333' title='bbox 1319 3628 1345 3679; x_wconf 80' lang='lat' dir='ltr'>ia</span> <span class='ocrx_word' id='word_1_334' title='bbox 1363 3638 1407 3676; x_wconf 78' lang='lat' dir='ltr'>con·</span> 
     </span>
     <span class='ocr_line' id='line_1_36' title="bbox 167 3687 981 3762; baseline 0.006 -22"><span class='ocrx_word' id='word_1_335' title='bbox 167 3687 206 3742; x_wconf 87' lang='lat' dir='ltr'>sio</span> <span class='ocrx_word' id='word_1_336' title='bbox 230 3697 257 3741; x_wconf 91' lang='lat' dir='ltr'>et</span> <span class='ocrx_word' id='word_1_337' title='bbox 283 3688 331 3742; x_wconf 87' lang='lat' dir='ltr'>Cel</span> <span class='ocrx_word' id='word_1_338' title='bbox 343 3689 406 3744; x_wconf 86' lang='lat' dir='ltr'>ario.</span> <span class='ocrx_word' id='word_1_339' title='bbox 442 3692 481 3744; x_wconf 87' lang='lat' dir='ltr'>At</span> <span class='ocrx_word' id='word_1_340' title='bbox 503 3692 620 3762; x_wconf 86' lang='lat' dir='ltr'>pertinet</span> <span class='ocrx_word' id='word_1_341' title='bbox 643 3695 676 3745; x_wconf 90' lang='lat' dir='ltr'>ad</span> <span class='ocrx_word' id='word_1_342' title='bbox 700 3693 776 3745; x_wconf 90' lang='lat' dir='ltr'>solle·</span> <span class='ocrx_word' id='word_1_343' title='bbox 810 3703 891 3762; x_wconf 78' lang='lat' dir='ltr'>septa</span> <span class='ocrx_word' id='word_1_344' title='bbox 978 3752 981 3757; x_wconf 49' lang='grc'>,</span> 
     </span>
     <span class='ocr_line' id='line_1_37' title="bbox 167 3758 1407 3831; baseline 0.003 -22"><span class='ocrx_word' id='word_1_345' title='bbox 167 3774 229 3809; x_wconf 92' lang='lat' dir='ltr'>mne</span> <span class='ocrx_word' id='word_1_346' title='bbox 258 3758 346 3812; x_wconf 89' lang='lat' dir='ltr'>bonae</span> <span class='ocrx_word' id='word_1_347' title='bbox 370 3758 529 3814; x_wconf 86' lang='lat' dir='ltr'>valetudinis</span> <span class='ocrx_word' id='word_1_348' title='bbox 560 3770 665 3830; x_wconf 83' lang='lat' dir='ltr'>votum,</span> <span class='ocrx_word' id='word_1_349' title='bbox 702 3759 776 3830; x_wconf 89' lang='lat' dir='ltr'>quasi</span> <span class='ocrx_word' id='word_1_350' title='bbox 839 3762 931 3831; x_wconf 84' lang='lat' dir='ltr'>seram</span> <span class='ocrx_word' id='word_1_351' title='bbox 948 3769 1155 3828; x_wconf 82' lang='lat' dir='ltr'>occupaverunt,</span> <span class='ocrx_word' id='word_1_352' title='bbox 1181 3761 1238 3816; x_wconf 90' lang='lat' dir='ltr'>hoc</span> <span class='ocrx_word' id='word_1_353' title='bbox 1256 3761 1347 3817; x_wconf 83' lang='lat' dir='ltr'>ordine</span> <span class='ocrx_word' id='word_1_354' title='bbox 1360 3773 1407 3813; x_wconf 68' lang='lat' dir='ltr'>msa</span> 
     </span>
     <span class='ocr_line' id='line_1_38' title="bbox 168 3825 1406 3900; baseline 0.002 -22"><span class='ocrx_word' id='word_1_355' title='bbox 168 3825 268 3880; x_wconf 84' lang='lat' dir='ltr'>diceret</span> <span class='ocrx_word' id='word_1_356' title='bbox 289 3828 362 3898; x_wconf 91' lang='lat' dir='ltr'>quod</span> <span class='ocrx_word' id='word_1_357' title='bbox 385 3827 450 3880; x_wconf 82' lang='lat' dir='ltr'>felix</span> <span class='ocrx_word' id='word_1_358' title='bbox 472 3830 642 3900; x_wconf 82' lang='lat' dir='ltr'>faustumque</span> <span class='ocrx_word' id='word_1_359' title='bbox 660 3829 710 3884; x_wconf 89' lang='lat' dir='ltr'>tibi</span> <span class='ocrx_word' id='word_1_360' title='bbox 733 3828 776 3882; x_wconf 90' lang='lat' dir='ltr'>sit.</span> <span class='ocrx_word' id='word_1_361' title='bbox 810 3829 908 3882; x_wconf 88' lang='lat' dir='ltr'>nostri:</span> <span class='ocrx_word' id='word_1_362' title='bbox 931 3847 991 3882; x_wconf 89' lang='lat' dir='ltr'>nam</span> <span class='ocrx_word' id='word_1_363' title='bbox 1012 3827 1083 3895; x_wconf 93' lang='lat' dir='ltr'>quod</span> <span class='ocrx_word' id='word_1_364' title='bbox 1111 3844 1148 3881; x_wconf 85' lang='lat' dir='ltr'>ex</span> <span class='ocrx_word' id='word_1_365' title='bbox 1167 3828 1250 3885; x_wconf 78' lang='lat' dir='ltr'>Leiu</span> <span class='ocrx_word' id='word_1_366' title='bbox 1269 3835 1345 3885; x_wconf 83' lang='lat' dir='ltr'>Voss.</span> <span class='ocrx_word' id='word_1_367' title='bbox 1364 3833 1406 3881; x_wconf 71' lang='lat' dir='ltr'>ll</span> 
     </span>
     <span class='ocr_line' id='line_1_39' title="bbox 167 3893 1407 3971; baseline 0.002 -24"><span class='ocrx_word' id='word_1_368' title='bbox 167 3893 212 3948; x_wconf 85' lang='lat' dir='ltr'>Sic</span> <span class='ocrx_word' id='word_1_369' title='bbox 234 3895 324 3948; x_wconf 86' lang='lat' dir='ltr'>Plaut.</span> <span class='ocrx_word' id='word_1_370' title='bbox 343 3895 404 3949; x_wconf 86' lang='lat' dir='ltr'>Cas.</span> <span class='ocrx_word' id='word_1_371' title='bbox 423 3904 448 3963; x_wconf 82' lang='lat'>4,</span> <span class='ocrx_word' id='word_1_372' title='bbox 468 3906 500 3951; x_wconf 87' lang='grc'>41</span> <span class='ocrx_word' id='word_1_373' title='bbox 527 3901 631 3952; x_wconf 81' lang='lat' dir='ltr'>Sensim</span> <span class='ocrx_word' id='word_1_374' title='bbox 657 3907 777 3969; x_wconf 81' lang='lat' dir='ltr'>superat·</span> <span class='ocrx_word' id='word_1_375' title='bbox 811 3898 897 3968; x_wconf 88' lang='lat' dir='ltr'>Bong.</span> <span class='ocrx_word' id='word_1_376' title='bbox 915 3905 1022 3951; x_wconf 85' lang='lat' dir='ltr'>notatur</span> <span class='ocrx_word' id='word_1_377' title='bbox 1035 3913 1211 3966; x_wconf 80' lang='lat' dir='ltr'>occupavere,</span> <span class='ocrx_word' id='word_1_378' title='bbox 1230 3899 1354 3971; x_wconf 88' lang='lat' dir='ltr'>equidem</span> <span class='ocrx_word' id='word_1_379' title='bbox 1366 3909 1407 3950; x_wconf 76' lang='lat' dir='ltr'>non</span> 
     </span>
     <span class='ocr_line' id='line_1_40' title="bbox 168 3965 924 4036; baseline 0.007 -21"><span class='ocrx_word' id='word_1_380' title='bbox 168 3966 227 4016; x_wconf 78' lang='lat' dir='ltr'>tolle</span> <span class='ocrx_word' id='word_1_381' title='bbox 245 3966 336 4032; x_wconf 80' lang='lat' dir='ltr'>limen,</span> <span class='ocrx_word' id='word_1_382' title='bbox 354 3983 420 4019; x_wconf 79' lang='lat' dir='ltr'>nova</span> <span class='ocrx_word' id='word_1_383' title='bbox 439 3977 538 4036; x_wconf 80' lang='lat' dir='ltr'>nupta:</span> <span class='ocrx_word' id='word_1_384' title='bbox 561 3985 650 4036; x_wconf 81' lang='lat' dir='ltr'>sospes</span> <span class='ocrx_word' id='word_1_385' title='bbox 669 3970 718 4020; x_wconf 82' lang='lat' dir='ltr'>iter</span> <span class='ocrx_word' id='word_1_386' title='bbox 736 3967 776 4018; x_wconf 83' lang='lat' dir='ltr'>ia·</span> <span class='ocrx_word' id='word_1_387' title='bbox 811 3965 924 4036; x_wconf 92' lang='lat' dir='ltr'>reperio.</span> 
     </span>
     <span class='ocr_line' id='line_1_41' title="bbox 167 4027 1405 4107; baseline 0.005 -24"><span class='ocrx_word' id='word_1_388' title='bbox 167 4033 223 4100; x_wconf 83' lang='lat' dir='ltr'>cipe</span> <span class='ocrx_word' id='word_1_389' title='bbox 240 4034 295 4084; x_wconf 77' lang='lat' dir='ltr'>boc.</span> <span class='ocrx_word' id='word_1_390' title='bbox 846 4045 898 4088; x_wconf 80' lang='lat' dir='ltr'>tum</span> <span class='ocrx_word' id='word_1_391' title='bbox 916 4053 947 4088; x_wconf 80' lang='lat' dir='ltr'>ex</span> <span class='ocrx_word' id='word_1_392' title='bbox 964 4035 1003 4087; x_wconf 74' lang='lat' dir='ltr'>tis</span> <span class='ocrx_word' id='word_1_393' title='bbox 1019 4063 1053 4071; x_wconf 92' lang='lat'><em>-</em></span> <span class='ocrx_word' id='word_1_394' title='bbox 1070 4051 1142 4086; x_wconf 82' lang='lat' dir='ltr'>unus</span> <span class='ocrx_word' id='word_1_395' title='bbox 1163 4037 1245 4090; x_wconf 78' lang='lat' dir='ltr'>canis</span> <span class='ocrx_word' id='word_1_396' title='bbox 1263 4045 1314 4091; x_wconf 83' lang='lat' dir='ltr'>eet</span> <span class='ocrx_word' id='word_1_397' title='bbox 1342 4027 1405 4107; x_wconf 71' lang='lat' dir='ltr'>codd</span> 
     </span>
     <span class='ocr_line' id='line_1_42' title="bbox 202 4098 1406 4172; baseline 0.002 -20"><span class='ocrx_word' id='word_1_398' title='bbox 202 4099 269 4169; x_wconf 84' lang='lat' dir='ltr'>Cap.</span> <span class='ocrx_word' id='word_1_399' title='bbox 292 4108 323 4166; x_wconf 82' lang='lat'>6,</span> <span class='ocrx_word' id='word_1_400' title='bbox 350 4107 372 4168; x_wconf 83' lang='lat'>§.</span> <span class='ocrx_word' id='word_1_401' title='bbox 390 4109 432 4156; x_wconf 85' lang='lat'>31.</span> <span class='ocrx_word' id='word_1_402' title='bbox 469 4122 525 4157; x_wconf 84' lang='lat' dir='ltr'>cum</span> <span class='ocrx_word' id='word_1_403' title='bbox 542 4105 664 4157; x_wconf 81' lang='lat' dir='ltr'>viderunt</span> <span class='ocrx_word' id='word_1_404' title='bbox 672 4105 775 4172; x_wconf 83' lang='lat' dir='ltr'>seram]</span> <span class='ocrx_word' id='word_1_405' title='bbox 812 4103 915 4157; x_wconf 86' lang='lat' dir='ltr'>variant</span> <span class='ocrx_word' id='word_1_406' title='bbox 927 4102 997 4156; x_wconf 88' lang='lat' dir='ltr'>inter</span> <span class='ocrx_word' id='word_1_407' title='bbox 1012 4110 1073 4166; x_wconf 78' lang='lat' dir='ltr'>tum,</span> <span class='ocrx_word' id='word_1_408' title='bbox 1094 4111 1168 4169; x_wconf 81' lang='lat' dir='ltr'>tuac,</span> <span class='ocrx_word' id='word_1_409' title='bbox 1185 4123 1257 4172; x_wconf 81' lang='lat' dir='ltr'>cam,</span> <span class='ocrx_word' id='word_1_410' title='bbox 1334 4098 1406 4159; x_wconf 78' lang='lat' dir='ltr'>otiu</span> 
     </span>
     <span class='ocr_line' id='line_1_43' title="bbox 166 4121 1404 4238; baseline 0.009 -20"><span class='ocrx_word' id='word_1_411' title='bbox 166 4165 256 4235; x_wconf 86' lang='lat' dir='ltr'>Vulgo</span> <span class='ocrx_word' id='word_1_412' title='bbox 284 4171 391 4238; x_wconf 84' lang='lat' dir='ltr'>videre,</span> <span class='ocrx_word' id='word_1_413' title='bbox 423 4189 484 4225; x_wconf 83' lang='lat' dir='ltr'>mss.</span> <span class='ocrx_word' id='word_1_414' title='bbox 519 4175 630 4225; x_wconf 80' lang='lat' dir='ltr'>viderint</span> <span class='ocrx_word' id='word_1_415' title='bbox 656 4176 734 4225; x_wconf 88' lang='lat' dir='ltr'>Voss.</span> <span class='ocrx_word' id='word_1_416' title='bbox 761 4178 775 4223; x_wconf 80' lang='lat'>2</span> <span class='ocrx_word' id='word_1_417' title='bbox 811 4180 902 4224; x_wconf 88' lang='lat' dir='ltr'>tamen</span> <span class='ocrx_word' id='word_1_418' title='bbox 920 4182 982 4238; x_wconf 83' lang='lat' dir='ltr'>tum,</span> <span class='ocrx_word' id='word_1_419' title='bbox 999 4167 1105 4221; x_wconf 70' lang='lat' dir='ltr'>stoan</span> <span class='ocrx_word' id='word_1_420' title='bbox 1123 4121 1404 4228; x_wconf 67' lang='lat' dir='ltr'>Leinv0a1lm</span> 
     </span>
     <span class='ocr_line' id='line_1_44' title="bbox 166 4232 1405 4315; baseline 0.006 -29"><span class='ocrx_word' id='word_1_421' title='bbox 166 4232 247 4287; x_wconf 89' lang='lat' dir='ltr'>Bern.</span> <span class='ocrx_word' id='word_1_422' title='bbox 265 4236 288 4288; x_wconf 94' lang='lat' dir='ltr'>B</span> <span class='ocrx_word' id='word_1_423' title='bbox 312 4236 385 4291; x_wconf 85' lang='lat' dir='ltr'>Flor.</span> <span class='ocrx_word' id='word_1_424' title='bbox 410 4239 517 4308; x_wconf 83' lang='lat' dir='ltr'>DFGI,</span> <span class='ocrx_word' id='word_1_425' title='bbox 541 4239 623 4295; x_wconf 87' lang='lat' dir='ltr'>ceteri</span> <span class='ocrx_word' id='word_1_426' title='bbox 647 4243 776 4306; x_wconf 80' lang='lat' dir='ltr'>viderant,</span> <span class='ocrx_word' id='word_1_427' title='bbox 812 4239 838 4291; x_wconf 88' lang='lat' dir='ltr'><strong>A</strong></span> <span class='ocrx_word' id='word_1_428' title='bbox 854 4257 904 4294; x_wconf 91' lang='lat' dir='ltr'>nec</span> <span class='ocrx_word' id='word_1_429' title='bbox 919 4240 1030 4292; x_wconf 89' lang='lat' dir='ltr'>multum</span> <span class='ocrx_word' id='word_1_430' title='bbox 1052 4235 1110 4315; x_wconf 76' lang='lat' dir='ltr'>abit</span> <span class='ocrx_word' id='word_1_431' title='bbox 1128 4238 1210 4293; x_wconf 84' lang='lat' dir='ltr'>Flor.</span> <span class='ocrx_word' id='word_1_432' title='bbox 1229 4241 1255 4295; x_wconf 91' lang='lat' dir='ltr'>B</span> <span class='ocrx_word' id='word_1_433' title='bbox 1273 4241 1302 4295; x_wconf 91' lang='lat' dir='ltr'>in</span> <span class='ocrx_word' id='word_1_434' title='bbox 1319 4258 1364 4313; x_wconf 90' lang='lat' dir='ltr'>quo</span> <span class='ocrx_word' id='word_1_435' title='bbox 1376 4240 1405 4289; x_wconf 55' lang='grc' dir='ltr'>αὖ</span> 
     </span>
     <span class='ocr_line' id='line_1_45' title="bbox 167 4305 1405 4374; baseline 0.009 -21"><span class='ocrx_word' id='word_1_436' title='bbox 167 4316 232 4368; x_wconf 89' lang='lat' dir='ltr'>quos</span> <span class='ocrx_word' id='word_1_437' title='bbox 250 4305 336 4357; x_wconf 88' lang='lat' dir='ltr'>secuti</span> <span class='ocrx_word' id='word_1_438' title='bbox 356 4325 454 4361; x_wconf 90' lang='lat' dir='ltr'>sumus.</span> <span class='ocrx_word' id='word_1_439' title='bbox 812 4318 904 4361; x_wconf 82' lang='lat' dir='ltr'>tamen.</span> <span class='ocrx_word' id='word_1_440' title='bbox 944 4305 1010 4361; x_wconf 89' lang='lat' dir='ltr'>Mihi</span> <span class='ocrx_word' id='word_1_441' title='bbox 1033 4305 1143 4374; x_wconf 87' lang='lat' dir='ltr'>qmdem</span> <span class='ocrx_word' id='word_1_442' title='bbox 1168 4319 1228 4363; x_wconf 83' lang='lat' dir='ltr'>tum</span> <span class='ocrx_word' id='word_1_443' title='bbox 1256 4306 1405 4366; x_wconf 67' lang='lat' dir='ltr'>numerarium</span> 
     </span>
     <span class='ocr_line' id='line_1_46' title="bbox 200 4367 1403 4450; baseline 0.007 -28"><span class='ocrx_word' id='word_1_444' title='bbox 200 4374 221 4436; x_wconf 55' lang='grc' dir='ltr'>ᾗ.</span> <span class='ocrx_word' id='word_1_445' title='bbox 240 4377 280 4423; x_wconf 81' lang='lat'>32.</span> <span class='ocrx_word' id='word_1_446' title='bbox 316 4375 343 4426; x_wconf 82' lang='lat' dir='ltr'>ia</span> <span class='ocrx_word' id='word_1_447' title='bbox 372 4380 505 4446; x_wconf 80' lang='lat' dir='ltr'>conseptu]</span> <span class='ocrx_word' id='word_1_448' title='bbox 548 4375 640 4448; x_wconf 85' lang='lat' dir='ltr'>Vulgo</span> <span class='ocrx_word' id='word_1_449' title='bbox 662 4378 690 4429; x_wconf 80' lang='lat' dir='ltr'>ia</span> <span class='ocrx_word' id='word_1_450' title='bbox 719 4394 778 4430; x_wconf 81' lang='lat' dir='ltr'>coa·</span> <span class='ocrx_word' id='word_1_451' title='bbox 811 4375 929 4445; x_wconf 83' lang='lat' dir='ltr'>videtur,</span> <span class='ocrx_word' id='word_1_452' title='bbox 956 4393 1015 4430; x_wconf 86' lang='lat' dir='ltr'>nam</span> <span class='ocrx_word' id='word_1_453' title='bbox 1042 4390 1101 4427; x_wconf 81' lang='lat' dir='ltr'>cum</span> <span class='ocrx_word' id='word_1_454' title='bbox 1122 4406 1161 4417; x_wconf 90' lang='lat'>-—</span> <span class='ocrx_word' id='word_1_455' title='bbox 1186 4381 1275 4450; x_wconf 78' lang='lat' dir='ltr'>coepit</span> <span class='ocrx_word' id='word_1_456' title='bbox 1302 4367 1403 4450; x_wconf 72' lang='lat' dir='ltr'>expleri</span> 
     </span>
    </p>
   </div>
   <div class='ocr_carea' id='block_1_6' title="bbox 0 0 1468 5174">
    <p class='ocr_par' dir='ltr' id='par_1_16' title="bbox 0 0 1468 5174">
     <span class='ocr_line' id='line_1_47' title="bbox 0 0 1468 5174; baseline 0 5"><span class='ocrx_word' id='word_1_457' title='bbox 0 0 1468 5174; x_wconf 95' lang='lat' dir='ltr'> </span> 
     </span>
    </p>
   </div>
  </div>
 </body>
</html>
