2926 5174
193 299 241 370 14
656 316 689 378 o.
718 314 842 366 cunm
866 314 952 365 111111

189 501 344 600 peilatus
371 509 427 573 est
452 524 527 584 1111.
560 496 696 571 Vetera
723 521 865 594 quoque
891 497 1021 586 omina,
1047 505 1090 579 ut
1114 497 1199 586 iere,
1227 497 1442 572 sollicitudos

190 620 446 686 revocaverat:
471 609 708 682 recensebant
734 608 829 682 enim
842 607 1001 680 Dareum
1026 608 1064 679 in
1089 607 1265 705 principio
1292 609 1421 707 imperii

190 722 359 819 vaginam
384 721 537 794 acinacis
563 717 745 792 Persicam
771 719 915 792 iussisse
940 718 1072 790 mutari
1096 719 1134 790 in
1161 743 1243 790 eam
1267 721 1421 812 formam,

191 857 263 929 qua
292 829 419 906 Graeci
443 841 656 926 uterentur„
673 830 909 927 protinusque
936 827 1135 903 Chaldaeos
1158 830 1421 928 interpretatos,

189 943 379 1041 imperium
392 943 583 1017 Persannn
602 939 650 1013 ad
669 966 730 1014 eos
757 941 1001 1030 transiturum,
1029 966 1182 1038 quorum
1208 966 1312 1013 arma
1337 953 1422 1015 esset

189 1053 361 1127 imitatus.
404 1051 572 1128 Ceterum
597 1053 674 1150 ipse
702 1062 739 1125 et
764 1060 890 1124 vatum
915 1075 1100 1148 responsa
1128 1050 1228 1148 quod
1254 1051 1443 1125 edebaturr

189 1166 230 1238 in
253 1157 399 1261 vulgus,
427 1175 463 1238 et
490 1162 617 1263 specie,
646 1186 737 1258 quae
763 1186 829 1259 per
855 1187 1020 1259 somnum
1046 1163 1167 1236 oblata
1193 1172 1283 1254 erat,
1311 1161 1422 1236 admo·

190 1276 278 1349 dum
302 1277 427 1366 laetus,
455 1283 572 1346 castra
598 1272 646 1344 ad
671 1272 881 1371 Euphraten
906 1273 1045 1346 moveri
1068 1273 1178 1346 iubet

140 1404 161 1474 7
294 1385 417 1459 Patrio
443 1409 543 1458 more
569 1381 762 1456 Persarum
787 1382 960 1456 traditum
986 1393 1042 1456 est
1075 1393 1155 1457 orto
1182 1380 1259 1456 sole
1287 1382 1443 1456 demumr

189 1494 395 1595 procedere.
456 1494 524 1567 Die
558 1493 632 1565 iam
669 1494 800 1566 illustri
840 1493 982 1590 signum
1016 1519 1037 1566 e
1070 1494 1305 1567 tabernaculo
1338 1495 1421 1592 regis

190 1607 321 1701 bucina
354 1603 517 1678 dabatur.
581 1600 696 1700 Super
729 1604 1018 1695 tabernaculum,
1050 1604 1147 1678 unde
1179 1605 1226 1678 ab
1264 1605 1420 1678 omnibus

191 1716 347 1814 conspici
371 1723 505 1813 posset,
531 1715 650 1811 imago
678 1715 764 1788 solis
792 1716 961 1814 crystallo
980 1717 1117 1789 inclusa
1129 1715 1301 1812 fulgebat.
1331 1712 1419 1788 Ordo

190 1837 312 1907 autem
338 1827 487 1924 agminis
508 1825 689 1898 erattalis.
724 1823 831 1922 Ignis,
858 1851 965 1921 quem
989 1827 1058 1923 ipsi
1084 1850 1225 1898 sacrum
1252 1834 1291 1901 'et
1318 1835 1441 1899 aeter-s

188 1964 277 2013 num
310 1938 512 2028 vocabant,
559 1935 737 2033 argenteis
777 1936 949 2031 altaribus
988 1936 1267 2035 praeferebatur.
1334 1934 1419 2033 Magi

188 2049 344 2148 proximi
369 2048 526 2147 patrium
551 2071 696 2118 carmen
722 2047 908 2119 canebant.
935 2044 1061 2143 Magos
1083 2048 1235 2120 trecenti
1262 2057 1301 2119 et
1327 2071 1416 2120 sexa·
1429 2064 1449 2112 1

189 2159 290 2256 ginta
316 2158 471 2255 quinque
493 2157 646 2253 juvenes
673 2158 932 2254 sequebantur,
956 2153 1096 2261 'punicis
1124 2157 1283 2230 amiculis
1310 2156 1418 2245 velati,

189 2342 283 2394 modus
299 2339 327 2392 in
344 2340 454 2409 simplici
462 2339 587 2408 temporis
603 2338 792 2408 significatione
844 2337 939 2405 utavit,
957 2338 1117 2410 ineomagis
1129 2356 1281 2419 perversam
1298 2340 1419 2411 quandam

188 2407 308 2463 excusari
324 2416 422 2478 potest,
440 2415 471 2462 ut
488 2425 566 2476 supra
582 2425 605 2460 c.
621 2412 697 2473 5,18.
715 2407 791 2459 Alius
825 2357 942 2461 breviter
959 2407 1062 2461 dicendi
1092 2409 1241 2488 opinionem
1260 2427 1335 2461 suam
1352 2424 1419 2478 quam

188 2478 235 2532 sed
252 2476 341 2529 similis
359 2476 462 2546 generis
479 2483 541 2528 sunt
559 2484 677 2543 1111111,
689 2482 712 2542 7,
741 2493 791 2528 nae
824 2476 930 2530 illorum
946 2475 1050 2529 dicendi
1062 2484 1192 2530 rationem
1202 2484 1308 2531 secutus
1317 2477 1417 2529 videtur.

188 2546 340 2599 utilia'esse
358 2546 476 2597 censebat
487 2562 536 2614 pro
546 2543 703 2608 censeret,·l
734 2551 790 2611 ,l4,
858 2546 981 2614 copinam
999 2546 1130 2615 acinacis]
1158 2546 1185 2599 V
1221 2545 1227 2557 '
1248 2563 1290 2597 am
1314 2544 1419 2665 appellat

188 2614 322 2683 acepisse
339 2616 433 2679 sedern,
461 2630 537 2680 qnam
560 2614 614 2682 ipsi
632 2613 789 2677 obtinebann
824 2631 884 2668 cum
908 2611 994 2692 ipsum
1020 2613 1150 2667 acinacem
1176 2615 1209 2666 de
1228 2614 1311 2667 uisset
1364 2628 1419 2666 cere.

187 2681 226 2749 X,
246 2688 305 2748 7,4
330 2683 418 2734 exules
436 2690 545 2750 praeter
568 2698 623 2747 eos,
651 2682 696 2749 qni
719 2683 790 2734 civili
823 2681 856 2734 In
872 2697 902 2734 re
919 2699 976 2751 ipsa
993 2681 1124 2737 consentit
1139 2681 1274 2736 Diodorus
1292 2700 1352 2735 cum
1363 2681 1420 2735 Cur·

188 2752 318 2820 sanquine
336 2751 440 2819 aspersi
458 2758 542 2814 erant,
560 2750 754 2817 recipi-inscii.
823 2749 874 2815 tio,
910 2749 938 2802 in
965 2757 1083 2820 tempore
1108 2751 1264 2805 mutationis
1289 2750 1419 2820 discrepat,

223 2822 246 2898 ς.
266 2825 289 2872 6.
324 2828 353 2891 ut
368 2823 430 2884 fere
455 2849 490 2858 -
516 2818 683 2871 recensebant
709 2819 788 2887 enirn]
823 2818 919 2939 guippe
942 2835 1021 2888 quam
1038 2819 1170 2872 Diodorus
1192 2821 1226 2873 ad
1248 2827 1353 2889 tempus
1370 2825 1420 2889 post

189 2887 261 2940 Ohm
270 2887 410 2939 edebatur:
428 2895 513 2939 vetera
531 2903 630 2954 qnoque
647 2888 743 2953 ornina,
762 2895 791 2938 nt
838 2904 933 2939 ssrcum
960 2886 1070 2939 roelium
1078 2888 1183 2955 referat,
1193 2888 1288 2955 XVII,
1295 2895 1337 2942 53.
1347 2886 1420 2940 Grae·

177 2957 239 3025 fert
247 2957 404 3022 sollicitudo,
414 2964 610 3019 revocaverant,
623 2956 790 3007 recensebant
823 2973 868 3008 cus
885 2955 929 3026 gia
948 2955 988 3007 'us
1011 2964 1039 3009 et
1061 2955 1165 3025 longior
1188 2957 1273 3010 multo
1296 2963 1325 3009 et
1340 2963 1420 3008 rectus

187 3026 255 3077 enim
264 3025 379 3077 Darium
396 3031 456 3089 cet,
474 3042 523 3093 pm
540 3041 592 3093 quo
606 3023 712 3076 Modius
729 3041 790 3093 par·
823 3032 889 3090 erat,
908 3023 1050 3078 Persarum
1067 3024 1184 3078 acinaces
1201 3025 1334 3079 incurvus.

164 3082 236 3146 'tim
246 3091 371 3146 Palmerii
388 3092 484 3162 partim
502 3110 574 3144 suam
584 3090 733 3162 opinionem
749 3108 789 3145 se·
858 3092 958 3162 Capi,
977 3095 1000 3160 §.
1016 3098 1039 3145 8.
1064 3095 1158 3146 bacina
1177 3095 1303 3173 dabatur]
1340 3091 1419 3171 Vulgo

187 3170 263 3215 cutus
281 3160 367 3214 dedit:
390 3171 418 3214 nt
426 3162 472 3227 fit,
491 3162 638 3213 sollicitudo
656 3177 789 3213 revocare·
823 3163 932 3214 baccina
959 3161 1095 3228 scribitur,
1122 3163 1168 3214 sed
1194 3162 1306 3231 simplior
1324 3180 1338 3215 c
1355 3160 1419 3212 [ard

186 3240 244 3282 rot:
261 3231 376 3282 Darium
394 3231 462 3280 enim
479 3236 530 3280 cet.
567 3244 680 3296 eumque
696 3227 790 3297 reliqui
822 3229 932 3281 Voss.1
968 3229 1048 3282 Bern.
1066 3231 1101 3296 A,
1123 3230 1194 3283 Flor.
1218 3230 1306 3282 nullus
1329 3229 1379 3282 nisi
1394 3226 1419 3280 O.

187 3297 301 3350 editores
319 3295 402 3349 secuti
419 3302 488 3348 sunt.
529 3268 609 3359 Quod
626 3305 790 3348 revocaverat
823 3296 912 3349 Etiam
934 3314 950 3348 a
968 3299 1005 3349 ud
1027 3297 1180 3351 Ciceronem
1205 3317 1231 3368 p.
1254 3299 1327 3351 Mur.
1352 3305 1377 3364 9,
1392 3301 1418 3348 22

187 3364 306 3433 scripsit,
329 3362 409 3416 libros
426 3381 486 3415 mss.
503 3370 609 3415 tantum
630 3381 683 3416 non
700 3379 790 3416 omnes
824 3366 893 3417 turc.
903 3316 1017 3435 inpleris
1036 3384 1070 3419 ue
1087 3368 1162 3420 codd.
1172 3374 1221 3419 est.
1239 3367 1343 3421 Verum
1352 3380 1420 3420 causa

187 3440 308 3484 auctores
321 3431 422 3496 habuit,
440 3448 501 3483 nam
517 3439 668 3485 nostrorum
685 3432 790 3501 quidem
823 3433 972 3503 duplicandi
989 3453 1007 3486 n
1082 3442 1137 3502 est,
1161 3442 1189 3488 et
1211 3436 1307 3487 bucina
1325 3434 1355 3487 in
1371 3433 1420 3486 Me

186 3498 236 3553 soli
252 3499 323 3552 Flor.
343 3498 398 3552 OE
415 3498 543 3568 pluralem
560 3515 697 3552 numerum
714 3516 790 3570 prae·
823 3501 897 3555 diceo
907 3502 963 3555 Ver
1036 3503 1168 3569 scribitur,
1187 3502 1258 3556 Grae
1307 3520 1343 3554 ue
1391 3519 1406 3552 u

186 3575 269 3635 stant,
286 3567 394 3646 ipsaque
412 3566 559 3646 sollicitudo
576 3576 649 3622 recte
666 3585 789 3622 revocare
822 3569 963 3640 Polybium
1030 3579 1064 3637 ,4
1082 3580 1122 3624 est
1140 3572 1259 3638 βυκάνη.
1310 3520 1420 3642 putiali-

186 3644 277 3689 vetera
294 3653 381 3688 omma
398 3636 500 3688 dicitur.
545 3637 579 3690 Ut
590 3639 625 3704 fit
645 3645 738 3690 contra
758 3636 789 3690 li-
821 3637 894 3691 vium
902 3639 1010 3706 XXVI,
1022 3646 1052 3693 15
1070 3640 1099 3693 in
1116 3639 1222 3710 optimis
1239 3638 1357 3692 traditur
1373 3652 1420 3690 esse

185 3704 248 3758 bros
271 3711 325 3770 est,
352 3702 397 3774 qui
423 3721 513 3757 omues
531 3707 626 3775 ntfert
652 3704 787 3772 exhibent,
822 3708 857 3759 ad
873 3706 981 3760 tertiam
993 3710 1122 3775 bunnam,
1141 3707 1316 3762 ctDralrenb.
1327 3715 1357 3760 et
1365 3706 1419 3760 abor

185 3772 235 3826 nisi
257 3773 328 3844 quod
348 3772 376 3825 in
393 3771 468 3825 Leid.
485 3773 562 3827 Voss.
580 3780 595 3827 2
615 3773 695 3826 Bern.
712 3775 739 3827 A
761 3784 790 3827 nt
822 3776 856 3827 ad
873 3775 976 3843 Vnae
993 3796 1034 3847 pr.
1051 3776 1159 3848 interpr.
1177 3776 1300 3834 Frontini
1318 3776 1342 3842 Ι,
1353 3780 1418 3842 5,17.

175 3843 240 3911 fere
256 3841 368 3911 legitur,
396 3848 490 3894 notata
514 3841 599 3894 altera
624 3841 735 3896 lectione
760 3842 788 3896 in
857 3846 931 3911 §.10.
948 3846 1057 3914 punicis
1069 3847 1201 3966 amiculis}
1220 3846 1293 3898 Infra
1309 3844 1357 3898 lib.
1374 3841 1418 3906 IX,

185 3911 304 3981 margine
313 3909 452 3962 Bernensis
463 3909 633 3980 Vossianique
642 3910 709 3964 libri.
721 3910 788 3965 Pro·
822 3918 855 3966 29
868 3915 1010 3982 puniceum
1027 3917 1167 3968 amiculam
1202 3913 1265 3978 ixit,
1285 3914 1333 3966 sed
1346 3911 1419 3982 pani·

184 3979 246 4033 bavi
262 3997 333 4032 nunc
358 3988 389 4031 nt
402 3980 479 4048 fere,
505 3996 662 4049 quamquam
678 3979 789 4032 similem
822 3997 867 4033 cns
885 3989 913 4034 et
925 3984 1054 4051 puniceas
1071 4001 1161 4053 parem
1176 3981 1363 4036 auctoritatem
1379 3997 1418 4050 pe

184 4046 272 4102 locum
289 4048 382 4100 afferre
403 4065 457 4100 non
514 4064 585 4100 ssum
606 4047 652 4100 ubi
669 4047 788 4102 absolute
821 4052 924 4103 e'tarum
944 4052 999 4104 sere
1020 4052 1120 4105 habent
1141 4071 1189 4122 pro
1212 4068 1243 4104 eo
1266 4052 1339 4121 quod
1357 4045 1418 4119 apud

186 4114 289 4169 dicatur
323 4134 353 4169 ro
370 4133 401 4170 eo
418 4065 513 4186 quod>0
506 4124 548 4168 est
565 4124 593 4167 nt
601 4119 665 4185 sere
672 4118 723 4183 fit,
742 4118 788 4170 scd
839 4136 914 4171 rosae
923 4119 1048 4174 orationis
1058 4120 1197 4191 scriptores
1207 4127 1248 4173 est
1276 4133 1416 4192 urpureura

185 4200 234 4237 nec
251 4193 279 4245 ut
309 4195 347 4238 ert
364 4184 419 4237 sine
436 4183 548 4237 nominc·
591 4183 672 4252 nitur,
689 4188 787 4238 sollici·
850 4205 881 4240 oc
901 4197 990 4241 autem
1012 4189 1069 4243 loco
1091 4207 1180 4243 omnes
1202 4137 1278 4243 codd.
1295 4205 1356 4240 mss.
1373 4199 1416 4237 mel

184 4255 300 4306 tudinem
317 4261 406 4306 autem
423 4261 536 4325 utroque
571 4269 649 4306 uoere
665 4272 718 4307 non
731 4253 787 4324 pla·
820 4264 926 4326 practer
942 4257 1013 4311 Flor.
1031 4258 1083 4312 FI
1099 4267 1211 4312 tuentur
1246 4257 1299 4308 uod
1315 4255 1343 4307 in
1360 4251 1414 4306 edit·

184 4329 235 4374 oet.
253 4321 333 4386 Quod
350 4322 445 4375 deinde
461 4317 613 4375 recensendi
629 4323 739 4375 verbum
756 4323 787 4376 li-
820 4342 860 4395 pr.
878 4334 919 4378 est
930 4328 1052 4394 punicis,
1078 4345 1127 4398 pro
1149 4345 1202 4399 quo
1219 4276 1304 4380 iildus
1326 4322 1415 4396 primus

183 4388 330 4444 brariorum
353 4389 567 4462 interpretationi
588 4391 787 4445 adscribendum
821 4393 904 4448 edidit
917 4396 1047 4464 puniceis.
