2926 5174
106 272 179 343 456
577 290 611 352 o.
636 289 758 341 cuarn
782 290 866 342 auru

107 484 353 573 conspexerat.
409 471 514 566 Quid,
545 475 677 571 inquit,
714 475 838 574 quodue
864 486 997 571 tempus
1023 487 1208 572 capacius,
1246 488 1277 548 et
1293 502 1337 551 am

107 586 357 689 quamprimum
384 588 442 661 boc
467 586 577 660 dabre
607 611 660 659 me
685 588 798 660 saltem
822 586 1025 659 moriturum
1054 585 1207 660 liberas?
1246 587 1336 661 Aua

105 723 184 787 mma,
210 722 251 770 ac
276 724 354 771 ream
379 698 436 789 aia,
463 723 537 771 cum
564 698 745 771 immobile
770 697 891 770 aulaea
917 695 1141 794 acceperim?
1181 696 1236 770 At
1253 695 1363 771 Criton

104 810 214 882 bulus
241 807 386 880 tandem
414 810 471 880 vel
497 808 608 898 finito,
634 809 693 881 vel
719 808 941 882 dissimulato
968 817 1087 897 metu,
1116 807 1256 880 hortari
1277 835 1336 882 eun

106 919 241 1016 coepit,
269 928 309 990 ut
335 943 373 990 se
401 919 654 992 continendum
680 921 876 1016 praeberet,
905 917 995 989 dum
1024 919 1210 1015 spiculum
1237 920 1335 992 evelle·

105 1041 177 1103 ret:
215 1029 322 1100 etiam
348 1029 464 1101 levem
491 1030 649 1127 corporis
676 1042 814 1104 motum
844 1029 998 1101 noxium
1026 1030 1120 1102 fore.
1174 1029 1253 1103 Rex
1274 1048 1362 1102 cuna

106 1141 329 1229 affirmasset,
356 1139 443 1210 nihil
469 1165 559 1238 opus
586 1165 663 1214 esse
689 1142 741 1232 iis,
769 1141 828 1237 qui
853 1149 969 1211 semet
997 1140 1241 1232 continerent,
1265 1142 1335 1212 sieut

105 1259 337 1351 praeceptum
364 1261 456 1341 erat,
492 1252 566 1323 sine
593 1262 695 1324 motu
719 1250 883 1350 praebuit
916 1274 1065 1348 eorpus.
1123 1251 1237 1349 Igitur
1258 1262 1333 1350 pate

106 1365 202 1435 facto
230 1362 335 1434 latius
362 1362 520 1452 vulnere,
548 1372 585 1434 et
611 1362 746 1459 spiculo
773 1361 905 1450 evols0,
932 1361 1067 1458 ingens
1096 1364 1155 1437 vis
1178 1363 1332 1461 sanguinis

105 1499 251 1546 manare
279 1473 412 1571 coepit,
450 1473 631 1569 linquique
658 1474 776 1545 animo
802 1497 882 1560 rex,
919 1481 956 1543 et
984 1473 1146 1572 caligine
1173 1476 1276 1548 oculis
1297 1475 1332 1547 of-

106 1586 201 1674 fusa,
234 1583 345 1655 veluti
371 1583 604 1656 moribundus
638 1585 793 1657 extendi.
846 1579 1010 1679 Cumque
1037 1586 1259 1682 profluvium
1280 1603 1360 1658 mett

107 1694 315 1767 dicamentis
342 1695 476 1766 frustra
500 1695 717 1786 inhiberent,
751 1697 882 1768 clamor
908 1695 1019 1766 simul
1056 1708 1173 1794 atque
1198 1700 1332 1796 ploratus

107 1805 303 1878 amicorum
334 1805 464 1894 oritur,
503 1831 624 1903 regem
664 1808 846 1905 expirasse
886 1803 1131 1879 credentium.
1198 1807 1332 1882 Tandem

107 1915 266 1989 constitit
292 1915 452 2012 sanguis,
492 1917 733 2015 paulatimque
766 1918 921 1990 animum
946 1919 1107 2015 recepit,
1150 1932 1188 1994 et
1214 1921 1332 1992 circurn-

106 2038 243 2100 stantes
270 2027 388 2123 coepit
414 2052 616 2124 agnoscere.
646 2028 768 2104 ,Toto
796 2055 838 2102 eo
865 2028 921 2101 die
949 2051 992 2098 ac
1019 2039 1152 2122 nocte,
1189 2057 1275 2129 quae
1295 2047 1360 2102 seu

106 2148 190 2210 cuta
234 2148 308 2228 est,
354 2148 512 2212 annatus
553 2140 731 2215 exercitus
775 2141 909 2238 regiam
954 2137 1120 2231 obsedit,
1176 2144 1332 2216 consessus

106 2274 229 2321 omnes
256 2250 360 2322 unius
387 2251 514 2347 spiritu
552 2250 684 2325 vivere.
737 2250 811 2326 Nec
836 2251 933 2349 prius
965 2266 1220 2345 recesserunt,
1250 2276 1333 2352 quam

107 2368 330 2456 compertum
356 2370 427 2450 est,
463 2387 588 2434 somno
620 2362 800 2461 paulisper
835 2362 1073 2457 acquiescere.
1131 2364 1227 2438 Hinc
1257 2362 1333 2437 certi·

106 2495 204 2541 orem
231 2494 331 2566 spem
358 2471 482 2544 salutis
509 2473 584 2545 eius
610 2472 648 2544 in
674 2485 792 2547 castra
816 2473 1044 2545 rettulerunt.

58 2581 105 2651 23
211 2578 291 2652 Rex
324 2592 461 2679 septem
494 2582 619 2655 diebus
653 2594 776 2657 curato
803 2584 966 2672 vulnere,
1001 2583 1168 2658 necdum
1202 2585 1360 2659 obductass

108 2691 286 2782 cicatrice,
322 2717 403 2764 cum
430 2693 604 2783 audisset,
641 2694 864 2766 convaluisse
890 2691 989 2789 apud
1015 2693 1202 2771 barbaros
1228 2700 1333 2771 famam

105 2803 230 2875 mortis
270 2829 370 2893 suae,
411 2802 552 2877 duobus
590 2805 741 2900 navigiis
778 2803 925 2893 iunctis,
967 2807 1083 2877 statui
1124 2809 1165 2881 in
1202 2807 1334 2881 medium

106 2913 262 3010 undique
290 2914 521 3011 conspicuum
546 2915 815 2987 tabernaculum
841 2914 958 3003 iussit,
993 2941 1043 2987 ex
1071 2942 1148 3014 quo
1178 2947 1218 2994 se
1244 2928 1334 2993 osten-

107 3024 208 3097 deret
243 3026 378 3122 perisse
411 3026 648 3099 credentibus.
702 3023 994 3123 Conspectusque
1021 3026 1070 3099 ab
1099 3029 1232 3104 incolis
1259 3052 1335 3130 spen

106 3137 264 3209 hostium
289 3137 380 3209 falso
412 3138 537 3210 nuntio
566 3145 774 3234 conceptam
807 3135 969 3207 inhibuit.
1025 3133 1204 3214 Secundo
1231 3137 1353 3215 deindo

107 3272 210 3319 amne
244 3247 409 3337 defluxit,
446 3246 666 3344 aliquantum
697 3246 874 3319 intervalli
901 3270 923 3317 a
950 3255 1074 3321 cetera.
1109 3253 1230 3327 classe
1261 3276 1336 3351 prae

107 3357 255 3453 cipiens,
290 3383 336 3429 ne
369 3358 467 3453 quies
495 3358 636 3455 corpori
666 3356 823 3429 invalido
856 3355 974 3429 adhuc
1005 3365 1224 3437 necessaria
1253 3364 1336 3463 pulsu

109 3490 289 3539 remorum
314 3467 555 3566 impediretur.

210 3575 346 3666 Quarto
353 3635 362 3669 ,
398 3588 588 3676 postquam
620 3579 790 3675 navigare
817 3586 999 3675 coeperat,
1037 3579 1099 3655 die
1128 3587 1295 3682 pervenit
1312 3583 1355 3654 ns

141 3831 163 3896 ξ.
182 3834 224 3882 28.
260 3830 357 3910 iisque
405 3828 513 3882 Retinui
535 3830 570 3882 iis
589 3827 651 3899 quia
673 3828 710 3882 sio
744 3831 807 3882 bum
833 3831 905 3897 quiea
930 3827 1031 3898 partim
1063 3837 1241 3900 perinvalido
1264 3834 1338 3910 pm

104 3896 185 3949 Bern.
203 3898 230 3950 A
247 3906 283 3965 et,
310 3917 333 3951 ει
371 3896 554 3977 ηαψὶἰοιιῐίρ
581 3897 645 3977 tides
662 3897 709 3977 ha3
738 3915 836 3966 purum
853 3897 953 3975 ualido,
973 3897 1089 3975 partim
1108 3905 1235 3962 invalido
1256 3907 1338 3960 utet

104 3965 206 4032 benna,
224 3966 302 4020 Voss.
321 3974 333 4019 1
354 3975 381 4019 et
397 3966 472 4019 Lerd.
489 3965 596 4036 Renqn
623 3973 709 4018 nostn
744 3964 917 4034 Atque'rllud
935 3965 1046 4032 qurdem
1066 3972 1171 4040 optimi
1179 3975 1255 4031 Leia„
1263 3974 1337 4029 le

105 4039 134 4082 et
151 4031 251 4086 Vosa2
271 4037 322 4102 bis,
340 4034 389 4088 nisi
412 4034 485 4104 quod
501 4033 573 4088 Flor.
590 4034 614 4086 B
632 4051 708 4086 suurn
742 4034 823 4086 Bern.
836 4033 863 4084 A
879 4031 950 4085 Flor.
964 4032 1087 4092 chG.
1125 4041 1268 4100 Editiones
1287 4040 1339 4113 μὴ·

105 4100 157 4151 hiia
175 4109 270 4154 servat.
742 4102 814 4172 cipes
835 4099 900 4153 mire
925 4100 1070 4170 permixtis
1097 4111 1232 4169 omnibus
1252 4130 1281 4166 m
1297 4108 1339 4181 qul

105 4170 238 4286 Bgssiwlo
265 4172 361 4289 coplae]
398 4170 443 4292 {ic
464 4170 535 4224 Flor.
552 4171 576 4224 B
596 4171 705 4224 Vosal
742 4173 941 4290 quietecolriqore
950 4172 1281 4293 {gffnssglid⁰'·ffl‘·¹⁰⁸⁸·⁶
1317 4242 1340 4297 'b

127 4256 338 4378 ,0αῇἳὲἷὲἕὲ
356 4257 592 4377 eidiii‘corpori
615 4309 707 4359 inva—
741 4254 1013 4359 ddtnibnvgmeddatum
1035 4250 1341 4389 oeffieglqffim

107 4365 175 4422 lado
192 4373 277 4425 adbuc
290 4378 452 4444 necessaria]
476 4375 560 4433 codd.
574 4383 634 4449 post
647 4391 707 4428 ver·
742 4377 804 4429 lide.
