2926 5174
501 334 550 384 nn
577 332 703 385 ensrrs
728 333 837 385 max.
864 337 900 401 x,
929 331 954 382 s.
1048 356 1055 361 -
1270 311 1343 383 495

105 516 259 589 vocibus
293 523 409 588 castra
444 517 642 614 complent,
684 540 876 613 regemque
917 515 1069 587 ferocius
1111 538 1218 610 quam
1259 515 1345 587 alias

105 625 243 717 adorti,
276 651 395 699 omnes
424 627 530 699 simul
556 628 760 700 missionem
785 628 969 724 postulare
995 635 1204 722 coeperunt,
1232 625 1344 698 defor-

92 737 176 810 mia
204 763 271 810 ora
296 738 518 811 cicatricibus
545 737 779 834 canitiemque
805 738 964 836 capitum
989 745 1222 810 ostentantes.
1270 733 1344 810 Nec

104 859 168 921 aut
193 850 457 948 praefectorum
480 849 721 946 castigatione,
749 859 812 922 aut
829 847 1046 923 verecundia
1061 846 1155 944 regis
1174 846 1344 939 deterriti,
1429 893 1431 896 <

103 963 329 1034 tumultuoso
354 963 510 1034 clamore
537 972 574 1034 et
598 960 740 1033 militari
766 960 936 1033 violentia
961 961 1141 1033 volentem
1173 958 1269 1054 loqui
1295 960 1345 1031 in·

104 1073 291 1164 hibebant,
323 1074 441 1170 palam
476 1072 638 1169 professi,
674 1096 851 1168 nusquam
885 1070 978 1161 inde,
1013 1070 1081 1142 nisi
1112 1069 1149 1140 in
1181 1071 1343 1168 patriam,

105 1184 301 1282 vestigium
339 1209 418 1258 esse
459 1194 632 1255 moturos.
695 1181 856 1254 Tandem
895 1180 1034 1254 silentio
1074 1181 1186 1270 factu,
1230 1182 1344 1278 magis

104 1296 188 1391 quia
213 1307 353 1368 motum
379 1320 457 1369 esse
485 1293 695 1382 credebant,
731 1319 838 1390 quam
865 1294 947 1390 quia
977 1292 1046 1390 ipsi
1077 1291 1214 1363 moveri
1246 1302 1344 1389 pote·

105 1416 197 1496 rant,
226 1405 396 1504 quidnam
422 1415 568 1478 acturus
596 1414 699 1494 esset,
727 1403 977 1502 expectabant.
1030 1402 1103 1493 Ille,
1139 1399 1232 1483 Quid
1256 1404 1343 1493 liaeo,

105 1516 231 1614 inquit,
264 1543 381 1617 repens
406 1518 630 1608 consternatio,
656 1528 778 1588 ettam
803 1538 936 1613 praem
961 1527 1057 1613 utque
1083 1514 1189 1614 effuso
1216 1514 1344 1587 lieentia

106 1628 304 1702 denuntiet?
353 1629 478 1728 Eloqui
503 1640 626 1701 mduo:
656 1626 776 1724 pulum
807 1639 888 1699 eerte
918 1626 1057 1723 rupistis
1089 1624 1281 1721 imperium,
1316 1638 1347 1698 et

102 1739 260 1838 mecurio
285 1764 345 1812 rea
368 1766 453 1831 sum,
479 1739 536 1812 cui
559 1763 625 1812 non
643 1737 839 1837 alloquendi,
864 1762 931 1810 non
946 1734 1103 1810 noscendi
1118 1737 1345 1835 monendique,

91 1864 164 1924 *uid
197 1851 351 1925 intuendi
379 1875 437 1932 uos
463 1849 517 1924 ius
543 1849 730 1948 reliquistis.
782 1848 950 1948 Equidem
975 1872 1050 1921 oum
1076 1847 1159 1920 ulios
1185 1847 1345 1920 dimittere

108 1961 331 2062 inputrium
363 1961 447 2035 alios
473 1984 601 2034 mecum
626 1959 733 2058 poulo
758 1972 839 2057 post
863 1960 1036 2057 deportare
1060 1960 1245 2049 statuerim,
1277 1970 1346 2032 tum

110 2074 177 2149 illos
204 2073 425 2146 assumentes
450 2071 555 2163 uideo,
583 2072 641 2170 qui
657 2069 879 2160 abilensem,
906 2096 1007 2169 quom
1032 2071 1099 2161 lios,
1127 2095 1202 2144 oum
1228 2069 1345 2170 quibus

91 2185 312 2282 'praemissos
330 2186 482 2284 subsequi
498 2185 607 2257 statui
650 2180 742 2264 Quid
766 2181 825 2254 lior
851 2193 899 2254 est
921 2181 997 2254 rei?
1022 2180 1157 2280 dispari
1180 2181 1218 2253 in
1243 2205 1346 2255 eausa

112 2295 194 2370 idem
222 2296 371 2371 omnium
398 2297 523 2368 clamor
554 2295 622 2367 estl
674 2291 838 2366 Pervelim
872 2292 971 2384 sez're,
1006 2305 1117 2365 utrum
1152 2292 1212 2391 qui
1244 2293 1345 2366 duce-

91 2405 196 2500 tdunt,
224 2433 273 2479 un
300 2409 358 2506 qui
382 2407 571 2496 retinentur,
597 2405 638 2477 de
663 2429 715 2476 me
742 2416 931 2503 queruntur.
986 2401 1158 2478 Crederes
1185 2430 1257 2477 uno
1284 2429 1345 2477 ore

112 2540 232 2589 omnes
270 2517 455 2589 sustulisse
490 2518 696 2605 clamorem,
734 2515 787 2587 ita
820 2515 953 2612 pariter
988 2539 1035 2587 ex
1069 2524 1147 2588 tota
1181 2516 1346 2589 contione

111 2651 323 2727 responsum
348 2638 413 2719 est,
439 2651 563 2699 omnes
590 2625 699 2721 queri.
938 2677 944 2688 .
1237 2695 1239 2698 ,

91 2751 96 2792 ³
210 2737 305 2810 Tum
329 2738 397 2828 ille,
431 2736 515 2813 Non
539 2736 681 2827 herode,
714 2735 843 2831 inquit,
871 2746 981 2833 potest
997 2735 1096 2830 fieri,
1130 2750 1168 2809 ut
1192 2737 1396 2811 adducurld

108 2849 270 2948 quermedi
293 2848 395 2922 simul
417 2849 568 2923 mnnibres
593 2847 678 2919 dune
703 2871 840 2920 cuusem
865 2870 943 2936 esse,
976 2871 1077 2944 quum
1103 2847 1285 2937 ostenditis,
1310 2847 1348 2918 in

107 2986 173 3060 qua
199 2959 313 3033 maior
338 2985 425 3058 pers
455 2959 616 3034 excretus
641 2983 708 3031 non
738 2968 799 3047 est,
831 2966 938 3053 utpote
970 2979 1045 3028 eum
1069 2954 1188 3054 plures
1214 2956 1346 3030 dimise·

97 3071 187 3164 rim,
230 3095 334 3172 quum
367 3083 551 3145 retenturus
584 3095 669 3143 sum.
724 3063 847 3142 ‘idedest
884 3066 1045 3139 nimimm
1078 3066 1178 3142 ultius
1211 3068 1346 3158 undum,

137 3276 161 3338 5.
177 3277 220 3325 13.
260 3287 340 3322 verer.
362 3273 432 3340 reqis
460 3271 587 3336 deterriti]
627 3266 713 3321 Miror
781 3270 805 3332 S.
821 3271 861 3320 17.
897 3267 943 3335 qui
961 3269 1108 3338 discedunt]
1147 3268 1263 3340 Optimi,
1282 3286 1347 3340 quos

101 3338 131 3392 in
149 3339 260 3409 aliquot
280 3338 410 3392 codicibus
434 3347 462 3392 et
481 3337 588 3408 optimis
605 3336 712 3406 quibus·
745 3335 801 3387 fere
820 3334 959 3404 coniungo,
978 3339 1144 3391 descendunt.
1180 3337 1298 3391 Dubium
1307 3345 1348 3391 est

102 3423 157 3478 que
174 3407 256 3461 Leid.
273 3406 376 3459 Vosal
397 3408 477 3459 Bam.
492 3411 518 3458 A
535 3405 592 3458 Pal.
610 3414 620 3455 1
640 3403 711 3457 Flor.
746 3411 835 3455 utrum
854 3420 969 3456 errorem
987 3405 1130 3458 scribarum
1171 3415 1229 3460 utos
1251 3424 1286 3459 an
1303 3423 1347 3459 ve·

100 3475 179 3530 ABC
199 3490 261 3528 esse
279 3477 437 3541 deterritum,
455 3475 502 3527 sed
514 3474 556 3527 vel
565 3475 615 3527 hoc
624 3489 712 3524 exem·
745 3489 803 3525 ram
820 3472 933 3526 auctoris
947 3490 1062 3541 manum,
1080 3426 1291 3547 quandoquidem
1304 3478 1348 3529 de-

99 3544 179 3615 plum
198 3545 297 3597 docere
314 3550 409 3612 potest,
428 3561 506 3613 quam
523 3543 622 3595 incerta
639 3548 712 3593 vete-
746 3544 867 3594 scendere
886 3542 920 3593 ad
937 3559 1009 3595 mara
1027 3551 1069 3596 est
1086 3560 1120 3596 ex
1137 3545 1201 3598 Asia
1217 3545 1246 3597 in
1264 3543 1347 3598 Grae·

99 3630 163 3667 rum
180 3612 313 3665 librorum
329 3611 393 3664 fides
410 3611 495 3664 iubis
513 3629 605 3667 vocum
622 3609 712 3662 termi-
746 3608 813 3662 ciam
840 3609 933 3663 redire
969 3611 1152 3664 Veruntamen
1173 3612 1280 3683 requiro
1301 3614 1347 3665 ad-

100 3680 261 3734 mtiomtus
278 3678 321 3732 sit.
746 3677 842 3730 iectum
860 3678 959 3759 aliquid
970 3698 995 3732 v.
1005 3697 1026 3732 c.
1035 3679 1063 3733 in
1080 3681 1201 3750 patriam,
1220 3699 1273 3734 non
1282 3688 1347 3750 puto

137 3753 162 3818 ς.
174 3754 217 3801 15.
255 3748 356 3816 Eloqui
371 3751 462 3815 metuo]
482 3749 563 3801 reu.
581 3745 711 3800 editiones
745 3746 816 3798 nude
833 3745 871 3799 sic
888 3747 939 3800 dici
957 3751 1120 3814 descendere,
1138 3758 1167 3802 et
1179 3750 1279 3820 quodo
1299 3765 1347 3818 po·

99 3825 132 3872 ot
148 3817 227 3886 vulg.
246 3817 329 3882 timeo,
348 3823 440 3868 contra
457 3816 577 3870 codicum
593 3831 711 3867 meorum
744 3813 818 3868 nitur
834 3817 942 3869 retineri
959 3816 1071 3869 alterum
1083 3816 1189 3870 ridetur
1205 3766 1346 3888 postulare.

100 3894 132 3940 et
144 3902 244 3939 eorum
257 3900 323 3954 quos
332 3883 412 3937 Snak.
421 3885 534 3938 contulit
547 3900 709 3938 eonsensum.

137 3958 163 4023 ς.
180 3960 223 4007 16.
261 3955 397 4020 deportare
417 3956 562 4020 statuerim]
599 3951 710 4005 Codices
780 3950 897 4021 Capto,
908 3957 979 4019 §.la
998 3953 1159 4021 potestfieri
1172 3962 1201 4006 ut
1213 3952 1345 4022 adducor]

101 4038 197 4077 omnes
216 4027 247 4074 et
266 4021 325 4073 edd.
332 4028 397 4073 vett.
406 4030 553 4088 statuerem,
572 4020 709 4075 soliBern.
744 4019 850 4072 Modius
861 4022 927 4087 fieri
944 4039 961 4073 a
978 4019 1166 4088 nebulonibus,
1190 4037 1255 4092 quos
1273 4019 1345 4087 dicit,

100 4090 126 4145 B
144 4099 175 4144 et
193 4090 299 4144 Vosne
318 4097 459 4142 statueram
478 4091 536 4159 (sed
547 4091 627 4142 Bern.
638 4095 710 4140 certe
744 4087 864 4140 additum
881 4089 994 4156 censuit,
1017 4104 1100 4158 eoque
1116 4089 1206 4142 deleto
1223 4106 1274 4140 non
1286 4099 1347 4157 pot·

101 4157 186 4212 etiam
205 4160 282 4222 dum)
301 4157 347 4208 sad
363 4164 435 4210 recte
447 4160 597 4211 emendasse
605 4155 711 4209 Iunium
745 4167 783 4210 est
803 4167 831 4210 ut
849 4160 969 4211 adducor
986 4157 1081 4223 edidit,
1108 4158 1176 4209 mela
1193 4154 1347 4210 Plautinum

102 4227 194 4289 eredo,
207 4239 291 4295 quem
299 4224 382 4277 secuti
390 4227 561 4280 suntModius
570 4224 710 4294 etreliqui.
744 4225 870 4295 loquendi
899 4243 981 4294 genus
1013 4232 1041 4277 et
1059 4242 1155 4288 rarum
1180 4225 1286 4296 quidem
1312 4227 1347 4279 ad

137 4296 322 4349 occlamantes
339 4294 423 4363 uideo]
457 4293 528 4349 Nota
545 4295 711 4351 acclamatio·
745 4292 1137 4363 elegantiamcultaeorationis
1155 4301 1347 4364 prosaetrans·

101 4381 161 4417 nem
180 4361 238 4415 dici
255 4359 309 4412 h.l.
327 4360 361 4412 de
378 4361 483 4415 turbido
501 4372 583 4434 atque
599 4362 710 4415 adverso
746 4364 841 4430 ferens,
860 4364 958 4423 adduci
975 4378 1024 4431 pro
1036 4360 1131 4414 adduci
1144 4364 1178 4416 ad
1189 4363 1347 4418 credendum

101 4431 232 4497 emmor-e,
259 4427 328 4480 sicut
344 4427 398 4481 fere
413 4432 484 4500 apud
502 4432 655 4487 Ciceronem
672 4431 711 4484 fit.
747 4429 950 4485 Ciceronianam
966 4436 1015 4482 est.
