2984 5176
174 309 223 380 74
635 323 670 386 q.
698 321 822 373 cunrn
847 319 932 373 surr

171 510 386 599 manaverit,
420 508 517 597 urbi,
544 531 652 603 quam
677 503 843 578 obsidere
869 502 1126 591 destinassent,
1157 500 1326 574 exitium
1350 525 1419 599 pon

172 621 330 694 tendere.
382 618 591 692 Alexander
624 642 705 688 cum
739 628 776 689 et
815 615 966 688 classem
1004 613 1130 710 procul
1173 612 1356 703 haberet,
1391 621 1446 684 et1⁵

172 732 317 829 longam
349 728 571 801 obsidionem
605 752 737 825 magno
764 726 832 798 sibi
858 723 905 798 ad
931 735 1051 798 cetera
1076 721 1355 822 impedimento
1379 723 1419 794 vi·

174 840 276 914 deret
309 841 401 931 lore,
436 838 706 928 caduceatores,
739 837 800 934 qui
832 835 879 910 ad
904 861 1030 934 pacem
1056 859 1118 908 eos
1147 835 1419 933 compellerent,

173 952 285 1023 misit:
322 976 412 1049 quos
439 949 537 1050 Tyrii
571 948 778 1021 contraius
804 948 966 1046 gentium
992 946 1128 1018 occisos
1157 945 1419 1044 praecipitave

173 1073 260 1134 runt
293 1063 330 1135 in
365 1063 486 1134 altum.
551 1058 673 1156 Atque
712 1059 771 1131 ille
806 1082 954 1131 suorum
991 1068 1067 1129 tam
1107 1054 1272 1154 indigna
1314 1064 1419 1130 morte

174 1183 385 1263 commotuS,
412 1172 539 1245 urbem
565 1170 731 1243 obsidere
758 1169 894 1242 statuit

126 1287 172 1358 10
276 1280 348 1357 Sed
374 1294 459 1356 ante
483 1281 646 1355 iacienda
670 1281 782 1353 moles
810 1289 903 1368 erat,
939 1303 1030 1373 quae
1061 1275 1274 1351 continenti
1302 1277 1417 1351 urbem
1428 1285 1443 1332 1⁵

173 1395 419 1466 committeret
459 1392 589 1491 Ingens
617 1417 703 1489 ergo
729 1391 866 1463 animos
892 1389 1045 1461 militum
1072 1387 1293 1484 desperatio
1318 1388 1417 1463 ineu

174 1506 229 1593 sit,
256 1504 478 1577 cernentium
503 1501 722 1599 profundum
745 1525 855 1590 mare,
871 1498 969 1597 quod
994 1499 1059 1571 vix
1085 1498 1215 1571 divina
1247 1496 1324 1599 ope
1347 1521 1416 1598 pos·

174 1623 230 1686 set
255 1613 409 1711 impleri:
445 1637 537 1709 quae
563 1637 653 1685 saxa
678 1623 754 1684 tem
780 1620 900 1702 vasta,
933 1634 1022 1707 quas
1054 1620 1129 1683 tam
1161 1634 1344 1706 proceras
1368 1633 1414 1681 ar·

134 1777 138 1785 ‚
174 1723 280 1796 bores
307 1747 413 1821 posse
439 1723 609 1820 reperiri?
648 1722 910 1795 exhauriendas
937 1745 1016 1794 esse
1042 1719 1228 1817 regiones,
1271 1716 1410 1796 utillud

175 1835 331 1931 spatium
357 1844 651 1932 exaggeraretur:
688 1842 901 1907 exaestuare
928 1855 1068 1928 semper
1094 1831 1251 1921 fretum,
1283 1853 1414 1930 quoque

173 1946 285 2018 artius
317 1946 501 2019 volutetur
535 1945 628 2018 inter
659 1945 812 2016 insulam
845 1952 882 2014 et
914 1942 1172 2028 continentem,
1201 1940 1280 2015 hoc
1309 1942 1413 2016 acrius

172 2056 299 2130 fruere.
351 2055 403 2128 At
432 2056 492 2128 ille
525 2054 803 2152 haudquaquam
832 2052 932 2125 rudis
965 2049 1214 2148 pertractandi
1247 2054 1413 2127 militares
1425 2070 1442 2117 u

174 2227 254 2293 dices,
273 2229 319 2280 sed
336 2227 479 2281 deteriores
498 2228 580 2294 (Flor.
594 2246 684 2282 omnes
715 2245 773 2280 rae-
809 2224 954 2289 Quaeritur
971 2231 1060 2276 autem
1077 2241 1140 2276 num
1157 2224 1303 2282 ablativus
1322 2227 1413 2283 absolu-

173 2303 217 2348 ter
235 2295 298 2361 AB,
317 2296 398 2349 Bern.
421 2296 540 2350 BVoss.
554 2303 596 2362 2),
615 2247 774 2366 singniirem
808 2301 852 2346 tus
878 2293 941 2362 poni
968 2291 1065 2363 possit,
1096 2292 1141 2345 ubi
1166 2292 1243 2348 idem
1273 2298 1414 2351 subiectus

175 2365 331 2416 destinasset
339 2364 447 2430 hebent,
465 2366 536 2433 quod
551 2364 774 2418 adAlexandrum
808 2361 860 2413 alio
871 2378 933 2414 casu
945 2359 1126 2431 praecesserit,
1144 2368 1173 2413 et
1193 2362 1216 2415 si
1256 2373 1346 2433 otest,
1363 2381 1415 2418 nun

175 2449 229 2483 non
252 2431 321 2483 male
346 2430 437 2484 referri
458 2439 562 2501 posset,
589 2431 616 2484 ni
639 2431 775 2485 meliorum
808 2428 888 2507 etiam
910 2427 1076 2508 participium
1098 2427 1195 2508 omisso
1221 2381 1349 2489 ablativo
1365 2433 1414 2487 sub·

176 2498 321 2552 auctoritas
348 2499 520 2570 praevaleret.
561 2500 687 2553 Ceterum
712 2499 774 2553 Ari-
808 2496 872 2550 iectr
889 2497 974 2550 solum
992 2513 1029 2550 stc
1066 2515 1109 2551 om
1126 2496 1223 2567 possit.
1262 2501 1350 2567 Quod
1366 2518 1415 2556 cun

175 2568 312 2620 standmm
323 2567 524 2621 Telmissensem
542 2569 622 2622 fuisse
639 2586 673 2621 ex
690 2568 774 2639 Lycia
808 2584 862 2619 non
880 2565 1026 2618 existimem
1053 2565 1090 2618 eri
1107 2581 1195 2635 posse,
1215 2571 1323 2624 veteris
1337 2566 1414 2624 mendi

175 2635 336 2689 Plutarchus
368 2635 396 2689 in
422 2637 500 2690 Alex.
532 2643 546 2690 2
578 2636 675 2704 tradit,
703 2638 774 2706 quod
809 2634 998 2689 correctionem
1015 2651 1049 2685 ex
1067 2633 1151 2685 altera
1168 2637 1251 2690 codd.
1265 2656 1332 2692 mss.
1343 2639 1414 2693 classe

175 2703 303 2784 oppidum
314 2704 494 2775 haruspicinae
509 2707 681 2759 sedemvetus
690 2705 774 2759 Grae·
809 2702 916 2774 recipio.
952 2702 1058 2782 lindius
1081 2701 1189 2781 quidem
1213 2705 1244 2759 in
1262 2704 1416 2762 membranis

176 2790 217 2827 cra
243 2772 334 2838 novit,
361 2773 473 2827 testibus
491 2775 630 2828 Herodoto
647 2789 672 2841 1,
692 2781 724 2828 78
748 2782 776 2827 et
811 2771 863 2824 suis
889 2788 917 2824 se
940 2771 1005 2823 drcrt
1027 2787 1156 2822 mvemsse
1179 2776 1286 2830 animis
1314 2777 1416 2829 militm

175 2840 290 2895 Amiano
312 2856 351 2908 11,
379 2849 403 2895 3.
446 2843 594 2897 Comitatus
620 2851 662 2896 est
687 2860 777 2913 regem
811 2843 882 2908 desp.
902 2842 1008 2892 incessit
1025 2846 1054 2891 et
1071 2839 1128 2909 ipse
1145 2839 1245 2910 edidit,
1265 2843 1414 2908 siceum

176 2909 333 2963 Aristander
349 2928 433 2982 usque
450 2913 483 2965 ad
496 2912 643 2975 Iaxartem,
661 2911 689 2964 in
704 2911 776 2966 cuius
811 2915 839 2960 et
856 2923 913 2974 tur,
941 2914 974 2960 40
993 2909 1085 2976 cupido
1104 2909 1214 2962 incessit
1235 2915 1324 2966 animo
1340 2910 1414 2978 vulgo

176 2976 289 3030 fluminis
302 2978 417 3033 traiectu
430 2980 552 3033 ultimum
565 2980 715 3034 nominatur
723 2995 775 3047 vn,
811 2975 921 3045 legitur,
950 2977 1111 3028 cernentibus
1135 2985 1230 3031 autem
1256 2995 1354 3055 prorsus
1369 2993 1409 3028 su-

176 3054 218 3101 31.
245 3046 304 3101 Lib.
322 3063 368 3115 nt,
394 3055 426 3102 18
443 3049 603 3120 Demophon
628 3049 698 3102 illins
715 3050 776 3102 loco
812 3044 888 3097 stulit
911 3052 1004 3098 contra
1022 3043 1108 3098 Curtii
1131 3045 1271 3103 rationem
1292 3042 1412 3122 scribendi

177 3115 247 3169 circa
264 3133 353 3186 regem
372 3127 420 3170 est.
811 3121 840 3165 et
856 3112 1031 3176 librariorum,
1055 3111 1157 3181 opinor,
1182 3117 1358 3183 sententiam,
1373 3130 1416 3184 qur

210 3188 232 3264 ᾗ.
253 3187 492 3254 teterrimique
514 3188 604 3253 morte]
640 3187 712 3238 Nece
729 3202 779 3256 per
812 3183 909 3233 animis
933 3181 1057 3234 videntur
1080 3198 1138 3232 eam
1162 3183 1196 3235 cb
1227 3203 1337 3238 causam
1364 3200 1416 3237 cor·

176 3251 305 3305 editiones
322 3262 500 3322 propagatur,
519 3254 565 3306 sed
582 3262 732 3306 nostrorum
749 3261 778 3306 et
811 3249 909 3303 rexisse
925 3257 956 3302 ut
974 3249 1056 3304 coiret
1073 3266 1133 3302 cum
1150 3256 1331 3323 cernentibus,

177 3320 257 3373 Snak.
276 3319 404 3373 librorum
424 3321 452 3372 in
476 3338 529 3373 uno
546 3320 618 3373 Flor.
636 3321 659 3373 F
677 3320 778 3374 inveni·
846 3328 873 3371 ut
900 3320 968 3372 illud
989 3321 1103 3387 spatium
1126 3333 1342 3388 exaggeraretur
1363 3321 1415 3375 ie.

176 3397 229 3440 tur.
265 3386 323 3442 Sed¹
344 3405 395 3456 pro
420 3397 472 3440 tem
494 3387 522 3439 in
543 3387 677 3456 plerisque
701 3389 777 3442 codd.
812 3403 847 3455 ag
865 3402 909 3437 ere
926 3385 1086 3456 expleretur.
1121 3387 1213 3510 Vulgo
1233 3400 1418 3460 aqqesoreuc:

177 3457 231 3508 iani
248 3453 273 3505 le
293 3453 354 3520 tur,
373 3456 443 3524 quod
460 3462 520 3508 tuto
538 3455 648 3524 recipiat
666 3456 707 3510 cui
721 3456 778 3527 pla·
811 3472 824 3508 s
876 3456 952 3508 codd.
970 3463 1165 3508 nostrorumst
1200 3457 1266 3511 nnln
1282 3472 1417 3513 consensus

178 3529 230 3575 cet.
294 3522 349 3575 obis
366 3523 491 3575 mendum
508 3523 648 3576 videbatur
669 3533 743 3578 recte
761 3542 778 3577 a
811 3540 860 3592 pro
878 3523 952 3576 nobis
971 3532 1025 3577 stat
1043 3540 1091 3576 nec
1108 3524 1193 3577 minus
1202 3542 1270 3579 usus
1285 3524 1417 3598 loquendi,

177 3589 254 3643 Iunio
278 3590 425 3657 sublatum,
447 3609 464 3643 a
480 3590 572 3646 Modio
589 3609 653 3645 vero
670 3593 777 3647 restitu-
813 3593 950 3657 ctvr,17.
973 3593 1111 3662 Aqyerore
1125 3592 1197 3645 enim
1210 3599 1362 3662 poctarum
1376 3601 1417 3649 est

177 3667 243 3712 tum.
283 3658 321 3711 Et
343 3657 442 3727 legitur
467 3670 519 3712 tom
543 3659 571 3713 in
594 3661 675 3714 Bern.
701 3663 727 3713 A
750 3670 779 3716 et
847 3670 1000 3713 exaestuare
1027 3679 1126 3729 semper
1142 3662 1262 3733 fretum]
1310 3665 1417 3718 Addunt

178 3725 259 3793 (sicut
282 3742 296 3778 e
320 3726 424 3781 silentio
441 3727 635 3799 snakenburgii
654 3730 776 3797 conficio)
811 3728 892 3798 vulgo
912 3738 943 3781 et.
979 3728 1034 3782 Sed
1056 3738 1144 3782 ortum
1165 3729 1215 3783 hoc
1234 3747 1271 3784 ex
1290 3730 1418 3805 praeposi·

177 3794 205 3848 in
223 3795 300 3848 Voss.
320 3802 343 3848 1.
811 3797 885 3850 tione
902 3796 976 3850 verbi
994 3796 1139 3867 compositi,
1158 3815 1221 3850 nam
1230 3799 1343 3871 aliquot
1351 3799 1417 3856 codd

214 3863 279 3934 Cap.
308 3870 356 3932 10,
383 3867 405 3932 ξ.
431 3872 472 3919 16.
508 3869 647 3921 continenti
676 3869 776 3948 urben]
812 3882 872 3919 cum
889 3865 953 3918 edit.
971 3882 1011 3934 pr.
1031 3876 1054 3918 et
1068 3876 1190 3919 aestuare
1206 3869 1343 3939 (estuare)
1353 3869 1417 3924 Flcr.

177 3933 236 3986 Hoc
253 3932 345 3987 ordine
362 3935 778 3990 verborumomnescodd.nostr1
814 3934 889 3987 CEH
906 3934 986 3986 Bern.
1004 3935 1038 3998 B,
1057 3932 1178 4004 plerique
1195 3951 1261 3989 vero
1280 3937 1353 3992 sicut
1370 3935 1418 3991 edi·

177 3999 295 4121 ἱέριηᾳιιθ
312 4019 329 4054 a
347 4002 427 4056 Snak.
446 4003 535 4057 collati
559 4022 619 4058 cum
636 4005 699 4058 edit.
717 4005 778 4058 Mo·
812 4003 938 4124 dimmffit
948 4013 1100 4124 equstuore
1110 4004 1195 4072 (quod
1203 4000 1293 4059 Aldus
1306 4005 1416 4072 invexit)

198 4087 265 4122 rana.
317 4122 320 4128 ,
813 4088 881 4124 unus
933 4088 970 4124 or.
1016 4109 1022 4122 .

214 4141 382 4210 cernentium]
421 4140 467 4195 Sic
486 4140 592 4210 quidem
609 4139 780 4209 participium
850 4143 872 4207 §-
892 4147 931 4192 17.
955 4140 1139 4207 pertractandi
1156 4141 1288 4197 militares
1308 4143 1416 4209 anicios]

179 4205 302 4258 cohaeret
317 4224 375 4260 cum
387 4225 542 4279 praegresso
550 4211 670 4274 militum,
689 4226 780 4261 verum
814 4208 1002 4261 Pertractondi
1019 4208 1079 4261 libri
1097 4224 1172 4274 mss,
1192 4208 1259 4262 editi
1279 4211 1416 4267 tractandi.

178 4273 260 4327 lectio
277 4274 380 4329 ineerta
398 4285 447 4344 cst,
466 4294 528 4330 nam
544 4277 616 4329 Flor.
631 4277 680 4328 AB
700 4277 779 4330 Bern.
813 4277 982 4329 Pertructare
1003 4278 1104 4329 animos
1131 4279 1264 4330 hominum
1288 4298 1345 4334 non
1362 4295 1416 4334 rere

178 4347 204 4394 A
221 4342 294 4396 Laid.
313 4345 389 4399 Voss.
410 4353 422 4398 1
447 4345 539 4413 fragm.
558 4345 708 4397 Darmstad.
727 4363 780 4398 non
815 4345 910 4398 OEcero
928 4343 1013 4411 dixit,
1038 4361 1197 4415 quamquam
1215 4344 1289 4401 idem
1306 4348 1336 4402 in
1354 4353 1416 4403 orat.

179 4413 336 4466 cernentium
379 4414 426 4466 sed
469 4415 631 4467 cernentibus
672 4414 778 4468 habent.
814 4419 847 4466 28
865 4413 1033 4483 eloquentiae
1050 4429 1106 4467 esse
1124 4412 1161 4466 ait
1177 4424 1295 4471 tractore
1311 4420 1417 4472 ammos.
