2926 5174
115 309 160 379 16
577 324 611 386 o.
639 322 764 375 cunrn
788 321 874 373 aum

111 509 204 600 Nini,
232 511 385 581 alterum
410 524 489 581 erat
513 506 599 579 Beli.
631 505 730 579 Inter
755 505 844 577 haec
870 503 1025 601 aquilam
1050 525 1197 573 auream
1224 501 1342 599 pinnas

111 618 325 693 extendenti
351 619 501 691 similem
526 625 765 689 sacraverant.
1321 605 1326 612 ’
1379 634 1382 639 ·

64 736 85 807 8
198 728 323 804 Cultus
349 730 443 827 regis
469 711 563 800 iirter
589 727 708 800 omnia
731 726 875 797 luxuria
900 725 1104 819 notabatur.
1143 720 1344 820 Purpureae
1357 743 1377 790 u

112 841 254 914 tunicae
279 839 438 912 medium
464 840 585 912 album
610 840 789 912 intextum
818 839 911 911 erat:
945 836 1079 933 pellam
1114 858 1204 908 auro
1232 835 1345 909 distin·

114 961 209 1024 ctam
245 951 344 1026 aurei
370 951 575 1049 accipitres,
614 951 716 1022 velut
753 949 879 1026 rostris
904 946 998 1018 inter
1024 970 1063 1018 se
1089 956 1346 1037 concurrerent

114 1063 357 1152 adornabant;
399 1071 436 1135 et
470 1062 561 1134 zona
602 1085 711 1133 aurea
745 1058 967 1131 muliebriter
984 1057 1135 1142 >cinctus
1171 1056 1345 1130 acinacem
1358 1076 1378 1125 11

114 1172 366 1271 suspenderat,
407 1173 464 1244 cui
491 1197 538 1244 ex
565 1196 707 1270 gemma
731 1170 864 1266 vagina
890 1175 976 1240 erat.
1039 1165 1197 1240 Cidarim
1224 1165 1347 1240 Persae
1359 1182 1378 1230 1⁹

113 1284 294 1358 vocabant
319 1283 457 1380 regium
485 1283 610 1380 capitis
637 1277 795 1378 insigne:
830 1280 900 1352 hoc
932 1278 1095 1350 caerulea
1127 1277 1242 1350 fascia
1273 1277 1346 1350 albo

114 1394 284 1467 distincta
311 1394 529 1466 circumibat.
592 1391 744 1466 Currum
778 1390 902 1463 decem
926 1390 1024 1460 milia
1049 1388 1280 1461 hastatorum
1303 1402 1378 1461 seli

114 1505 336 1600 quebantur:
362 1505 486 1586 hastas
512 1513 661 1599 argento
685 1511 889 1590 exornatas,
917 1501 1053 1597 spicula
1078 1524 1167 1573 auro
1194 1500 1348 1598 praefixa

78 1607 80 1612 ’
113 1615 316 1710 gestabant.
342 1612 484 1686 Dextra
502 1615 676 1709 laevaque
688 1637 812 1710 regem
838 1611 983 1683 ducenti
1007 1613 1119 1683 ferme
1145 1608 1346 1683 nobilissimi
1357 1623 1375 1672 21

113 1725 396 1821 propinquorum
427 1724 699 1797 comitabantur.
765 1722 906 1824 Horum
946 1747 1076 1819 agmen
1120 1720 1345 1814 claudebatur

113 1835 261 1932 triginta
285 1835 426 1908 milibus
452 1834 632 1932 peditum
669 1859 758 1930 quos
794 1835 876 1930 equi
900 1834 994 1930 regis
1021 1831 1279 1928 quadringenti
1301 1854 1344 1901 se·

114 1946 324 2042 quebantur.
381 1945 577 2020 Intervallo
613 1944 742 2018 deinde
777 1945 882 2016 unius
918 1941 1025 2016 stadii
1054 1953 1213 2016 matrem
1248 1939 1344 2012 Darei
1356 1956 1375 2004 n

147 2163 264 2229 aquilam
281 2179 339 2214 aur.
352 2164 454 2231 pinnas
472 2164 585 2233 entend]
604 2161 716 2215 Secutus
750 2160 900 2232 pellabatur
915 2175 1046 2232 purpurea
1059 2158 1139 2213 clavis
1148 2159 1268 2214 candidis
1276 2158 1344 2211 inter·

113 2245 170 2280 sum
188 2227 215 2280 in
234 2228 325 2280 ordine
342 2231 482 2282 verborum
496 2237 567 2297 (cum
584 2230 629 2282 vul
649 2248 665 2282 ο
683 2230 716 2282 sit
751 2236 835 2294 texta,
854 2229 908 2281 sive
925 2225 1100 2296 perdiscens.
1234 2232 1240 2241 “

114 2313 222 2349 auream
240 2298 368 2364 aquilam)
390 2298 471 2350 Bern.
489 2301 515 2350 A
531 2299 603 2351 Flor.
651 2297 716 2364 OG,
803 2299 871 2348 velut
897 2299 991 2350 rostris
1017 2299 1085 2348 inter
1105 2314 1134 2349 se
1159 2293 1344 2363 concurrerent]

113 2363 141 2416 in
158 2380 190 2416 eo
215 2372 304 2416 autem
327 2366 396 2435 quod
414 2368 515 2435 pinnas
537 2374 565 2419 et
586 2367 636 2420 hoc
659 2366 717 2419 loco
755 2365 945 2417 Concurrerent
970 2365 998 2417 in
1024 2363 1096 2417 libris
1121 2382 1183 2417 mss.
1211 2383 1272 2418 cum
1296 2361 1345 2417 olim

115 2439 143 2484 et
166 2446 222 2498 vn,
241 2438 283 2498 35,
303 2439 344 2486 25.
366 2448 420 2500 vn,
439 2441 482 2500 41,
502 2441 525 2488 6.
548 2449 602 2500 vn,
621 2441 664 2501 43,
683 2441 717 2487 24
752 2432 852 2487 collatis
869 2440 927 2485 tum
936 2433 1015 2485 Bern.
1034 2432 1135 2485 duobus
1149 2433 1261 2487 etFlor.
1276 2429 1346 2486 omni·

115 2499 206 2570 scripsi
214 2500 373 2570 optimorum
381 2502 461 2554 Bern.
472 2504 498 2554 A
514 2502 623 2558 Flor.B
642 2503 716 2555 Lcid.
751 2503 800 2555 bus
818 2501 923 2570 legitur,
951 2501 1065 2554 editores
1083 2508 1175 2554 tamen
1189 2502 1277 2555 nescio
1294 2498 1346 2571 quid

115 2569 191 2622 Voss.
216 2575 229 2620 1
255 2587 415 2622 consensum.
467 2571 599 2640 Vulgares
621 2570 718 2640 partim
753 2569 898 2639 elegantiae
909 2570 935 2621 in
945 2578 1102 2635 corruerent,
1121 2570 1193 2649 quod
1203 2569 1256 2622 iam
1273 2570 1299 2622 in
1314 2567 1346 2619 ed.

134 2653 224 2703 ennae,
261 2637 339 2690 artim
344 2637 460 2707 plumas,
475 2640 545 2709 quod
554 2648 595 2692 est
603 2639 717 2692 inBern.
752 2657 792 2709 pr.
810 2644 859 2703 est3
878 2637 927 2690 sibi
945 2637 1092 2707 intelligere
1109 2637 1159 2690 vrsi
1177 2646 1249 2691 sunt.
1272 2636 1345 2700 Falsa,

157 2704 228 2757 Flor.
242 2655 406 2760 busur.
433 2707 558 2760 Ceterum
575 2707 656 2760 miror
691 2707 718 2760 ui
752 2723 837 2777 neque
863 2705 1078 2759 enimvcterum
1104 2707 1264 2776 Scriptorum
1289 2703 1346 2776 quis·

115 2773 213 2825 factum
231 2773 265 2825 sit
282 2781 313 2827 ut
330 2775 355 2826 h.
374 2775 391 2827 l.
405 2777 507 2843 pinnae
531 2793 564 2828 ex
587 2775 650 2838 edit.
668 2726 717 2828 dlu-
750 2793 832 2844 quem
849 2792 970 2828 corruere
992 2776 1025 2827 de
1042 2772 1131 2826 hostili
1149 2773 1260 2827 alterius
1277 2774 1302 2826 in
1316 2771 1346 2824 al-

115 2840 194 2893 niana
210 2841 336 2894 fluxerint
353 2844 386 2895 ad
403 2843 525 2913 reliquas,
544 2862 603 2897 eum
612 2843 718 2924 reliquis
752 2851 840 2896 terum
861 2843 961 2913 impetu
983 2841 1064 2909 dixit,
1087 2843 1135 2895 sed
1159 2844 1194 2896 de
1216 2851 1347 2914 spontanea

115 2908 201 2961 tribus
223 2909 286 2962 locis
305 2929 411 2980 pennae
433 2912 514 2982 vulgo
537 2921 717 2965 remanserrnt.
753 2912 812 2964 labe
831 2911 1000 2980 singulorum.

61 3008 63 3013 .
114 2976 185 3029 Nam
194 2993 225 3030 ea
234 2978 377 3047 distinctio,
395 2998 473 3050 quam
500 2981 718 3045 raeeunteQuin-
788 2983 811 3048 §-
824 2986 863 3033 18.
882 2982 1014 3032 acinacen
1031 2981 1219 3051 suspenderat]
1238 2978 1348 3032 nimirum

114 3045 206 3099 tiliano
224 3055 271 3113 1,4
290 3047 378 3119 Caper
394 3052 427 3101 de
442 3000 630 3120 ortbographia
647 3049 717 3116 fecit,
754 3066 769 3101 e
787 3050 844 3117 (de)
862 3065 930 3100 zona
947 3048 990 3100 vel
1007 3065 1073 3100 zona
1092 3047 1256 3118 simpliciter,
1273 3060 1348 3116 neque

107 3116 211 3184 'pinnas
228 3134 371 3184 murorum,
385 3119 588 3187 pennasavium
597 3117 719 3170 dicendas
754 3119 824 3169 enim
845 3124 886 3169 est
908 3134 954 3168 cur
980 3115 1142 3169 Schefferum
1164 3117 1250 3170 secuti
1270 3121 1349 3186 procl

115 3199 179 3250 esse,
206 3202 259 3236 non
277 3186 347 3237 omni
365 3203 399 3238 ex
426 3195 503 3256 parte
517 3195 638 3239 veterum
657 3187 719 3240 scri-
754 3203 822 3238 zona
840 3184 981 3238 scribamus
1004 3202 1017 3237 e
1041 3201 1117 3236 eona.
1170 3185 1240 3238 Mox
1263 3185 1348 3253 rapine

113 3259 221 3321 ptorum
234 3270 283 3330 usu
300 3255 493 3322 comprobatur,
510 3262 543 3332 ut
560 3254 605 3333 qui
618 3255 719 3332 pinnas
755 3263 819 3321 erat¹
829 3253 947 3305 dedimus
969 3271 1017 3323 pro
1038 3252 1117 3330 vulg..
1134 3262 1193 3305 erat
1210 3255 1308 3323 rapina
1322 3266 1349 3302 cx

115 3334 222 3449 stit
237 3321 720 3457 {stutttittttttdttl
754 3322 826 3456 ¹³⁶5.ss
827 3320 1244 3442 ·1t¹²t‘t·.t.‘³l⁰t.tt⁸t
1261 3328 1289 3441 t
1307 3390 1349 3440 n

115 3452 228 3504 maxime
245 3453 332 3505 dicere
349 3462 452 3508 veteres
470 3456 609 3527 scriptores
623 3457 717 3524 solent,
754 3475 811 3526 cap.
830 3458 945 3528 insigne]
981 3457 1027 3511 Sic
1043 3457 1122 3509 Bern.
1141 3459 1167 3508 A
1191 3457 1264 3511 Flor.
1282 3407 1306 3509 li
1322 3453 1349 3519 G,

116 3537 176 3574 cum
192 3521 226 3599 de
243 3521 343 3587 volatu,
362 3541 414 3576 non
428 3527 461 3575 de
470 3532 624 3594 tegumento
634 3542 718 3580 sermo
754 3525 908 3594 quibuscum
931 3525 1005 3578 naid.
1027 3526 1104 3579 Voss.
1123 3532 1136 3576 1
1160 3525 1299 3578 concinere
1319 3522 1349 3574 vi-

116 3595 166 3643 est.
186 3588 255 3641 Vrde
272 3589 470 3658 Dralrenborch.
488 3595 522 3645 ed
538 3593 643 3645 Livium
652 3609 717 3660 m,
753 3595 864 3660 dentur,
891 3593 920 3647 in
942 3593 1037 3664 quibus
1058 3593 1193 3647 Snekenb.
1222 3590 1349 3646 annotavit

117 3663 159 3723 31,
179 3663 194 3708 8
213 3664 241 3708 et
258 3674 336 3727 quem
359 3659 450 3712 laudat
468 3661 581 3714 Ulitium
599 3664 633 3714 ad
650 3661 717 3716 Gra·
753 3679 809 3714 esse
831 3680 883 3715 voc.
909 3679 966 3732 cap.
984 3679 1037 3731 rep.
1077 3661 1166 3730 Vulgo
1188 3662 1310 3714 Cidarim
1324 3658 1348 3710 P·

59 3736 65 3747 ’
117 3724 149 3776 tii
167 3723 268 3794 Cyneg.
287 3731 328 3780 83.
753 3732 853 3799 rapiam
880 3747 937 3799 cap.
962 3732 1066 3800 insipne
1092 3730 1228 3782 vocabant.
1275 3729 1350 3794 Quam

152 3791 217 3862 Cap.
241 3798 274 3858 8,
311 3798 333 3862 §-
362 3802 401 3847 17.
441 3813 593 3867 purpureae
615 3800 718 3851 tunicae
754 3798 848 3850 deinde
866 3801 1012 3852 caeruleam
1020 3799 1142 3867 fasciam
1160 3796 1226 3850 dicit
1241 3797 1349 3858 Curtius,

116 3863 228 3913 medium
245 3863 332 3915 album
350 3865 473 3916 intertum
491 3867 559 3935 erar]
591 3865 719 3919 Cellarius
754 3883 812 3918 eam
829 3881 871 3934 vr,
890 3872 924 3919 20
942 3883 1105 3936 purpureum
1127 3867 1253 3919 diadema
1276 3872 1349 3918 vorat

117 3937 221 3983 secutus
238 3928 393 3983 Salmasium
412 3933 532 4000 (exercit.
552 3933 618 3985 Plin.
635 3941 718 4003 psat
753 3934 877 4004 Intellige
893 3935 976 4003 igitur
993 3936 1026 3986 de
1042 3933 1158 3986 violaceo
1172 3951 1307 4004 purpurae
1314 3946 1350 4001 ge-

117 3998 279 4068 edUltraj.)
293 4001 352 4052 alto
364 4000 494 4052 edendum
511 4001 621 4068 curavit,
640 4010 719 4073 atque
754 4019 824 4055 nere.
859 4003 985 4076 Κίδαρις,
1008 4002 1029 4055 si
1046 4001 1125 4055 solius
1143 4010 1201 4054 erat
1220 4003 1299 4072 regis,
1316 4016 1350 4051 ea·

117 4065 154 4118 sic
179 4066 207 4118 in
230 4068 286 4119 cod.
313 4066 434 4120 Leidensi
461 4068 513 4138 legi
540 4078 652 4123 testatus
679 4079 720 4124 est
736 4125 740 4131 .
755 4072 815 4123 dem
831 4071 882 4124 fuit
899 4087 967 4143 quae
985 4068 1060 4141 ὀρθὴ
1070 4071 1162 4142 τιάρα,
1182 4089 1264 4140 quam
1274 4066 1350 4122 aenit-

117 4131 340 4204 snakenburgius.
360 4135 516 4190 Ceterorum
524 4138 650 4191 librorum
659 4157 719 4192 mss.
754 4145 842 4207 μένην
860 4153 977 4210 gestasse
995 4138 1058 4191 dicit
1074 4139 1190 4208 reliquos
1210 4138 1351 4204 duccsEty·

117 4201 259 4254 auctoritas
277 4203 416 4276 discrepat,
435 4221 484 4258 nec
501 4208 721 4276 egomediumta-
756 4207 914 4277 mologicum
930 4226 1055 4278 magnum
1073 4225 1092 4259 s.
1110 4226 1135 4259 v.
1153 4207 1249 4279 τιάρα,
1270 4221 1351 4277 quam·

117 4271 193 4323 lucae
211 4287 270 4345 cunr
287 4274 406 4327 oratione
425 4273 553 4326 Curtiane
577 4292 720 4344 congruere
756 4293 834 4344 quam
851 4278 980 4331 Arrianus
988 4277 1074 4329 Anab.
1084 4291 1126 4343 V1,
1140 4282 1172 4329 29
1193 4275 1291 4346 ὀρθὴν
1308 4272 1351 4336 τὴν

117 4346 200 4407 puto,
228 4347 320 4417 epatre
344 4344 456 4396 inedium
483 4344 570 4395 altune
595 4345 720 4396 intextam
756 4332 867 4417 κίδαριν
890 4345 1040 4410 coniunxit,
1068 4362 1147 4412 quam
1174 4351 1294 4414 gestaret
1315 4336 1351 4410 qui

118 4416 175 4458 erat
192 4415 290 4476 optrme
308 4409 365 4464 dici.
383 4411 515 4486 Σάραπις
532 4428 564 4464 ea
576 4411 719 4483 tunicaep-
754 4427 844 4482 regem
861 4430 890 4467 se
907 4413 998 4468 haberi
1015 4412 1104 4466 vellet.
