2926 5174
97 277 147 371 36
566 289 599 351 o.
628 287 753 338 curru
779 287 863 337 surr

96 491 198 555 retur
233 486 412 550 eventum.
466 471 605 545 Rursus
632 470 858 558 occurrebat,
885 469 1022 542 maiora
1047 469 1217 567 periculis
1244 485 1365 568 prae-u

97 592 185 680 mia,
226 598 263 662 et
290 587 384 660 sicut
410 583 559 658 dubium
586 592 697 672 esset,
732 606 778 654 an
803 580 978 672 vinceret,
1014 581 1066 653 ita
1097 579 1188 653 illud
1221 581 1334 679 utique

99 710 236 774 certum
263 722 351 790 csse,
377 698 529 770 honeste
555 705 700 767 etcum
725 716 857 789 magna
883 691 989 765 laude
1015 692 1244 765 moriturum
1275 691 1367 767 Ita-u

100 835 171 908 que
206 834 357 907 corpora
391 807 520 881 milites
556 829 680 878 curare
714 803 835 894 iussit,
863 828 905 876 ac
932 802 1061 877 deinde
1087 803 1201 877 tertia
1226 805 1337 901 vigilia

98 921 295 995 instructos
333 929 370 992 et
402 928 560 992 armatos
600 940 688 990 esse.
747 912 829 1012 Ipsa
861 915 899 986 in
930 914 1054 1012 iugum
1091 912 1182 987 editi
1215 915 1336 990 montis

99 1031 271 1121 ascendit,
298 1029 490 1126 multisque
517 1025 774 1101 collucentibus
799 1026 936 1103 facibus
962 1025 1080 1123 patrio
1107 1050 1212 1098 more
1239 1026 1334 1098 sacri·

98 1142 218 1216 licium
251 1141 317 1214 diis
356 1140 580 1238 praesidibus
612 1138 681 1211 loci
719 1136 812 1209 fecit.
873 1134 1019 1234 Iamque
1051 1137 1221 1227 tertium,
1257 1137 1369 1210 sicuta

97 1263 331 1352 praeceptum
364 1262 457 1343 erat,
490 1252 632 1348 signum
663 1249 754 1321 tuba
784 1248 884 1321 miles
918 1257 1120 1345 acceperat,
1157 1248 1279 1321 itineri
1302 1248 1337 1321 si·

97 1364 174 1436 mul
199 1373 346 1461 paratus
373 1387 422 1435 ac
442 1362 593 1460 proelio:
620 1370 835 1458 strenueque
861 1358 948 1432 iussi
974 1357 1183 1457 procedere,
1211 1360 1337 1433 oriente

97 1474 178 1546 luce
204 1483 447 1570 pervenerunt
472 1471 520 1544 ad
547 1471 747 1569 angustias,
780 1494 868 1566 quas
895 1495 1070 1567 occupare
1098 1468 1336 1545 decreverant

97 1582 259 1656 Dareum
290 1583 439 1679 triginta
472 1582 556 1655 inde
591 1580 709 1655 stadia
739 1581 866 1654 abesse
904 1580 1091 1679 praemissi
1127 1581 1336 1654 indicabant
1348 1598 1370 1646 24

98 1692 201 1767 Tunc
228 1695 422 1768 consistere
448 1718 578 1790 agmen
603 1693 718 1784 iubet,
744 1692 923 1789 armisque
948 1693 1025 1790 ipsc
1044 1692 1210 1790 sumptis
1239 1693 1337 1765 aciem

102 1804 255 1879 ordinat.

49 1913 96 1983 22
200 1915 321 1990 Dareo
341 1914 539 1989 adventum
557 1914 716 1987 hostium
734 1912 857 2012 pavidi
890 1923 1049 2011 agrestes
1074 1915 1336 2004 nuntiaverunt

99 2028 164 2102 vix
190 2026 350 2101 credenti
377 2051 563 2100 occurrere
590 2025 708 2116 etiam,
727 2051 817 2123 quos
844 2037 886 2098 ut
911 2024 1088 2122 fugientes
1116 2026 1336 2123 sequebatur.

99 2136 197 2235 Ergo
228 2164 302 2210 non
336 2136 524 2211 mediocris
561 2135 719 2208 omnium
755 2135 892 2209 animos
918 2132 1071 2208 formido
1100 2135 1368 2236 [incesserat:]n

100 2249 230 2344 quippe
256 2248 375 2321 itineri
394 2273 501 2344 quam
526 2248 662 2345 proelio
689 2247 845 2346 aptiores
872 2257 990 2320 erant:
1015 2247 1224 2345 raptimque
1252 2274 1336 2323 arma

133 2468 156 2532 ξ.
167 2471 209 2519 21,
230 2464 380 2518 occurrebat
389 2466 490 2516 maiora
495 2480 554 2532 per.
567 2464 702 2532 praemio]
739 2464 766 2516 A
782 2460 857 2515 Leid.
872 2462 948 2517 Voss.
960 2469 982 2525 1,
1000 2464 1048 2516 sed
1064 2463 1205 2519 omittitur
1222 2467 1273 2521 hoc
1288 2482 1335 2519 ver·

102 2531 705 2603 OccurrebatimpersonaliterrestituitFreins-
739 2531 803 2591 bum
819 2529 927 2584 inFlor.
939 2531 1081 2585 CDEFHI
1098 2532 1220 2588 Bern.B
1239 2539 1307 2590 Voss.
1315 2541 1334 2588 2.

99 2601 201 2654 hemius
228 2618 243 2654 e
270 2601 362 2655 codice
388 2600 538 2655 Pithoeano
564 2607 592 2653 et
618 2600 704 2653 altero
740 2599 817 2652 Solus
834 2598 906 2652 Flor.
925 2600 949 2653 B
968 2602 1155 2656 collucentibus
1167 2607 1262 2672 patrio
1277 2619 1335 2658 more

99 2669 298 2739 Bongarsiano:
320 2670 391 2723 hunc
409 2686 466 2722 esse
484 2677 552 2739 puto
569 2668 650 2721 Bern.
669 2670 703 2733 A,
730 2670 851 2738 facibus.

119 2755 215 2792 uocum
234 2738 404 2792 consentiunt
420 2737 582 2792 LeidVoss.
601 2744 613 2789 1
632 2737 703 2790 Flor.
776 2740 798 2804 ᾖ.
818 2743 859 2790 23.
883 2738 1071 2806 itineri-‘simul
1082 2749 1206 2807 paratus
1224 2759 1256 2795 ac
1266 2757 1333 2810 proe-

98 2756 168 2863 bD:
188 2807 285 2878 reliqui
303 2816 331 2860 et
348 2807 408 2859 edd.
422 2814 489 2859 vett.
499 2806 599 2859 habent
616 2822 704 2858 occar—
740 2806 787 2874 lio]
823 2804 877 2858 Pro
895 2806 967 2886 vulg.
986 2816 1009 2858 et
1027 2806 1122 2886 scripsi
1141 2827 1191 2876 ac,
1215 2817 1246 2862 ut
1262 2807 1333 2862 estin

99 2877 206 2943 rebant,
234 2892 303 2946 quae
325 2874 569 2930 constructionum
586 2873 617 2927 iis
637 2889 705 2944 quae
740 2873 860 2927 omnibus
894 2872 967 2927 libris
1000 2883 1096 2928 nostris
1129 2886 1242 2946 praeter
1264 2892 1331 2928 unum

98 2942 275 3014 insequuntur
291 2963 346 2998 non
364 2943 496 2998 convenit.
739 2941 810 2996 Flor.
820 2942 853 2995 B.
871 2941 946 2995 Nihil
955 2943 1073 2995 interest.
1092 2943 1150 2997 Sed
1169 2948 1257 3000 itinere
1267 2958 1328 2996 men·

102 3014 106 3029 ⁸
143 3016 210 3066 sicut
234 3015 341 3067 dubiam
359 3024 425 3068 esset
443 3031 480 3067 cn
497 3016 609 3066 vinceret
635 3010 705 3065 idem
739 3011 803 3064 dose
820 3011 900 3064 Bern.
919 3014 945 3064 Α
961 3010 1036 3064 Leid.
1053 3011 1133 3065 Voss.
1157 3020 1181 3067 1.

100 3080 185 3134 ferme
211 3082 284 3135 valet
305 3099 337 3135 ac
360 3086 428 3136 sicat
446 3099 554 3162 sperare
566 3091 659 3150 posset
677 3098 705 3134 se
774 3083 849 3201 5224.
875 3082 957 3133 aciem
975 3082 1092 3151 ordinat]
1112 3080 1160 3136 Sic
1179 3082 1251 3136 haud
1264 3079 1331 3152 paulo

98 3154 257 3219 superiorem
266 3154 339 3220 sore.
358 3151 430 3205 Nolo
439 3152 483 3203 hic
495 3158 618 3220 repetere
636 3166 705 3220 quae
738 3165 782 3203 me
793 3148 832 3202 'us
857 3167 936 3218 quam
953 3149 1024 3217 vulg.
1043 3151 1190 3204 ordinabat
1207 3146 1333 3206 Florae

99 3216 128 3270 in
145 3220 319 3288 grammatica
336 3236 395 3271 mea
413 3223 436 3287 ς.
446 3224 498 3273 354
516 3218 616 3297 scripsi.
738 3218 819 3271 Bern.
838 3219 863 3270 A
882 3234 942 3268 cum
958 3217 1033 3269 Leid.
1051 3217 1129 3282 Voss.
1152 3226 1177 3272 1.

134 3289 158 3353 §-
177 3293 218 3339 22.
237 3291 313 3339 tertia
332 3289 424 3355 vicilia
442 3286 459 3339 i.
469 3302 492 3339 e.
510 3287 597 3338 media
614 3293 703 3352 nocte,
774 3286 840 3356 Cap.
858 3292 900 3338 22.
919 3288 942 3353 ξ.
961 3292 1002 3338 25.
1035 3288 1152 3340 omnium
1171 3288 1333 3358 animossor·

101 3353 315 3431 quandoquidem
348 3362 445 3423 quarta
473 3354 587 3423 primam
618 3353 705 3406 lucem
738 3356 808 3408 mido
826 3356 980 3424 incesserat]
999 3353 1060 3406 Hoc
1078 3354 1141 3408 loco
1159 3356 1216 3409 vim
1234 3357 1333 3410 affennt

101 3421 249 3487 antecedit,
276 3421 329 3474 vid.
347 3436 401 3487 vn,
420 3426 444 3473 8.
480 3422 534 3475 Sed
561 3422 705 3474 secundum
739 3421 874 3477 codicibus
891 3422 1005 3475 editores
1014 3423 1061 3475 sed
1069 3425 1259 3479 necessariam.
1275 3424 1333 3477 Flcr.

100 3487 244 3540 Arrianum
264 3493 306 3556 (11,
314 3492 341 3555 8)
360 3505 469 3559 vespere
488 3506 549 3542 cum
566 3491 704 3560 profectus
738 3491 808 3544 enim
826 3492 903 3544 codd.
923 3507 982 3543 cum
991 3489 1107 3544 Bernil
1124 3492 1204 3546 Leid.
1215 3495 1332 3548 Voss.l.2

101 3564 172 3609 esset
199 3555 271 3609 circa
296 3557 410 3610 mediam
435 3566 542 3611 noctem
568 3558 704 3638 angrrstias
738 3561 839 3613 habent
856 3561 969 3612 omnium
987 3561 1074 3613 animo
1084 3562 1222 3630 famido,
1249 3562 1277 3616 in
1291 3575 1333 3613 uno

100 3623 224 3692 pylarum
241 3625 391 3695 occupavit,
409 3626 538 3697 reliquam
547 3636 703 3696 noctrspar-
737 3628 809 3681 Flor.
819 3626 846 3681 G
860 3627 1091 3697 ssuperscriptum
1109 3637 1162 3696 est,
1181 3638 1212 3683 et
1229 3631 1333 3685 inBern.

100 3704 156 3743 tem
166 3692 300 3762 quiescere
310 3695 464 3763 exercitum,
479 3697 593 3776 denique
602 3698 704 3750 oriente
738 3697 762 3748 B
779 3704 890 3750 notatur
907 3712 963 3749 esse
981 3698 1093 3749 nninris:
1115 3698 1217 3752 deinde
1235 3702 1333 3753 incesse·

101 3759 161 3812 luce
179 3761 313 3831 explicare
331 3779 388 3815 sese
406 3781 441 3816 ex
459 3765 586 3835 angustiis
599 3766 658 3819 viae
675 3773 704 3818 et
738 3775 781 3817 rat
798 3765 827 3817 in
844 3764 1027 3818 nullo-codice
1044 3764 1186 3819 inventum
1204 3776 1256 3821 est.
1290 3765 1333 3819 Ta·

101 3828 128 3881 in
145 3829 229 3882 aciem
248 3831 390 3884 consistere
407 3833 489 3887 iussit.
737 3849 798 3885 men
816 3834 903 3886 facere
920 3852 974 3886 non
991 3851 1098 3903 possum
1120 3835 1188 3903 quin
1211 3844 1286 3890 recte
1307 3833 1334 3886 ab

135 3901 163 3950 in
182 3903 208 3952 in
227 3918 270 3952 arn
289 3932 323 3940 -
341 3903 470 3972 ascendit]
494 3902 571 3954 Haec
590 3909 630 3954 est
648 3901 703 3953 edi·
737 3919 769 3955 eo
788 3901 833 3971 qui
841 3902 989 3972 principem
998 3902 1141 3954 editionem
1152 3905 1268 3973 curavit,
1286 3902 1333 3956 ani·

101 3973 189 4020 tormn
205 3918 333 4021 dbrorum
356 3969 436 4023 lectio
455 3987 470 4021 e
487 3969 606 4040 plurimis
625 3970 702 4022 codd.
737 3988 791 4024 neos
810 3973 952 4024 incesserat
972 3978 1121 4023 correctmn
1144 3980 1258 4040 putem,
1284 3985 1333 4024 nam

102 4035 192 4102 ducta,
219 4038 266 4090 sed
285 4041 373 4106 inpune
391 4070 426 4079 -
443 4042 561 4092 ostendit
578 4038 700 4090 BernB
736 4038 823 4118 ipsum
840 4041 950 4091 verbum
972 4037 993 4090 si
1016 4038 1099 4090 ullum
1118 4038 1269 4094 Curtianae
1286 4055 1332 4093 ora·
1374 4090 1377 4097 .

101 4101 172 4154 Flor.
190 4104 218 4156 H
235 4106 312 4158 Voss.
331 4113 356 4172 2,
381 4108 516 4175 interpam
534 4138 569 4146 -
587 4108 702 4158 escendit
737 4107 803 4161 troni
822 4107 945 4160 convenit
963 4115 991 4158 et
1009 4109 1110 4159 animos
1127 4108 1245 4177 propius
1271 4127 1287 4162 a
1308 4105 1333 4158 li·

101 4168 176 4221 Leid.
203 4172 283 4226 Bern.
306 4175 345 4240 A,
374 4191 442 4244 quae
467 4173 615 4243 probabilia
640 4182 702 4226 sunt
736 4176 844 4229 brorum
862 4174 994 4243 scriptura
1003 4177 1077 4228 abest
1088 4192 1171 4244 quarn
1185 4179 1293 4243 animis,
1308 4173 1333 4225 da

102 4237 197 4317 omnia,
216 4241 262 4292 sed
271 4249 360 4294 tamen
373 4245 527 4295 ascendendi
542 4243 622 4295 verbo
640 4240 702 4294 alibi
738 4261 791 4314 qua
809 4242 1012 4296 constructionis
1030 4242 1162 4296 varietate
1185 4245 1249 4298 vide
1266 4256 1334 4314 supra

103 4304 210 4359 Curtius
228 4326 282 4361 non
299 4310 391 4363 utitur.
738 4327 761 4364 c.
780 4319 804 4364 2.

137 4376 189 4429 diis
202 4379 375 4446 praesidibus
394 4380 455 4448 loct]
474 4380 527 4432 Dis
545 4379 571 4431 h.
586 4378 604 4431 l.
621 4377 703 4432 Bern.
789 4397 866 4448 qnam
896 4381 1012 4449 proelio]
1081 4378 1232 4435 Omittitur
1267 4392 1333 4452 qaam

16 4750 179 4872 ἢ
