2926 5174
420 319 469 367 nn
496 317 621 368 onsms
646 316 756 369 Anax,
782 318 833 386 1n,
857 315 899 368 14.
1236 300 1284 371 25

79 529 88 576 1
123 502 260 576 animo
298 502 339 573 in
374 501 516 576 diversa
546 512 706 592 versato,
744 502 832 575 nulli
865 501 952 598 quid
986 505 1158 602 seriptum
1190 512 1286 578 esset

79 613 204 703 mtiat,
236 611 526 710 epistolamque,
557 613 672 710 sigillo
699 613 797 686 anuli
821 614 877 686 sui
901 614 1091 712 impresso,
1126 616 1284 714 pulvino,
1386 612 1390 619 ’

100 723 366 813 incumbebat,
393 724 552 797 subiecit.

128 836 238 910 Inter
276 834 350 906 has
382 834 615 932 cogitationes
645 832 756 908 biduo
781 835 989 934 absumpto,
1021 837 1141 911 illuxit
1165 863 1188 910 a
1213 842 1334 912 me-l5

79 975 101 1023 o
135 947 358 1021 destinatus
394 944 485 1036 dies,
517 955 555 1021 et
587 945 649 1017 ille
679 970 761 1019 cum
790 949 938 1044 poculo,
972 949 1010 1021 in
1035 974 1107 1045 quo
1132 947 1284 1022 medica·

80 1070 186 1135 ntum
215 1056 394 1147 diluerat,
418 1057 576 1129 intravit.
617 1053 697 1144 Quo
724 1057 801 1130 viso
827 1056 1036 1132 Alexander
1060 1060 1181 1134 levato
1208 1085 1283 1134 cor-

79 1195 113 1243 re
143 1171 182 1242 in
224 1168 365 1258 cubili,
405 1168 592 1266 epistolam
627 1192 649 1238 a
682 1166 918 1242 Parmenione
957 1171 1103 1243 missam
1140 1171 1284 1244 sinistra

79 1307 136 1355 mu
164 1289 327 1368 tenens,
368 1279 496 1375 accipit
527 1279 712 1376 poculmn,
749 1288 787 1351 et
816 1279 937 1352 haurit
967 1280 1166 1354 interritus:
1205 1294 1283 1353 tum

79 1392 214 1465 istolam
242 1392 377 1486 legere
399 1378 603 1486 Philippum
628 1389 737 1479 iubet,
764 1415 830 1462 nec
856 1416 879 1463 a
903 1386 1008 1464 v'ultu
1032 1391 1183 1489 legentis
1209 1417 1283 1464 mo·

79 1503 256 1591 loculos,
296 1509 420 1590 ratus,
461 1501 596 1596 aliquas
631 1500 867 1574 conscientiae
901 1511 1007 1574 notas
1038 1502 1076 1575 in
1106 1503 1186 1599 ipso
1220 1528 1283 1576 ore

79 1638 130 1687 sse
156 1609 456 1711 deprehendere.
495 1609 569 1701 Ille,
596 1610 746 1707 epistola
772 1613 939 1709 perlecta,
965 1613 1045 1710 plus
1071 1611 1282 1710 indignatio·

110 1749 224 1822 quam
259 1722 417 1821 pavoris
449 1719 621 1794 ostendit:
652 1722 889 1819 proiectisque
915 1724 1066 1796 arficulo
1093 1734 1131 1797 et
1155 1725 1282 1797 litteris

79 1845 106 1909 te
132 1836 287 1922 lectum,
325 1833 417 1922 Rea,
442 1833 567 1930 inquit,
592 1857 722 1928 suuper
748 1833 882 1932 quidem
906 1834 1046 1931 spiritua
1070 1860 1163 1908 uuus
1188 1859 1229 1906 aa
1254 1847 1283 1906 te

79 1947 189 2038 >cudit
216 1945 286 2020 sed
312 1967 409 2016 nuuc
433 1968 516 2033 uere,
542 1942 699 2033 arbitror,
725 1968 821 2016 sucro
847 1957 877 2016 et
900 1944 1080 2018 uuuruhili
1103 1969 1159 2018 ore
1184 1944 1283 2016 trati-

78 2113 86 2130 .
126 2055 276 2135 Crimen
297 2053 507 2154 parricidii,
534 2052 624 2152 quod
648 2051 734 2125 miti
757 2052 912 2127 eductum
937 2067 1001 2144 eet,
1034 2066 1092 2127 tuo
1115 2055 1208 2128 salus
1234 2054 1283 2126 di-

79 2183 95 2242 t.
130 2165 309 2245 Seruatus
328 2189 421 2238 aure
445 2165 548 2238 vitum
572 2162 657 2234 miti
681 2163 831 2238 dederis.-
857 2190 914 2240 om
940 2189 1133 2264 quaesoque,
1158 2155 1282 2238 omisso

79 2293 109 2355 tu
137 2292 264 2401 potare
304 2274 586 2348 medicamentum
612 2273 741 2371 erumpi
764 2276 877 2350 umis:
911 2277 991 2350 buu
1009 2276 1188 2375 paulisper
1212 2274 1284 2348 um-

79 2446 192 2500 inostro
220 2452 253 2498 et
277 2441 394 2514 explico
415 2459 468 2494 meo
485 2457 648 2509 meorumque
682 2456 785 2492 morum
802 2443 878 2495 codd.
896 2441 1089 2506 auctoritatem,
1107 2459 1168 2494 nam
1186 2457 1220 2493 ex
1237 2458 1284 2493 no-

79 2518 175 2569 torum.
683 2507 743 2560 stris
767 2513 865 2580 accepit
886 2511 991 2582 quidem
1014 2511 1042 2564 in
1062 2528 1116 2564 uno
1137 2509 1208 2563 Flor.
1226 2508 1251 2562 G
1269 2527 1285 2560 a

79 2615 90 2645 ς.
106 2592 129 2637 7.
150 2585 248 2653 aiqillo
267 2599 319 2633 an.
339 2578 388 2630 sui
405 2578 540 2657 impresso]
558 2576 648 2646 Vulgo
682 2575 828 2647 primam,
855 2578 883 2632 in
902 2579 923 2634 O
943 2596 977 2631 ex
994 2579 1169 2646 correctione,
1196 2579 1286 2631 haurit

79 2671 197 2706 ruram:
215 2668 270 2704 nos
290 2661 515 2716 nuncseqmmur
541 2653 649 2698 uattuor
683 2653 772 2699 autem
790 2664 824 2700 ex
841 2665 908 2701 corr.
925 2646 954 2700 in
972 2646 998 2701 G
1014 2657 1064 2701 est.
1104 2647 1158 2701 Sed
1175 2648 1210 2700 ad
1227 2663 1285 2699 sen-

79 2721 188 2775 imorum
197 2717 329 2773 BermA
348 2714 374 2767 F
375 2713 454 2767 lor.B
472 2663 540 2766 Leid
547 2714 645 2793 Voss}
685 2715 797 2768 tentiam
805 2715 871 2769 nihil
878 2733 985 2787 prorsu
993 2716 1112 2781 interest,
1128 2732 1285 2786 quamquam

79 2790 217 2844 toritatem
237 2799 382 2854 usumque
400 2782 532 2853 scriptoris
556 2790 650 2847 nostri,
685 2782 870 2838 Santacrucius
900 2784 1035 2838 Examinis
1061 2804 1088 2856 p.
1115 2792 1164 2838 249
1198 2782 1285 2836 neseio

79 2860 102 2911 id
118 2875 197 2938 quem
216 2864 268 2911 aut
288 2852 392 2908 anulus
401 2860 447 2904 aut
456 2850 570 2921 sigillum
579 2850 651 2904 anuli
685 2851 749 2921 quid
770 2853 805 2905 ad
825 2853 966 2907 veritatem
987 2854 1117 2920 ¹historiae
1137 2852 1221 2922 magis
1243 2869 1285 2904 ac-

79 2927 206 2997 arimrtur,
234 2924 294 2978 vid.
315 2923 346 2975 h.
366 2918 383 2971 l.
402 2936 424 2972 c.
448 2926 479 2973 18
502 2927 531 2972 et
547 2935 588 2985 v1‚
607 2926 649 2986 20,
685 2921 879 2973 commodatum
904 2921 933 2973 in
950 2937 998 2987 ea,
1025 2939 1104 2990 quam
1127 2939 1175 2974 nos
1202 2919 1285 2973 secuti

79 3013 189 3065 unquam
214 2994 305 3048 atium
336 2987 451 3042 tabellas
472 2987 585 3058 imprimi
605 2987 651 3039 Li·
685 3005 783 3053 sumus,
800 2988 930 3058 scriptura
946 2989 996 3041 sibi
1012 2989 1143 3041 invenisse
1156 2988 1225 3040 visus
1235 2996 1284 3052 est,

79 3063 250 3183 &templo
273 3071 409 3122 xxxvn,
433 3063 464 3110 10
498 3055 651 3109 Muuellius
684 3055 758 3176 piasti
775 3056 959 3177 nppfiaddatpr
976 3067 1048 3134 tum,
1068 3057 1139 3176 qipd
1156 3063 1228 3175 oterte
1245 3055 1285 3107 in·

79 3166 82 3178 .
712 3140 743 3177 ca
773 3141 800 3176 m
900 3141 934 3176 en
948 3141 992 3176 um
1117 3141 1162 3175 aus
1176 3138 1286 3174 umesse

84 3195 143 3268 Gap.
160 3203 200 3266 15,
218 3200 240 3266 5.
258 3204 285 3252 8.
308 3193 461 3249 destinatur
476 3194 544 3263 dies]
572 3192 650 3247 Solus
685 3207 794 3262 arege,
821 3141 900 3263 qdid
917 3142 1081 3263 Philipdiml1¹³
1113 3191 1166 3244 ntis
1183 3190 1286 3243 vultum

79 3263 114 3318 Tor.
129 3266 153 3320 Β
170 3269 318 3320 destinata.
684 3268 778 3314 notare
795 3270 893 3332 posset,
912 3260 980 3315 sicut
996 3261 1062 3314 item
1105 3259 1139 3314 al.
1152 3259 1286 3312 Maximus

79 3336 97 3402 ς.
115 3341 137 3390 9,
170 3338 256 3390 levato
276 3347 395 3400 corpore
413 3331 441 3382 iu
459 3331 551 3451 cubita}
576 3330 649 3383 Edit.
685 3335 767 3396 111,8
793 3338 862 3383 extr.
888 3338 993 3397 narrat,
1019 3346 1078 3382 cum
1103 3328 1232 3382 Arrianus
1258 3335 1286 3380 et

95 3411 121 3457 a
136 3405 214 3460 codd.
235 3420 304 3456 mss.
324 3414 419 3452 omnes
436 3401 464 3451 in
483 3400 541 3451 cubi
552 3416 577 3462 e,
604 3400 650 3451 sed
684 3398 843 3452 Plutarchus
860 3398 937 3452 simul
957 3405 1100 3478 utrumque
1115 3398 1214 3451 factum
1231 3405 1286 3450 tra-

79 3488 106 3525 u.
122 3470 148 3526 G
164 3481 194 3526 et
212 3467 346 3525 Modiani
365 3467 430 3531 duo,
454 3466 651 3536 sigebergensis
685 3466 808 3522 diderint.
843 3466 899 3522 Sed
920 3474 1010 3521 tantas
1027 3467 1093 3521 alius
1110 3465 1286 3537 composuerit

83 3557 157 3610 quem
175 3559 257 3594 suum
277 3537 328 3591 illc
347 3534 482 3614 appellat,
509 3537 538 3587 iu
564 3537 650 3588 cubili.
684 3534 759 3588 lites!

79 3607 109 3662 iti
132 3609 198 3662 inde
220 3609 259 3661 ab
278 3604 357 3658 Aldo
384 3621 411 3654 m
438 3605 550 3656 cubitum
576 3611 652 3656 tanta
720 3606 805 3673 tepere
821 3605 987 3674 Philippum,
1014 3602 1064 3658 hoc
1082 3604 1175 3657 ordine
1191 3602 1286 3655 verbo-

79 3678 192 3744 utantia,
211 3688 294 3729 utne
303 3670 416 3725 Modius
432 3671 538 3742 quidem
555 3671 652 3725 discor-
685 3690 762 3738 rum,
788 3689 878 3725 omnes
904 3673 980 3726 codd
1006 3672 1091 3726 nostri
1116 3680 1145 3725 et
1162 3671 1285 3725 Vossiani

79 3763 98 3799 e
113 3763 193 3799 ausus
211 3746 274 3798 sit·
294 3741 402 3794 Verum
417 3756 486 3809 quae
503 3757 544 3793 res
561 3739 597 3792 sit
612 3739 653 3792 vi-
686 3741 764 3793 ambo
785 3741 835 3804 (de
850 3738 926 3793 Laid.
943 3739 1052 3808 siletur)
1076 3748 1105 3793 et
1126 3740 1189 3793 edit.
1211 3739 1285 3792 Mod.

79 3831 91 3881 ι,
105 3814 201 3868 lector.
246 3811 328 3864 Eunt
345 3807 429 3875 igitur
445 3816 474 3860 et
491 3806 518 3860 in
536 3808 653 3861 cubitum
685 3808 776 3878 Vulgo
793 3808 897 3861 inversa
912 3808 938 3860 le
974 3816 1045 3861 ntur.

79 3882 114 3936 ari
136 3881 266 3937 homines
297 3892 378 3929 exem
398 3876 428 3927 lis
450 3878 562 3930 doceant
583 3878 651 3930 Ver·
719 3878 798 3929 movit
814 3878 913 3948 oculos]
973 3877 1021 3930 lor.
1047 3877 1106 3928 DI
1132 3876 1236 3939 amovit,
1262 3873 1286 3924 F

79 3951 301 4016 iAen.1v,690,
323 3895 650 4011 Ovid.Metam.v11,ma,
686 3946 817 4011 ammovit,
844 3946 914 3998 Eet
931 3944 988 3997 Pal.
1009 3952 1021 3997 1
1041 3946 1146 4004 avertit,
1171 3942 1241 3994 idem
1258 3939 1285 3992 D

79 4019 154 4072 tronii
172 4037 197 4073 c.
219 4023 273 4070 132
295 4020 399 4066 erectus
416 4014 445 4064 iu
463 4015 588 4078 cubitum,-
605 4014 652 4066 sed
685 4014 713 4066 in
721 4013 848 4082 margine.
865 4014 932 4067 Mox
959 4009 1285 4067 osseomittituriuBem.

79 4089 180 4141 aedona
199 4085 290 4138 etiam
308 4081 351 4133 ita
368 4079 434 4148 erigi
451 4087 482 4132 ut
498 4081 607 4133 sedeant
624 4080 652 4133 in
685 4082 709 4134 B
728 4081 798 4134 Flor.
818 4031 990 4136 enardi.

79 4164 116 4223 to,
141 4151 318 4228 praesertim
344 4146 368 4200 si
387 4157 499 4218 utraque
516 4166 596 4201 manu
611 4149 652 4203 uti
720 4153 744 4218 ς.
764 4156 804 4203 10.
839 4169 908 4204 nunc
921 4167 987 4216 mre,
1015 4147 1139 4212 arbitror,
1165 4162 1287 4198 sacro-

79 4223 124 4278 int.
687 4236 731 4272 ore
757 4220 888 4285 trabitur,
910 4217 928 4273 i.
947 4233 970 4269 e.
996 4223 1028 4268 ut
1053 4221 1126 4268 recte
1151 4213 1285 4266 Freinsh.:

79 4295 213 4363 ucipit-
227 4285 340 4353 haurit]
368 4281 439 4335 Edit.
456 4282 539 4353 princ.
556 4285 652 4353 occipit
685 4304 756 4340 nunc
773 4303 823 4355 ego
841 4286 868 4339 in
885 4295 914 4339 te
930 4284 1005 4352 vivo,
1031 4299 1101 4337 nunc
1121 4283 1208 4336 anima
1227 4297 1287 4334 mea

79 4362 173 4429 hausit,
212 4355 324 4412 Aldina
342 4350 502 4420 etreliquae
518 4368 601 4422 usque
618 4354 652 4406 ad
686 4363 732 4408 tuo
749 4371 795 4408 ore
812 4354 925 4408 ducitur.

79 4425 285 4496 dium-accepit
299 4450 338 4462 ·-
355 4420 443 4473 taum
460 4426 553 4474 eontra
570 4420 651 4491 pluri·
720 4426 743 4492 §.
767 4429 808 4477 11.
843 4441 888 4477 oro
914 4435 1069 4491 quaesoque,
1095 4422 1192 4474 amisso
1217 4427 1286 4471 metu
