2926 5174
489 289 539 340 nn
566 288 694 341 onsrrs
720 288 829 342 arax.
855 291 906 342 rv.
933 288 977 342 or.
1273 274 1345 345 151

103 480 280 570 poterant.
348 469 494 544 Paucae
530 481 652 546 tamen
693 497 839 548 evasere
882 471 1076 571 quadrigae
1116 473 1154 546 in
1188 476 1350 550 ultimam

103 583 221 673 aciem,
248 582 307 673 iis,
338 582 465 678 quibus
491 582 710 673 incidenmt,
749 585 940 658 miserabili
966 596 1084 659 morte
1110 589 1347 686 consumptis:

105 694 230 792 quippe
264 702 458 790 amputata
481 693 648 767 virorum
678 696 840 769 membra
870 696 970 769 humi
994 697 1175 789 iacebant,
1203 706 1240 770 et
1266 698 1350 795 quia

106 804 221 878 calidis
249 803 376 877 adhuc
402 805 609 879 vulneribus
636 809 762 881 aberat
787 805 900 897 dolor,
912 807 1031 879 trunci
1057 832 1199 904 quoque
1226 817 1263 881 et
1289 807 1349 882 de*

107 917 186 989 biles
220 940 330 988 arma
369 941 443 988 non
475 916 704 1008 omittebant,
736 915 852 991 donec
882 919 996 990 multo
1020 919 1196 1016 sanguine
1223 919 1348 1010 effirso,

110 1026 300 1100 exanimati
327 1026 616 1124 procumberent.

91 1156 100 1204 a
199 1135 359 1209 Interim
384 1135 531 1228 Aretes,
564 1134 795 1237 Scytharum,
829 1139 889 1236 qui
923 1136 1178 1235 impedimenta
1210 1140 1349 1238 diripie-

111 1249 200 1340 bant,
237 1247 336 1320 duce
369 1249 503 1339 occiso,
534 1249 679 1346 gravius
713 1250 846 1323 territis
878 1249 1046 1323 instabat.
1100 1246 1348 1347 Supervenere

114 1357 230 1432 deinde
266 1384 291 1431 a
330 1357 454 1432 Dareo
493 1357 687 1450 Bactriani,
724 1385 937 1458 pugnaeque
975 1369 1118 1433 vertere
1155 1361 1348 1434 fortunam.

113 1469 202 1543 Multi
234 1495 329 1567 ergo
365 1467 603 1544 Macedonum
629 1471 745 1568 primo
770 1471 907 1569 impetu
938 1470 1062 1545 obtriti
1089 1481 1189 1563 sunt,
1228 1473 1349 1570 plures
1422 1569 1424 1573 y

94 1581 152 1654 rad
172 1579 434 1654 Alexandrum
459 1583 675 1679 refiigerunt.
728 1581 820 1654 Tum
845 1580 987 1673 Persae,
1015 1582 1170 1656 clamore
1197 1584 1350 1672 sublato,

117 1694 242 1788 qualem
275 1692 441 1765 victores
474 1693 590 1766 solent
627 1690 748 1783 edere,
786 1693 954 1766 ferociter
984 1693 1021 1765 in
1052 1692 1210 1784 hostem,
1249 1693 1350 1791 quasi

116 1803 229 1900 ubique
263 1802 516 1901 profligatum,
547 1804 782 1877 incurrerunt.
834 1803 1042 1876 Alexander
1076 1805 1221 1877 territos
1247 1805 1350 1877 casti·

117 1940 204 2011 gare,
230 1914 445 2002 adhortari,
472 1915 661 2010 proelium,
689 1912 883 2011 quodiam
910 1914 1135 2012 elanguerat,
1171 1915 1268 1987 solus
1295 1904 1351 1987 ac·-

118 2024 264 2115 cendere,
289 2025 583 2120 confirmatisque
609 2024 755 2098 tandem
781 2025 917 2114 animis,
931 2025 982 2096 ire
1008 2025 1045 2095 in
1070 2022 1214 2096 hostem
1241 2025 1350 2098 iubet.

91 2150 106 2198 20
202 2135 337 2210 Rarior
365 2137 460 2208 acies
487 2144 564 2208 erat
598 2136 635 2207 in
662 2134 791 2208 dextro
817 2160 930 2208 cornu
955 2134 1164 2226 Persarum,
1196 2137 1401 2232 namque58

117 2244 183 2319 inde
222 2245 414 2318 Bactriani
453 2244 690 2320 discesserant
729 2245 777 2318 ad
814 2246 1049 2343 opprimenda
1086 2246 1350 2343 impedimenta.

117 2353 224 2454 Itaque
251 2355 470 2430 Alexander
503 2357 645 2430 laxatos
680 2355 823 2429 ordines
849 2357 1003 2449 invadit,
1038 2368 1076 2430 et
1100 2360 1215 2430 multa
1241 2357 1351 2430 caede

91 2481 105 2528 21
117 2465 258 2540 hostium
291 2467 488 2539 invehitur.
545 2466 597 2539 At
629 2468 689 2564 qui
723 2469 759 2538 in
792 2468 896 2541 laevo
929 2494 1041 2542 cornu
1074 2480 1176 2542 erant
1208 2467 1350 2558 Persae,

118 2601 167 2675 spe
198 2603 310 2677 posse
347 2602 433 2649 eum
467 2578 614 2669 includi,
655 2603 782 2675 agmen
818 2604 923 2651 suum
956 2605 978 2651 a
1012 2589 1114 2676 tergo
1150 2579 1351 2652 dimicantis

118 2700 308 2786 opponunt:
344 2689 544 2785 ingensque
583 2688 778 2785 periculum
812 2690 849 2761 in
883 2688 1002 2762 medio
1028 2691 1180 2764 haerens
1206 2689 1351 2779 adisset,

116 2800 144 2870 ni
167 2801 303 2897 equites
330 2799 486 2896 Agriani
512 2799 705 2871 calcaribus
737 2799 888 2873 subditis
915 2801 1145 2871 circumfusos
1171 2800 1248 2895 regi
1273 2798 1353 2869 bar·
1423 2845 1427 2851 ·

117 2909 210 2986 baros
244 2911 369 2985 adorti
412 2920 548 2999 essent,
591 2935 807 3007 aversosque
849 2908 1031 2981 caedendo
1070 2909 1107 2980 in
1139 2934 1178 2980 se
1210 2906 1352 2980 obverti

151 3154 172 3218 ς.
189 3159 225 3206 17.
255 3157 292 3208 iis
319 3154 428 3223 quibus]
465 3152 573 3204 Annoto
599 3152 624 3204 h.
642 3152 659 3205 l.
677 3154 712 3205 iis
748 3152 806 3204 loro
832 3167 910 3220 quam
933 3166 985 3219 quo
1007 3147 1089 3218 vulgo
1114 3148 1198 3202 edunt
1223 3167 1241 3202 o
1264 3151 1352 3204 Dorio

122 3217 167 3289 legi
182 3220 206 3273 in
220 3222 300 3275 Bern.
318 3225 346 3275 A
364 3221 439 3274 Flor.
457 3220 497 3287 A,
520 3222 571 3273 hiis
593 3219 620 3273 in
641 3220 712 3273 Flor.
747 3220 830 3272 missi.
865 3217 955 3271 Etiam
972 3216 1078 3270 Modius
1096 3215 1192 3271 ourisit.

121 3285 149 3351 B,
164 3291 202 3342 his
217 3290 243 3343 in
259 3289 381 3361 reliquis.
1116 3295 1120 3302 ’

119 3359 337 3480 Addida&
348 3375 425 3479 {²382
438 3357 597 3478 ‘'lmgeebbffls‘]
611 3357 714 3494 93321
748 3389 797 3442 nisi
814 3389 885 3459 quod
901 3387 973 3441 Flor.
991 3388 1041 3441 AB
1064 3389 1227 3441 incurrerent
1245 3389 1353 3443 habent.

120 3509 185 3546 emo
203 3503 266 3561 oet,
285 3512 336 3548 nec
354 3495 389 3547 ab
408 3510 440 3545 ea
462 3493 592 3614 scriptura
609 3493 714 3546 differre
747 3458 872 3511 Edit⁰¹⁹e⁸
890 3455 983 3525 (etiam
1000 3455 1117 3523 Μοῶῠθ)
1137 3458 1276 3510 mirum
1293 3475 1353 3511 eam

121 3568 176 3679 esto
193 3565 262 3632 qUOd
277 3569 426 3615 81111015θωῖ
434 3562 502 3682 apud
534 3561 630 3614 ”affin
640 3561 713 3614 Μὰ·
748 3527 921 3664 {baciddddauih
938 3526 1354 3665 ididedddicrdiblbsdssepradsbhq

783 3324 805 3402 ᾗ.
826 3327 867 3373 19.
902 3321 1070 3372 incurrerunt
1096 3335 1186 3373 omnes
1203 3319 1264 3373 libri
1280 3320 1353 3389 msti,

142 3647 187 3682 oss.
204 3638 218 3684 2
237 3631 295 3684 eliis
313 3631 368 3700 legi
391 3632 450 3682 alebi
461 3647 487 3682 es
509 3647 584 3682 ormo
602 3631 713 3698 quidem.

122 3693 182 3749 Flor.
200 3698 236 3752 01
253 3701 353 3752 debiles
371 3708 458 3751 tameo
475 3715 559 3763 ormo,
578 3696 714 3751 Gdebiles
748 3730 838 3783 multis
865 3729 918 3783 ocis
935 3728 1061 3784 similibus
1097 3729 1228 3783 efenditur

122 3780 187 3818 orreo
204 3777 289 3820 tomen
308 3784 369 3820 cum
387 3765 449 3818 edit.
467 3765 600 3818 Modiana.
617 3765 715 3818 Nescio
1230 3770 1236 3782 '

125 3840 151 3883 ui
162 3833 219 3886 olim
234 3835 317 3888 tuerit
335 3837 453 3904 quidam,
464 3834 535 3904 quod
552 3851 611 3886 cum
628 3841 715 3885 trans·
784 3831 849 3902 Cap.
860 3836 902 3898 58,
921 3833 944 3899 §-
954 3837 995 3884 20.
1009 3832 1167 3907 Bactriani¹
1177 3832 1353 3883 discesserent

126 3897 178 3953 isset
196 3902 222 3955 in
247 3904 353 3972 quidem
377 3902 464 3954 locum
486 3901 542 3954 aliis
559 3901 715 3954 coniecturis
748 3909 821 3953 reete
839 3916 928 3953 omnes
945 3898 1006 3951 libri
1023 3897 1352 3964 metteditroeeesreroat.

127 3966 195 4022 dedit.
228 3971 282 4024 Sed
299 3970 366 4023 mihi
383 3970 556 4040 antiquissimi
573 3970 626 4022 duo
643 3969 715 4022 Flor.
748 3970 788 4021 At
805 3985 827 4021 c.
845 3974 893 4031 45,
918 3965 1099 4020 6Braotriani
1120 3964 1149 4015 in
1165 3962 1240 4015 laevo
1257 3963 1354 4016 Persa-

127 4035 350 4107 adprobantur.
748 4055 808 4089 rum
825 4053 906 4089 cornu
924 4036 1045 4098 fuerunt,
1072 4032 1182 4101 ipseque
1201 4031 1354 4110 Alexander

155 4106 176 4171 i.
191 4112 230 4160 18.
248 4125 265 4160 a
275 4109 367 4160 Dareo
382 4106 630 4175 subintelligendum
639 4107 716 4158 missi
748 4105 777 4157 in
794 4106 889 4156 dextro
907 4121 954 4156 suo
971 4109 1029 4154 erat
1037 4117 1097 4153 curn
1105 4105 1354 4176 agemateeqmtum

129 4184 169 4224 nec
182 4180 268 4227 tamen
286 4175 455 4240 addendum,
482 4182 512 4226 ut
529 4174 609 4243 vulgo
625 4174 669 4240 fit,
692 4173 714 4224 si
749 4190 806 4242 cap.
825 4179 858 4225 50
876 4180 904 4224 et
922 4176 964 4235 51,
983 4176 1024 4223 35.
1051 4166 1299 4243 Itaqueverrsrmile
1312 4175 1356 4219 est

131 4239 244 4295 codicibus
252 4243 318 4295 fides
326 4243 457 4306 habenda,
492 4259 584 4294 uorum
600 4242 628 4294 in
644 4240 715 4310 opti·
749 4241 776 4294 h.
798 4240 816 4305 l.
843 4241 872 4290 io
895 4242 966 4290 loeoo
993 4253 1086 4300 corno,
1114 4240 1142 4285 et
1163 4249 1246 4302 inseq.
1274 4237 1303 4300 ξ..
1325 4245 1353 4286 ot

132 4304 170 4357 mie
184 4307 249 4362 Plor.
260 4311 367 4380 quidem
376 4260 495 4362 ABDGd
512 4310 626 4362 BernA
640 4308 714 4361 Leid.
749 4310 794 4377 qoi
812 4310 841 4360 in
859 4310 948 4358 dextro
972 4321 1053 4356 cornu
1074 4308 1162 4362 erent,
1188 4301 1355 4370 transpositis

133 4369 195 4427 Voss.
216 4385 228 4430 l
250 4396 306 4431 uon
327 4378 440 4448 legitur,
461 4377 490 4430 in
514 4377 584 4431 Flor.
613 4376 635 4431 O
663 4376 715 4430 alio
748 4375 844 4440 verbis,
863 4372 1029 4427 scribendum
1046 4384 1111 4421 esse.
1348 4402 1356 4414 ..

747 3662 820 3715 tibus
839 3678 907 3782 quae
924 3670 1070 3731 sequuntur
1105 3669 1225 3730 utareut3
1243 3662 1354 3723 sed'hoo
