2926 5174
476 321 525 373 ur
552 322 679 375 ousrrs
705 324 814 376 Atax.
840 324 903 394 vu,
921 321 965 376 aa.
1263 303 1335 376 335

104 505 214 578 a'mico
242 506 335 578 mori
361 506 494 580 statuit.
548 504 629 579 Una
661 517 739 580 erat
771 533 871 601 cura,
908 533 954 580 ne
985 507 1120 580 inultus
1152 504 1337 579 occideret.

102 614 224 714 Itaque
253 616 405 691 subditis
432 617 627 690 calcaribus
654 642 756 715 equo,
789 621 826 693 in
852 618 989 692 medios
1015 620 1137 692 hostes
1164 641 1202 689 se
1228 616 1338 689 immi·

104 726 160 818 sit,
196 737 237 800 et
270 728 490 802 memorabili
525 726 621 803 edita
654 754 777 828 pugna
810 732 961 804 obrutus
1000 731 1080 804 telis
1113 739 1178 802 est.
1234 723 1339 815 Quod

104 839 160 912 ubi
197 836 328 912 videre
365 840 423 937 qui
458 839 558 914 caedi
592 852 817 938 supererant,
864 842 1041 914 tumulum
1084 840 1190 938 paulo
1233 862 1340 933 quam

105 961 217 1024 cetera
247 949 434 1024 editiorem
460 950 619 1049 capiunt3
646 976 736 1047 quos
761 949 982 1050 Spitamenes
1009 952 1102 1024 same
1128 951 1165 1023 in
1192 947 1339 1022 deditio·

105 1087 179 1136 nem
192 1061 413 1136 subacturus
432 1061 582 1136 obsedit.
617 1060 784 1137 Cecidere
803 1088 846 1135 eo
866 1063 1001 1160 proelio
1020 1061 1179 1160 peditum
1194 1083 1220 1132 11
1233 1059 1339 1149 milia,

108 1193 167 1247 occ
187 1173 342 1271 equites.
382 1170 498 1261 Quam
522 1171 659 1245 cladem
675 1171 884 1245 Alexander
903 1174 1037 1247 sollerti
1064 1172 1210 1246 consilio
1237 1171 1339 1261 texit,

108 1297 212 1359 morte
240 1283 453 1357 denuntiata
483 1284 554 1375 his,
591 1283 651 1380 qui
683 1309 729 1356 ex
760 1283 896 1381 proelio
929 1283 1168 1373 advenerant,
1203 1283 1232 1356 si
1258 1291 1339 1356 acta

109 1397 323 1495 vulgassent.
733 1488 736 1492 Δ

91 1522 112 1573 u.
198 1505 373 1582 Ceterum
406 1532 487 1579 cum
521 1508 639 1580 animo
672 1506 853 1605 disparem
892 1507 1034 1580 vultum
1075 1506 1207 1579 diutius
1247 1506 1388 1580 ferre33

109 1644 168 1694 uon
194 1628 336 1718 posset,
361 1619 398 1690 in
422 1619 692 1692 tabernaculum
719 1644 827 1716 super
852 1619 967 1716 ripam
992 1618 1146 1690 fluminis
1168 1616 1214 1691 de
1239 1616 1339 1690 indu·

91 1732 183 1805 auia
209 1729 374 1803 locatum
399 1727 553 1803 secessit.
606 1728 661 1802 lbi
687 1729 763 1802 sine
777 1729 931 1810 arbitris
959 1729 1099 1827 singula
1124 1728 1232 1801 animi
1258 1754 1339 1802 con·

109 1843 192 1916 stlta
227 1839 437 1939 pensando,
476 1851 619 1914 noctem
659 1840 787 1937 vigiliis
830 1841 1006 1932 extraxit,
1046 1863 1153 1937 saepe
1188 1840 1339 1938 pellibus

108 1951 325 2028 tabernaculi
350 1951 522 2044 allevatis,
547 1963 589 2026 ut
613 1951 835 2049 conspiceret
851 1951 1008 2025 hostium
1030 1952 1141 2050 ignes,
1168 1951 1339 2046 equibus

108 2066 305 2139 coniectare
333 2073 482 2162 poterat,
509 2076 644 2161 quanta
668 2062 853 2137 hominum
878 2062 1071 2136 multitudo
1095 2071 1198 2136 esset.
1251 2059 1340 2133 Iam·

107 2201 168 2274 que
192 2180 262 2251 lux
291 2174 494 2273 appetebat,
526 2201 607 2249 cum
632 2176 817 2248 thoracem
843 2171 989 2247 indutus
1014 2172 1176 2272 procedit
1202 2172 1249 2246 ad
1279 2172 1341 2246 mi·

105 2287 195 2382 lites,
228 2299 313 2361 tum
339 2288 490 2387 primum
515 2299 600 2386 post
624 2287 756 2361 vulnus
783 2286 945 2384 proxime
977 2295 1172 2385 acceptum.
1225 2281 1342 2357 Tanta

106 2411 178 2474 erat
203 2399 308 2499 apud
333 2425 394 2473 eos
421 2400 604 2474 veneratio
630 2398 734 2495 regis
761 2409 803 2471 ut
828 2399 930 2474 facile
957 2398 1112 2497 periculi,
1139 2395 1235 2493 quod
1260 2397 1341 2471 hor·

104 2513 239 2603 rebant,
269 2512 522 2609 cogitationem
547 2509 751 2610 praesentia
777 2510 852 2584 eius
879 2520 1074 2584 excuteret.
1127 2507 1228 2581 Laeti
1254 2533 1340 2605 ergo

105 2633 139 2696 et
162 2622 396 2698 manantibus
422 2621 553 2720 gaudio
578 2620 748 2710 lacrimis,
786 2622 1014 2695 consalutant
1048 2646 1145 2709 eum,
1181 2630 1219 2693 et
1244 2616 1342 2717 quod

104 2745 184 2807 ante
209 2743 469 2808 recusaverant
495 2733 643 2826 bellum,
678 2732 814 2804 feroces
842 2730 1051 2830 deposcunt.
1103 2731 1167 2803 Ille
1194 2755 1232 2803 se
1257 2730 1340 2802 rati·
1444 2804 1452 2820 ‚

102 2842 167 2920 bus
193 2845 355 2943 equitem
371 2844 653 2944 phalangemque
670 2853 998 2940 transportaturum
1018 2869 1096 2918 esse
1114 2841 1340 2942 pronuntiat;

102 2981 207 3055 super
233 2966 337 3044 utres
361 2955 461 3029 iubet
484 2981 570 3030 nare
594 2955 710 3029 levius
737 2953 904 3028 armatos.
956 2954 1066 3027 Plura
1096 2979 1162 3027 nec
1189 2951 1258 3025 dici
1283 2977 1353 3025 res

102 3067 339 3158 desideravit,
373 3091 439 3139 uec
464 3093 530 3141 rex
555 3066 673 3141 dicere
698 3090 764 3162 per
790 3063 1033 3139 valetudinem
1058 3065 1185 3164 potuit.
1240 3061 1340 3138 Cete-

99 3201 180 3253 rum
205 3189 313 3253 tanta
338 3178 519 3253 alacritate
544 3181 697 3253 militum
722 3187 818 3251 rates
851 3177 992 3250 iunctae
1019 3187 1117 3268 sunt,
1152 3175 1255 3248 utin
1281 3175 1341 3253 tri⁴

101 3287 213 3364 duum
240 3290 289 3363 ad
316 3311 369 3361 ΧΠ
393 3289 490 3363 milia
515 3291 662 3364 effectae
689 3287 769 3362 sint.
797 3282 968 3387 ‘Iamque
1004 3285 1051 3360 ad
1083 3286 1341 3371 transeundum

133 3478 156 3543 5.
175 3481 217 3528 37.
253 3491 286 3527 ne
305 3473 403 3527 inatus
420 3475 556 3546 occideret]
576 3477 705 3529 occidere·
738 3473 929 3528 nos'Modium
945 3472 1028 3528 secuti
1045 3473 1173 3528 edidimus
1190 3473 1216 3528 iu
1235 3471 1341 3545 optimis

98 3552 142 3597 tar
158 3543 232 3598 Flor.
249 3540 396 3597 DEFGHI
412 3542 469 3597 Pal.
486 3550 498 3596 l
517 3543 597 3597 Bern.
615 3544 649 3611 B,
671 3560 704 3596 ne
738 3552 787 3611 est,
807 3545 954 3612 apparebat
971 3541 999 3595 in
1007 3542 1108 3597 Voss?
1119 3543 1189 3597 Flor.
1199 3543 1340 3597 EHBern.

97 3613 210 3666 muham
228 3613 373 3664 occiderent
389 3610 498 3664 Flor.C.
737 3610 771 3678 B,
784 3614 890 3681 petebat
907 3611 935 3664 in
952 3610 1023 3664 Flor.
1040 3611 1091 3680 DI,
1109 3613 1218 3681 patebat
1240 3611 1268 3664 in
1285 3628 1339 3664 uno

132 3682 162 3732 in
179 3681 279 3733 medios
297 3679 394 3749 toalea]
418 3680 546 3732 Veterem
563 3679 702 3737 accusativi
738 3678 771 3733 G.
808 3679 849 3733 cf.
868 3694 910 3746 rx,
931 3687 972 3745 17,
991 3685 1033 3732 25.

97 3747 212 3803 formam
228 3749 313 3801 tostis
330 3756 468 3800 servarunt
484 3747 614 3803 Flor.AB
624 3749 699 3804 Leid.
770 3753 793 3814 §-
803 3754 827 3800 t.
845 3749 1012 3802 manantibus
1027 3750 1126 3817 pandit
1144 3750 1270 3802 lacrimis.
1293 3745 1338 3801 Sic

96 3812 179 3871 Voss.
188 3824 213 3884 1,
231 3815 325 3870 siletur
341 3814 421 3869 Bern.
438 3818 472 3868 A.
735 3832 827 3869 omnes
845 3817 922 3870 codd.
940 3815 1022 3870 nostri
1044 3824 1072 3869 et
1094 3834 1159 3887 quos
1177 3815 1258 3870 Snak.
1275 3832 1337 3869 con-

132 3887 157 3953 5.
177 3892 218 3940 ³9.
253 3885 309 3954 tis]
334 3882 378 3937 Sic
387 3901 477 3937 omnes
486 3883 569 3937 nostri
582 3892 610 3938 et
620 3883 701 3939 Snak.
736 3884 807 3950 tulit,
826 3883 891 3937 editi
909 3885 977 3938 male
989 3902 1059 3954 prae
1074 3886 1183 3954 quadie,
1202 3883 1243 3938 cui
1260 3900 1336 3954 prae-

95 3953 191 4018 codd,
219 3954 265 4007 sed
283 3961 374 4005 tamen
390 3952 461 4005 Flor.
480 3953 517 4005 Bl
535 3954 600 4018 tiis,
622 3952 702 4021 vulgo
737 3951 860 4022 positioni
890 3951 932 4007 hic
963 3970 1017 4007 non
1044 3961 1086 4006 est
1117 3952 1192 4006 locus
1218 3968 1276 4004 eam
1301 3951 1336 4005 ob

94 4021 140 4075 lia.
178 4020 245 4075 Mox
263 4023 424 4074 advenerant
441 4019 504 4074 item
521 4038 611 4075 omnes
627 4037 703 4090 prae·
738 4038 841 4074 causam
865 4023 936 4091 quod
957 4039 990 4076 ea
1007 4039 1062 4075 000
1079 4020 1149 4074 solet
1167 4021 1235 4091 apud
1252 4020 1337 4074 bonos

94 4089 222 4144 terFlor.
231 4089 285 4143 ΕΗ
303 4088 384 4141 Bern.
392 4088 426 4157 B,
444 4088 490 4159 qui
507 4089 614 4158 quidem
631 4088 702 4158 vulg.
737 4089 877 4158 scriptores
894 4089 945 4142 nisi
962 4108 1021 4146 cum
1037 4089 1176 4158 negatione
1193 4087 1265 4158 poni,
1283 4105 1337 4141 uc.

94 4168 223 4212 amaram
239 4156 366 4211 retinent.
482 4156 486 4168 '
737 4157 833 4226 gaudio
859 4157 1039 4224 lacrimamus,
1071 4158 1119 4211 sed
1142 4173 1206 4226 prae
1232 4156 1341 4227 gaudio,v

131 4225 200 4297 Cap.
218 4233 261 4293 33,
281 4228 304 4294 §-
320 4232 345 4279 3.
378 4227 587 4303 lucnappetebat.
612 4225 703 4294 Vulgo
736 4242 800 4295 prae
818 4226 917 4293 dolore,
935 4226 1010 4312 loqui
1027 4244 1081 4280 non
1097 4242 1242 4296 possumus.
1261 4224 1338 4280 Curt.

94 4296 253 4375 apparebat,
271 4294 344 4364 quod
361 4312 416 4348 non
430 4293 702 4374 mvepioaquoquam
736 4309 781 4362 111,
799 4302 831 4349 22
849 4304 917 4348 extr.
938 4300 988 4351 ulti
1012 4312 1082 4363 prae
1108 4303 1176 4348 metu
1202 4295 1339 4363 imperium

94 4369 228 4484 fflptssrp
236 4370 704 4501 udddbddff’nddedddelddlsaffirbd
737 4379 901 4499 &blumbi
914 4367 1104 4488 (111111ὸέ0111ᾱί01
1120 4449 1171 4504 pro
1194 4414 1280 4486 triduo
1296 4429 1341 4487 vel
