2926 5174
181 279 232 351 24
653 292 687 354 Q·
716 289 840 341 canan
864 290 950 341 aum

182 490 242 552 tus
255 477 452 574 Philippus,
477 476 622 547 natione
648 472 826 563 Acarnan,
852 470 945 544 fidus
971 470 1166 544 admodum
1191 471 1283 566 regi:
1310 495 1410 568 puero

184 614 304 663 eomes
339 597 375 662 et
410 595 531 659 custos
566 584 689 658 salutis
721 582 847 673 datus,
880 607 954 656 non
986 592 1028 655 ut
1052 605 1177 679 regem
1201 579 1327 670 modo,
1356 581 1413 656 sed

185 701 294 775 etiam
318 707 360 771 ut
385 697 579 785 alumnum,
605 695 736 769 eximia
761 695 908 767 caritate
935 691 1113 790 diligebat.
1161 690 1197 764 Is
1224 717 1299 764 non
1324 712 1435 788 prae-r

185 836 269 908 ceps
302 834 357 898 se,
393 805 458 880 sed
492 816 679 880 strenuum
712 804 909 878 remedium
935 805 1078 895 afferre,
1112 812 1325 898 tantamque
1349 803 1415 874 vim

185 920 302 995 morbi
345 917 491 1016 potione
529 917 706 990 medicata
743 917 946 990 levaturum
985 941 1063 989 esse
1102 914 1276 1011 promisit.
1329 913 1415 988 Nulli

185 1030 401 1129 promissum
427 1029 503 1102 eius
528 1028 694 1125 placebat
718 1037 861 1125 praeter
885 1026 1013 1124 ipsum,
1040 1026 1139 1099 cuius
1164 1027 1325 1123 periculo
1351 1028 1416 1124 pol·

186 1142 368 1215 licebatur.
406 1137 537 1215 Omnia
562 1139 692 1236 quippe
717 1138 863 1227 faeilius,
890 1163 998 1234 quam
1023 1162 1171 1227 moram,
1197 1137 1341 1235 perpeti
1364 1160 1439 1234 pot

185 1263 299 1327 teratt
331 1277 431 1325 arma
463 1259 500 1324 et
531 1250 624 1323 acies
656 1250 693 1321 in
726 1249 837 1322 oculis
871 1259 989 1339 erant,
1024 1257 1061 1321 et
1092 1248 1282 1320 victoriam
1313 1248 1351 1320 in
1381 1273 1417 1321 eo

185 1364 341 1462 positam
367 1373 463 1436 esset
488 1360 745 1450 arbitrabatur,
780 1361 978 1433 sitantum
1002 1368 1087 1432 ante
1113 1359 1216 1456 signa
1243 1368 1340 1432 stare
1365 1385 1418 1456 po·

186 1475 333 1563 tuisset,
366 1471 404 1544 id
428 1472 562 1569 ipsum,
599 1468 695 1566 quod
727 1480 810 1567 post
835 1471 930 1544 diem
955 1471 1100 1545 tertium
1125 1468 1419 1543 medicamentum

188 1593 396 1680 sumpturus
423 1590 519 1656 esset
545 1579 610 1679 (ita
642 1581 736 1654 enim
767 1580 926 1655 medicus
960 1579 1203 1679 praedixerat)
1240 1607 1349 1679 aegre
1377 1583 1417 1654 s·

187 1719 281 1767 rens.
339 1691 438 1767 Inter
468 1693 558 1767 haec
592 1717 614 1763 a
645 1691 896 1783 Parmenione,
928 1691 1100 1765 fidissimo
1135 1697 1441 1790 purpuratonnat

188 1806 326 1877 litteras
358 1792 503 1901 accipit,
537 1804 664 1900 quibus
701 1803 733 1874 ei
768 1801 1020 1893 denuntiabat,
1057 1827 1103 1876 ne
1137 1803 1293 1876 salutem
1328 1829 1418 1876 suam

188 1914 353 2014 Philippo
380 1915 634 1988 committeret:
660 1914 756 1986 mille
782 1914 925 1985 talentis
950 1913 1107 1987 aDareo
1134 1922 1171 1985 et
1197 1939 1263 2011 spe
1291 1914 1418 2012 nuptia-

188 2052 269 2099 rum
294 2027 426 2099 sororis
452 2026 528 2099 eius
554 2050 634 2099 esse
660 2034 877 2123 corruptum.
929 2023 1116 2122 Ingentem
1150 2024 1270 2098 animo
1305 2025 1441 2123 sollici-⁵

188 2136 350 2209 tudinem
374 2138 514 2211 litterae
540 2137 779 2226 incusserant,
811 2146 852 2208 et
878 2135 1045 2233 quicquid
1069 2136 1107 2206 in
1132 2144 1326 2233 utramque
1351 2160 1418 2234 par·

189 2256 264 2320 tem
298 2256 361 2318 aut
395 2256 512 2319 metus
544 2254 608 2317 aut
639 2270 721 2343 spes
754 2246 969 2337 subiecerat,
1011 2255 1148 2319 secreta
1179 2247 1417 2320 aestimatione

190 2357 374 2454 pensabat.
426 2356 550 2433 Bibere
577 2355 810 2454 perseverem?
847 2370 901 2447 ut,
934 2358 967 2430 si
990 2382 1152 2430 venerium
1177 2359 1298 2431 datum
1312 2358 1440 2460 fianta

190 2493 232 2540 ne
271 2466 432 2540 immerito
471 2467 622 2566 quidem,
661 2466 819 2566 quiequid
856 2467 1029 2559 acciderit,
1068 2467 1211 2541 amaa
1252 2466 1417 2543 uidemur?

190 2577 362 2653 Damnem
393 2577 516 2650 medici
535 2577 671 2674 Jtdern?
709 2579 745 2651 in
779 2578 985 2652 taberrmeulo
1016 2603 1092 2676 erpo
1118 2603 1170 2651 me
1196 2580 1349 2677 opprimi
1365 2604 1418 2677 pa·

191 2686 283 2760 tior?
321 2687 370 2761 At
394 2688 498 2762 satius
523 2700 571 2761 est
594 2688 700 2762 alieno
726 2713 777 2762 me
803 2689 891 2763 mori
914 2689 1041 2779 scelere,
1067 2714 1169 2787 quam
1194 2704 1285 2764 metu
1310 2704 1416 2766 nosue.

191 2871 264 2942 quod
288 2870 394 2923 videtur
419 2869 556 2924 inventum
582 2886 638 2924 esse
663 2869 692 2923 in
712 2870 793 2924 Bern.
827 2868 960 2924 insecutae
981 2873 1150 2940 dampnemne
1166 2875 1265 2927 medici
1273 2875 1370 2943 fidem!
1393 2874 1417 2924 in

191 2948 304 3009 utroque
322 2947 351 2992 et
367 2937 509 2992 Vossianis.
827 2940 994 2992 tabernaculo
1016 2957 1056 2992 me
1077 2942 1191 3011 opprimi
1232 2945 1322 2997 attari
1351 2941 1415 2994 Noa

226 3009 331 3061 natione
352 3009 481 3060 Acarnan
528 3006 641 3062 Variant
664 3008 739 3061 codd.
761 3014 793 3060 ut
827 3009 910 3075 Atqui
936 3009 1021 3060 satias
1048 3019 1086 3061 est
1112 3015 1162 3063 oet.
1245 3011 1321 3066 odius
1343 3008 1416 3063 edidit

190 3076 289 3130 solent:
320 3075 440 3129 meliores
491 3093 600 3138 raanan,
624 3075 668 3128 alii
690 3077 792 3130 Araba·
832 3078 968 3128 damnem
985 3078 1191 3145 medicifidem?
1213 3080 1243 3132 in
1262 3079 1417 3134 tabernaculo

190 3163 287 3211 nanus,
305 3146 484 3198 Athamanus
502 3145 546 3214 (ut
555 3143 618 3197 edit.
631 3147 693 3214 pn),
712 3146 793 3198 Arta·
827 3161 901 3212 erpa
919 3161 959 3196 me
976 3146 1089 3213 opprimi
1102 3148 1214 3215 patiar?
1234 3150 1272 3202 At
1289 3150 1371 3203 satius
1387 3153 1418 3198 est

191 3232 286 3276 nanus,
303 3211 454 3266 FIonGex
463 3230 529 3266 corr.
539 3214 673 3266 Acamas.
690 3213 792 3266 Verum
827 3219 892 3278 cet,
919 3228 1030 3282 eumque
1047 3213 1140 3284 reliqui
1157 3215 1242 3269 secuti
1260 3225 1331 3270 sunt.
1368 3215 1418 3268 llo·

191 3281 313 3351 estquod
330 3280 419 3333 editur
434 3280 497 3333 inde
509 3282 543 3334 ab
551 3280 632 3348 Alto,
651 3287 679 3333 et
689 3279 791 3334 Graeco
826 3279 904 3333 diana
921 3280 1051 3350 scriptura
1067 3300 1173 3352 prorsus
1196 3291 1238 3337 est
1260 3284 1288 3337 in
1305 3285 1382 3338 Bern.
1396 3283 1416 3334 Α

190 3367 241 3401 usu
259 3355 288 3400 et
303 3347 416 3418 Vergilii
432 3348 565 3420 statiique
574 3353 637 3417 (xv,
647 3351 711 3419 588)
729 3348 791 3402 locis
826 3347 897 3401 Flor.
917 3348 938 3402 C
957 3356 986 3402 et
1003 3350 1048 3418 (ut
1064 3368 1113 3430 par
1130 3358 1171 3404 est
1189 3369 1205 3404 e
1221 3352 1330 3407 silentio
1346 3349 1416 3406 Snal.

192 3416 401 3485 comprobatum.
826 3415 964 3484 coniicere)
983 3416 1010 3469 in
1023 3417 1097 3472 Lerd
1107 3419 1183 3473 Voss.
1195 3428 1219 3487 1,
1237 3420 1306 3475 item
1321 3420 1417 3474 inFlor.

227 3487 251 3552 ᾖ.
270 3490 294 3537 2.
313 3485 487 3554 pollicebatur
503 3491 593 3556 potest
610 3501 671 3539 cum
685 3483 792 3538 Radero
825 3483 918 3538 Bnisi
934 3487 1007 3556 quod
1028 3504 1088 3556 erpa
1115 3505 1168 3541 non
1195 3489 1287 3544 habet.
1323 3485 1416 3543 Re'ui

191 3550 294 3624 passive
316 3552 410 3623 aocipi,
436 3562 465 3607 et
486 3552 618 3607 sententia
643 3561 713 3613 esset
729 3571 792 3606 con-
826 3551 886 3606 libri
903 3553 1000 3624 partim
1018 3556 1277 3626 damnemne‘OElor.
1294 3557 1385 3611 DEF
1408 3559 1416 3617 l

192 3619 302 3675 cinnior.
337 3621 392 3674 Sed
407 3638 462 3676 non
484 3629 525 3676 est
548 3639 626 3692 opus,
652 3638 702 3674 neo
723 3621 792 3674 ullus
826 3621 923 3691 partim
945 3623 1011 3676 Non
1032 3626 1106 3693 atqui
1132 3624 1222 3694 (Flor.
1240 3626 1271 3679 H
1286 3626 1367 3680 Bern.
1381 3624 1417 3691 Β)

192 3688 259 3742 satis
274 3688 382 3742 idoneus
399 3697 491 3744 auctor
498 3689 640 3744 invenitur.
658 3688 792 3760 Ofiwop-
826 3697 874 3742 aut
891 3698 962 3744 certe
980 3692 1065 3761 Atque
1083 3691 1168 3757 (Flor.
1185 3694 1210 3746 E
1227 3711 1245 3747 a
1261 3712 1301 3765 pr.
1320 3714 1364 3761 m,
1379 3692 1416 3746 ad·

192 3759 267 3811 kens.
285 3757 373 3812 Lectt.
394 3757 465 3812 Tull.
481 3757 527 3813 hb.
544 3772 579 3826 11,
589 3765 620 3813 12
630 3776 657 3830 p.
667 3764 724 3813 194.
747 3758 792 3812 In·
826 3759 896 3811 iecto
914 3760 947 3812 ab
964 3759 1049 3812 altera
1067 3763 1131 3831 non)
1149 3769 1178 3814 et
1195 3761 1242 3829 G).
1274 3762 1351 3827 Quae
1367 3777 1415 3816 cum

192 3825 324 3896 telligitur
340 3824 428 3895 potius
444 3828 568 3880 medicus.
826 3825 865 3879 ita
882 3832 944 3894 sint,
962 3828 1113 3882 Modianam
1128 3828 1285 3900 seriptmam
1301 3831 1415 3902 praetem.

228 3899 252 3963 ξ.
261 3901 285 3950 3.
299 3896 415 3964 positam
433 3912 490 3948 esse
508 3894 700 3963 arbitrabatur]
718 3894 789 3949 Flor.
826 3894 948 3948 Membra
965 3905 1027 3950 sunt
1044 3914 1072 3950 se
1135 3906 1172 3963 ta,
1190 3899 1307 3952 sedcum
1315 3908 1416 3968 unoque

191 3963 216 4016 Β
236 3962 337 4017 omittit
355 3979 418 4015 esse.
827 3962 995 4034 coniungitur
1011 3915 1264 4046 quodbbnsequens
1285 3975 1340 4020 est:
1366 3980 1416 4033 eryt

228 4035 251 4099 ᾗ.
262 4037 287 4087 5.
306 4041 405 4084 sacrem
414 4031 604 4101 aestimatione]
623 4029 694 4082 Flos.
703 4047 792 4083 omnes
827 4032 861 4084 ad
878 4032 992 4085 alterum
1003 4034 1148 4087 membrum
1157 4036 1310 4088 admnotum
1391 4050 1415 4084 n·

192 4107 299 4168 praeter
317 4098 339 4153 C
358 4101 560 4165 exist-imatione·
585 4116 639 4151 non
660 4106 735 4151 muto
752 4106 794 4151 ta·
828 4100 874 4153 det
891 4101 1033 4170 particulae
1050 4112 1079 4155 ut
1095 4118 1162 4172 quae
1178 4102 1206 4154 in
1214 4103 1296 4174 priori
1304 4111 1354 4159 est.
1392 4116 1415 4152 e·

192 4183 254 4218 men
279 4166 432 4235 vulgatam,
458 4185 538 4238 quam
563 4165 644 4219 Bern.
668 4167 694 4218 A
719 4165 792 4219 Leid.
826 4168 905 4239 nique
914 4169 1020 4224 Medius
1038 4188 1115 4239 quam
1132 4181 1200 4223 metu
1216 4182 1305 4225 nostro
1323 4167 1415 4241 scripsit

192 4234 295 4288 Vossl
315 4243 432 4288 tuentur.
845 4256 875 4290 ro
891 4238 963 4308 vulg.
985 4256 1039 4291 mea
1061 4255 1076 4290 e
1098 4239 1228 4292 codicibus
1252 4241 1342 4310 quales
1363 4242 1414 4292 sunt

227 4306 251 4370 ᾗ.
270 4309 293 4355 6.
330 4305 447 4356 clamitem
464 4303 559 4356 medici
566 4303 669 4380 fidem?
699 4301 734 4354 Ia
752 4313 792 4355 ta·
826 4255 942 4359 berall
958 4306 1031 4359 Leid.
1048 4307 1123 4360 Voss.
1144 4313 1168 4372 1,
1185 4307 1341 4377 quibuscum
1353 4307 1412 4360 Flor·

190 4371 331 4424 bernacuto
350 4387 410 4440 erpo
428 4373 490 4442 cet]
519 4370 610 4424 Editio
626 4387 746 4441 pnnoeps
764 4378 793 4425 et
826 4373 1001 4446 Boonspirat
1018 4374 1244 4430 vestraexhibens.
1261 4377 1413 4448 ltaquepro-
