2926 5174
194 315 267 385 482
412 332 447 396 Q·
474 332 598 384 cunrn
620 332 709 384 nun
733 333 784 384 nn
810 331 937 385 ansus
961 258 1078 451 ⁴
1106 332 1162 401 rx,
1190 327 1237 380 ια.

191 516 298 589 tibus.
349 514 472 613 Ipsum
504 517 746 613 convivasque
778 541 904 588 currus
929 515 1107 603 vehebat,
1147 514 1300 587 crateris
1325 512 1415 584 aureis

191 625 419 721 eiusdemque
458 628 628 701 materiae
664 627 869 725 ingentibus
906 627 1046 724 poculis
1086 624 1313 723 praegravis.
1357 619 1445 693 Hora

191 736 298 809 modo
330 761 394 833 per
426 736 501 810 dies
533 750 671 836 septem
696 735 994 811 bacchabundum
1021 761 1160 832 agmen
1187 735 1345 823 incessit,
1372 757 1415 830 pa·

191 860 271 920 rata
304 847 457 944 praeda,
501 851 531 922 si
566 848 652 945 quid
686 849 791 922 victis
825 848 953 921 saltem
987 844 1175 920 adversus
1211 846 1416 919 comissantes

190 959 298 1032 animi
331 959 471 1032 firisset:
510 962 605 1032 mille
640 960 799 1050 hercule,
834 960 902 1031 viri
933 956 1111 1031 modoet
1141 957 1272 1046 sobrii,
1306 966 1416 1054 septen

192 1069 330 1142 dierum
362 1071 509 1168 crapula
538 1096 668 1168 graves
701 1071 738 1142 in
770 1096 836 1143 suo
861 1067 1046 1166 triumpho
1074 1094 1212 1167 capere
1239 1076 1416 1167 potuerunt

191 1178 263 1255 Sed
287 1182 448 1271 fortuna,
481 1206 571 1277 quae
596 1182 704 1256 rebus
731 1184 865 1255 famam
889 1182 1120 1279 pretiumque
1150 1180 1344 1265 constituit,
1365 1179 1445 1250 hoca

192 1317 332 1389 quoque
371 1292 515 1364 militiae
553 1294 726 1391 probrum
758 1294 869 1367 vertit
899 1294 937 1365 in
967 1292 1135 1390 gloriam
1192 1289 1243 1363 Et
1273 1313 1416 1389 praesens

192 1415 291 1477 aetas
317 1414 354 1476 et
379 1404 570 1500 posteritas
597 1403 725 1478 deinde
750 1405 881 1477 mirata
906 1411 976 1493 cst,
1012 1428 1080 1500 per
1112 1413 1249 1500 gentes
1282 1399 1415 1474 nondun

192 1516 278 1589 satis
305 1514 458 1586 domitas
483 1514 669 1588 incessisse
695 1516 927 1604 temulentos,
961 1513 1149 1602 barbaris,
1178 1511 1280 1610 quod
1304 1511 1415 1585 temeri-

190 1639 246 1699 tas
273 1635 360 1714 erat,
386 1624 553 1697 fiduciam
578 1650 657 1698 esse
683 1625 921 1699 credentibus.
960 1623 1068 1696 Hunc
1092 1620 1444 1721 apparatumsunt

191 1740 252 1811 fex
287 1737 519 1833 sequebatur:
560 1735 691 1834 quippe
726 1746 888 1834 satrapes
923 1734 1122 1832 Aspastes,
1167 1734 1217 1808 de
1254 1760 1324 1831 quo
1355 1742 1416 1804 aute

192 1849 424 1938 dictumest,
461 1848 611 1920 interfici
641 1848 759 1921 iussus
791 1857 856 1920 est
907 1846 1014 1919 Adeo
1043 1869 1115 1918 neo
1148 1845 1321 1918 luxuriae
1345 1843 1444 1940 quie-³⁰

192 1987 298 2060 quam
324 1958 525 2049 crudelitas,
550 1982 616 2031 uec
642 1957 844 2031 crudelitati
868 1958 1015 2030 luxuria
1040 1958 1182 2031 obstat.

226 2166 300 2231 §.n
331 2169 432 2230 paratu
444 2160 562 2229 proedo]
589 2158 710 2212 Mirorin
718 2158 792 2213 nullo
863 2161 886 2226 ξ.
901 2163 944 2212 28.
983 2161 1031 2212 loc
1053 2175 1161 2238 quoque
1190 2156 1340 2228 elegantius
1361 2170 1417 2225 quem

191 2231 281 2286 codice
298 2246 370 2296 esse,
394 2229 468 2300 quod
489 2228 517 2280 in
534 2227 654 2281 ommbus
672 2244 729 2280 esse
747 2228 792 2280 de-
826 2227 898 2296 vnlg.
915 2229 957 2282 lic
975 2243 1075 2306 quoqne
1097 2225 1165 2279 hbri
1184 2226 1275 2280 nostri
1293 2241 1373 2280 omnes
1385 2239 1418 2274 er·

191 2300 284 2365 bebst,
304 2308 403 2368 pareto
420 2315 471 2368 pro
488 2297 559 2366 vulg.
581 2306 679 2366 porto,
701 2314 792 2367 quam-
826 2295 930 2359 hibent,
956 2311 1081 2366 quocirca
1104 2294 1198 2374 magis
1221 2296 1307 2348 miror
1327 2292 1419 2348 Sueten·

191 2386 270 2439 quam
287 2368 352 2419 haec
368 2367 449 2419 verba
471 2365 534 2417 alibi
551 2364 607 2417 fere
624 2365 711 2418 solent
728 2382 744 2417 a
760 2363 792 2416 li-
825 2363 949 2434 burgium
966 2363 1044 2416 silere
1062 2363 1100 2414 de
1118 2380 1187 2416 surs.

191 2435 285 2490 brariis
319 2433 470 2504 permutari.
522 2433 607 2487 Recte
640 2434 791 2486 emendasse
861 2434 885 2501 ξ.
902 2439 944 2486 30.
985 2448 1033 2483 nec
1059 2433 1205 2501 luxuriae]
1245 2433 1330 2487 Codd.
1353 2442 1418 2484 oneo

191 2503 352 2556 Palmarium
378 2519 409 2556 ac
433 2518 494 2555 rece
513 2502 564 2554 isse
588 2501 711 2555 Modium
737 2519 791 2554 non
824 2507 932 2571 practer
948 2499 1113 2564 Vossianos‚
1142 2501 1195 2570 qui
1218 2519 1276 2555 non
1293 2513 1418 2555 comneno

190 2582 257 2643 puto
274 2572 315 2625 cui
334 2589 393 2623 uam
411 2587 467 2623 csse
503 2570 606 2635 obium,
629 2588 690 2623 nam
707 2579 791 2638 porta
824 2577 927 2636 rantur,
945 2585 986 2635 ae,
1004 2583 1055 2620 nec
1072 2574 1170 2620 tamen
1185 2569 1261 2622 ullus
1279 2565 1418 2636 deindeque

190 2641 290 2712 praeda
306 2591 496 2720 lllacedonibus
514 2648 586 2718 eretz
599 2638 650 2718 ipsi
666 2638 791 2691 Macedo·
826 2640 896 2705 dem,
919 2637 991 2708 quod
1007 2635 1119 2688 videtur
1137 2636 1264 2692 librariis
1281 2640 1418 2693 obversum

190 2726 237 2762 nes
251 2720 360 2778 parole,
379 2726 400 2761 αι
413 2725 470 2778 qurs
486 2724 518 2760 ea
549 2717 696 2760 otrneusus
714 2714 791 2758 esset.
825 2722 891 2758 esse.

190 2778 287 2832 lisdem
304 2775 391 2830 verbis
409 2795 470 2830 usus
480 2725 639 2830 ostburtius
648 2789 687 2840 1v‚
697 2781 740 2842 53,
751 2781 791 2826 11.
