2926 5174
456 295 506 346 nn
532 293 658 347 onsrrs
685 295 795 350 sarx.
822 299 899 369 vm,
919 297 942 346 1.
1247 286 1320 359 357

87 480 302 555 ›erduceret
355 480 479 579 ltaque
504 480 739 578 incomposito
761 484 901 582 agmine
923 487 1118 584 solutisque
1136 488 1319 567 ordinibus

87 592 221 665 lttinas
262 591 542 694 praedabundus
583 594 816 689 sequebatur;
867 621 973 692 quem
1017 609 1321 698 praetergressum

87 704 222 794 ilvam,
261 706 324 804 qui
349 705 386 777 in
412 730 455 778 ea
481 703 736 797 consederant,
772 733 819 780 ex
844 708 1038 806 improviso
1065 709 1201 803 adorti,
1241 739 1322 787 cum

87 816 243 890 »mnibus
271 820 539 890 interemerunt.
594 813 764 891 Celeriter
791 818 837 890 ad
865 815 1051 894 Craterum
1077 822 1182 896 huius
1209 823 1320 897 cladis

87 931 167 1002 'arna
199 930 347 1028 perlata
372 940 445 1018 est3
490 928 549 1025 qui
581 953 663 1000 cum
695 929 790 1001 omni
823 932 984 1027 equitatu
1016 936 1240 1032 supervenit:
1284 948 1322 1009 et

87 1038 305 1138 dassagetae
338 1038 481 1136 quidem
512 1040 583 1112 iam
615 1041 837 1136 refugerant,
872 1040 997 1115 Dahae
1028 1044 1123 1118 mille
1158 1049 1320 1145 oppressi

87 1161 174 1225 unt:
228 1176 385 1249 quorum
431 1151 531 1224 clade
574 1153 686 1224 totius
726 1153 880 1250 regionis
920 1153 1021 1226 finita
1060 1153 1214 1230 defectio
1253 1169 1318 1231 est.

87 1263 288 1337 llexander
320 1287 477 1358 quoque,
518 1259 704 1360 Sogdianis
735 1287 860 1335 rursus
893 1265 1066 1354 subactis,
1104 1265 1321 1341 Maracanda

87 1377 213 1475 apetit.
279 1374 335 1447 lbi
369 1373 521 1464 Berdes,
566 1399 671 1471 quem
706 1374 753 1447 ad
788 1371 941 1474 Scythas
976 1401 1084 1474 super
1118 1376 1320 1477 Bosporum

87 1488 233 1563 colentes
261 1486 419 1576 miserat,
446 1510 528 1557 oum
549 1486 675 1582 legatis
693 1487 808 1583 gentis
828 1488 989 1560 occurrit.
1031 1487 1318 1588 Phrataphernes

87 1623 226 1696 luoque,
256 1598 319 1694 qui
337 1594 551 1688 Chorasmiis
576 1606 751 1696 praeerat,
777 1595 989 1696 Massagetis
1015 1610 1053 1672 et
1068 1598 1180 1675 Dahis
1206 1604 1318 1702 regio-

87 1735 156 1783 rum
190 1709 350 1782 confinio
384 1708 587 1799 adiunctus,
626 1708 789 1799 miserat,
829 1709 889 1805 qui
927 1711 1106 1783 facturum
1144 1712 1319 1810 imperata

87 1824 340 1920 pollicerentur.
394 1817 548 1918 Scythae
573 1820 761 1916 petebant,
796 1830 838 1892 ut
862 1821 957 1918 regis
984 1821 1039 1894 sui
1065 1822 1174 1894 filiam
1199 1825 1318 1898 matri·

87 1934 192 2007 nonio
222 1932 294 2006 sibi
319 1932 500 2029 iungeret:
539 1931 569 2002 si
601 1930 853 2030 dedignaretur
885 1932 1109 2023 affinitatem,
1141 1935 1318 2033 principes

87 2043 316 2118 Macedonum
356 2069 437 2116 oum
474 2044 686 2140 primoribus
730 2068 816 2116 suae
855 2044 972 2140 gentis
1012 2045 1189 2118 connubio
1224 2046 1319 2120 coire

87 2165 279 2253 pateretur:
313 2156 432 2252 ipsum
458 2179 598 2251 quoque
624 2179 746 2253 regem
772 2163 965 2228 venturum
991 2154 1038 2229 ad
1065 2165 1146 2230 eum
1177 2158 1317 2255 pollice·

87 2265 214 2340 bantur.
271 2265 433 2363 Utraque
459 2266 636 2364 legatione
667 2265 820 2364 benigne
846 2265 984 2356 audita,
1015 2265 1319 2366 Hephaestionem
1389 2310 1393 2317 ·

87 2388 112 2450 et
127 2378 364 2452 Artabazum
391 2377 594 2475 opperiens,
634 2378 766 2450 stativa
791 2378 935 2450 habuit:
976 2379 1104 2475 quibus
1131 2380 1317 2470 adiunctis,

87 2489 110 2561 h
133 2492 333 2589 regionem,
360 2514 451 2585 quae
477 2489 677 2586 appellatur
702 2487 859 2580 Bazaira,
872 2487 1059 2587 pervenit.

175 2602 362 2675 Barbarae
384 2601 585 2698 opulentiae
607 2601 645 2673 in
668 2600 736 2673 illis
758 2601 845 2672 locis
868 2602 966 2674 haud
987 2603 1059 2675 ulla
1080 2613 1165 2675 sunt
1182 2603 1317 2676 maiora
1345 2605 1366 2676 2

87 2712 218 2806 udicia,
253 2737 362 2810 quam
388 2713 525 2808 magnis
552 2712 757 2786 nemoribus
784 2713 1003 2809 saltibusque
1029 2714 1201 2786 nobilium
1226 2716 1315 2787 fera·
1396 2722 1403 2737 ’

106 2970 129 3036 §-
146 2976 170 3020 4.
246 2969 318 3020 aeda
362 2967 492 3020 erdaceret
546 2964 680 3019 Omittunt
748 2967 771 3033 §.
782 2971 806 3019 9.
840 2964 927 3033 speum
944 2981 1043 3033 quoque
1060 2967 1156 3034 regem]
1191 2965 1273 3018 Bern.
1290 2970 1316 3019 A

87 3040 172 3090 raeda
224 3054 264 3089 or.
284 2983 360 3086 ΒΕ(ῃ
366 3041 393 3086 et
410 3034 473 3087 edit.
523 3033 627 3088 odiana.
713 3035 798 3102 msam
815 3049 900 3101 repam
917 3049 1024 3102 qaoque,
1042 3031 1225 3088 Leid.Voss.l
1244 3026 1316 3088 Flor.

104 3112 127 3173 ς.
145 3111 170 3159 5.
211 3107 257 3175 qai
275 3105 305 3156 irs
323 3120 353 3155 ea
370 3106 538 3156 consederant
578 3104 605 3154 ia
622 3119 678 3155 eam
713 3100 761 3154 AC
779 3103 864 3170 psum
879 3116 967 3169 repam
982 3117 1032 3169 quo
1049 3118 1081 3153 ue
1094 3119 1188 3170 regem,
1206 3100 1317 3157 Flor.G

87 3176 242 3228 ceciderant
264 3171 341 3224 Leid.
358 3171 429 3224 Flor.
446 3172 524 3224 ΑΕΗ
571 3188 626 3223 ern.
644 3170 678 3237 B,
712 3176 816 3223 mutato
833 3169 1011 3222 verborumo
1045 3169 1086 3222 'ne
1109 3171 1195 3224 isam
1234 3189 1316 3250 acque

87 3244 243 3296 assiderunt
260 3240 341 3293 etiam
358 3238 678 3294 Voss.1.2Flor.DFl.
714 3256 803 3307 regum
819 3254 915 3306 repam,
940 3245 1022 3308 atque
1039 3238 1077 3291 sic
1097 3188 1181 3292 edidit
1230 3240 1315 3306 odius,
1404 3252 1421 3273 ⁶

104 3314 129 3380 §-
139 3319 163 3365 6.
190 3312 278 3378 finita
297 3309 350 3377 def.
369 3311 416 3375 est]
439 3308 529 3378 Vulgo
548 3306 679 3360 omittitur
713 3316 785 3360 ratus
803 3306 836 3359 ab
855 3304 976 3359 omnibus
997 3307 1117 3360 barbaris
1134 3326 1208 3377 reyes
1226 3325 1316 3389 repam
1417 3347 1427 3357 .

87 3380 276 3434 sesecundum
294 3376 498 3431 Bern.AFlor.
517 3376 550 3442 B,
569 3376 679 3429 sedad·
713 3374 860 3446 appellatos
886 3391 955 3442 esse,
1008 3374 1034 3427 ui
1065 3374 1182 3446 pluribus
1207 3377 1316 3447 regibus

87 3449 143 3502 itur
160 3449 190 3501 in
208 3445 318 3516 reliquis
334 3462 395 3498 mss.
413 3454 441 3498 et
458 3445 521 3498 edit.
539 3445 613 3498 Mod.
713 3443 902 3515 imperitarent.
931 3443 984 3497 Sed
1017 3462 1050 3498 oc
1064 3462 1119 3498 non
1134 3444 1253 3499 novimus
1267 3445 1316 3499 nisi

103 3521 128 3586 ξ.
138 3523 163 3570 8.
184 3517 232 3585 qui
245 3515 408 3568 Chorasmiis
421 3516 558 3583 praeerat]
576 3513 679 3582 Regem
713 3513 748 3566 de
769 3512 875 3582 regibus
893 3511 1034 3566 Persarum
1058 3522 1087 3567 et
1109 3513 1155 3584 qui
1177 3515 1205 3568 in
1226 3532 1316 3568 eorum

87 3587 291 3640 llrorasmioram
308 3581 374 3637 dicit
382 3583 508 3635 Arrianus
522 3597 561 3648 ru,
574 3590 614 3648 15,
632 3583 679 3634 sed
713 3582 798 3636 locum
812 3590 990 3634 successerunt
998 3581 1165 3636 Parthorum.
1189 3582 1316 3637 Ordinem

87 3654 177 3709 omine
195 3650 392 3723 Φαρασμάνην
408 3651 534 3722 appellat,
553 3651 585 3703 af.
600 3649 679 3703 etiam
713 3650 793 3704 etiam
810 3651 951 3703 verborum
988 3649 1014 3702 ui
1032 3658 1073 3704 est
1089 3651 1117 3704 in
1135 3653 1210 3705 codd.
1223 3660 1317 3705 eontra

87 3723 161 3777 trab.
175 3735 219 3785 xr,
238 3738 265 3789 p.
281 3726 344 3786 51³,
364 3718 409 3789 qui
426 3718 592 3774 Chorasmios
610 3719 678 3772 eius·
712 3719 800 3772 facere
817 3727 948 3788 putamus.
969 3668 1069 3789 ltaque
1086 3721 1210 3773 mendum
1227 3720 1316 3790 potius

87 3807 131 3845 em
148 3788 240 3860 gentis
257 3806 288 3841 ac
304 3788 468 3858 Massagetas
484 3787 626 3857 Sacasque,
644 3788 679 3839 ad
714 3785 878 3840 librariorum
895 3786 1081 3841 existimamus.

87 3855 678 3982 tlltitttttstsltitt‘lhlll
713 3858 834 3978 adiit
850 3872 921 3977 tlt.
934 3855 1315 3994 “etlilrtttlhllt

640 3964 646 3977 ⁵
671 3961 677 3974 ¹
840 3964 847 3991 i

87 3996 291 4051 amasaeorum
311 4010 420 4060 nomen,
445 4010 505 4045 cum
521 3992 549 4046 in
565 4011 626 4045 mss.
644 3992 679 4045 sit
713 4011 767 4046 non
788 4000 882 4046 notum
903 3991 940 4046 sic
957 3993 1145 4063 expressimus,
1173 3999 1203 4043 ut
1224 3998 1266 4045 est
1287 3991 1315 4044 in

87 4066 224 4119 aichoras
239 4061 379 4129 (alacrus)
393 4063 528 4130 praeierat
546 4061 678 4131 (elprae-
713 4062 788 4115 codd.
807 4060 989 4115 LeidVossl
1010 4060 1148 4113 Bern.AB
1167 4059 1238 4113 Flor.
1252 4058 1315 4127 AG,

87 4139 138 4198 rat)
166 4137 197 4183 et
223 4129 360 4183 aVindel.
387 4130 488 4183 editum
514 4132 559 4200 qui
585 4133 677 4184 choras
712 4129 816 4184 Flor.B
835 4130 977 4193 Baizaira,
996 4128 1078 4182 ceteri
1096 4129 1207 4181 bozano.
1234 4129 1316 4199 Apud

87 4208 209 4264 raeerat,
228 4197 263 4250 ab
281 4198 349 4252 Aldo
366 4207 393 4252 et
410 4198 499 4265 lunio,
522 4197 606 4252 eiecto
623 4217 678 4253 mo·
712 4197 862 4253 Diodorum
884 4198 911 4250 in
933 4196 1020 4250 indice
1046 4195 1159 4267 capitum
1176 4195 1236 4249 libri
1251 4211 1316 4251 xvn

87 4277 140 4324 aro
158 4267 254 4333 verbo,
289 4268 317 4320 ui
329 4277 455 4336 praeerat
465 4268 627 4338 Massagetis
644 4297 679 4309 -
713 4275 754 4321 est
771 4267 920 4320 dehaere:
939 4271 1071 4338 περὶτοῦ
1090 4269 1315 4322 ἐνΒασίστοιε

87 4337 226 4400 alienoris,
249 4351 265 4386 a
312 4335 371 4389 odio
391 4335 544 4390 coniectura
565 4354 612 4390 uso
634 4338 679 4406 qui
713 4341 881 4408 κυνηγησίου
905 4340 951 4385 καὶ
973 4340 1025 4385 τοῦ
1048 4331 1177 4400 πλήθους
1199 4339 1260 4386 τῶν
1283 4339 1314 4387 δν

87 4411 202 4460 raeerat
223 4401 366 4456 Charis-
383 4406 523 4460 adiunctis.
713 4404 790 4475 αὐτῷ
807 4405 927 4476 θηρίων.
