2926 5174
497 303 546 354 aa
573 301 909 372 aperueramus,
935 299 978 354 ee.
1295 285 1367 360 265

105 509 127 556 u
235 487 387 562 Postero
422 489 478 562 die
512 513 578 561 rex
610 487 737 579 edixit,
771 512 894 560 omnes
927 489 1055 560 armati
1088 489 1234 563 coirent.
1295 488 1418 566 Sexbl

139 601 228 673 milia
253 601 328 673 fere
354 599 505 672 militum
530 608 719 688 venerant3
753 608 940 698 praeterea
965 600 1074 673 turba
1098 600 1253 674 lixarum
1280 604 1370 675 calo·

104 731 288 809 unumque
327 712 564 809 impleverant
603 711 747 808 regiam.
814 707 994 783 Philotam
1028 711 1194 808 armigeri
1229 716 1368 812 agmine

138 848 196 895 suo
223 824 413 920 tegebant,
447 849 492 897 ne
518 832 602 896 ante
629 821 785 918 conspici
811 831 935 918 posset
961 846 983 894 a
1009 823 1134 920 vulgo,
1170 849 1278 919 quam
1302 851 1369 899 rex

104 953 125 1000 25
139 936 310 1008 allocutus
342 935 471 1009 milites
488 968 491 974 ·
506 944 610 1008 esset.
663 929 718 1004 De
751 931 961 1028 capitalibus
987 934 1095 1007 rebus
1122 944 1268 1009 vetusto
1294 936 1367 1011 Ma

137 1046 308 1119 redonum
340 1045 448 1119 modo
482 1045 684 1143 inquirebat
716 1042 911 1132 exercitus,
942 1044 980 1116 in
1014 1069 1102 1144 pace
1139 1057 1217 1120 erat
1250 1051 1368 1149 vulgi3

137 1169 168 1231 et
191 1159 281 1231 nihil
306 1167 468 1256 potestas
493 1182 618 1256 regum
644 1155 804 1243 valebat,
830 1153 899 1226 nisi
924 1156 1023 1254 prius
1051 1157 1225 1231 valuisset
1250 1173 1371 1237 aucto·

136 1270 224 1342 ritas.
290 1268 405 1368 Igitur
436 1268 555 1343 Dimni
588 1269 744 1368 primum
779 1264 933 1339 cadaver
973 1267 1139 1357 infertur,
1182 1272 1371 1370 plerisque,

103 1381 213 1478 aquid
246 1390 427 1480 parasset,
459 1406 575 1478 quove
609 1404 696 1452 casu
729 1378 908 1451 extinctus
944 1388 1055 1471 esset,
1086 1380 1228 1477 ignaris.
1290 1382 1370 1458 Rex

136 1490 257 1566 deinde
295 1493 334 1564 in
373 1493 574 1567 contionem
610 1488 789 1589 procedit,
827 1489 931 1563 vultu
964 1492 1169 1589 praeferens
1209 1492 1368 1566 dolorem

138 1604 248 1676 animi.
315 1602 523 1676 Amicorum
557 1627 699 1701 quoque
733 1600 912 1674 maestitia
947 1604 1233 1701 expectationem
1272 1605 1368 1678 haud

116 1731 281 1811 lparvam
306 1716 360 1788 rei
386 1715 527 1788 fecerat.
579 1712 651 1787 Diu
686 1737 752 1786 rex
785 1711 939 1786 demisso
965 1714 1002 1785 in
1028 1724 1162 1788 terram
1187 1716 1292 1790 vultu
1318 1726 1369 1790 at·

139 1828 245 1900 lenito
278 1827 508 1925 stupentique
540 1825 661 1900 similis
694 1825 803 1898 stetit.
866 1823 1027 1898 Tandem
1060 1838 1204 1925 recepto
1237 1830 1366 1920 animo,

139 1937 390 2036 Paeneinquit,
403 1938 711 2030 milltes‚berninum
735 1936 852 2011 scelere
878 1937 968 2011 uobis
993 1951 1122 2036 ereptus
1146 1965 1242 2013 sum:
1268 1939 1368 2012 deum

134 2051 339 2148 poemata
365 2063 396 2124 et
419 2050 646 2124 masmicerdia
680 2049 764 2122 aleo.
821 2044 1082 2150 Conspecttuqae
1113 2052 1214 2125 vestrl
1237 2076 1369 2126 uenera-

139 2163 204 2238 bilis
230 2162 342 2265 eoepit,
367 2175 405 2235 at
428 2162 644 2237 ueleuunla‘ua
663 2158 854 2260 parricide
879 2160 1055 2254 irascerer,
1092 2163 1249 2263 queniam
1268 2186 1369 2262 prae·

142 2373 161 2419 1.
186 2367 326 2420 Elocutum
349 2371 439 2418 autem
460 2382 514 2418 non
531 2363 559 2417 hi
576 2364 671 2431 solum,
689 2364 735 2416 sed
770 2379 928 2434 quamquam
984 2383 999 2416 r
1029 2381 1057 2418 se
1083 2382 1136 2418 non
1162 2364 1370 2435 improbandum,

141 2451 221 2488 omnes
248 2436 370 2505 (praeter
387 2432 458 2486 Flor.
476 2433 503 2485 H
524 2433 604 2486 Bern.
621 2433 660 2500 B)
687 2449 735 2502 pro
770 2431 920 2486 coniectura
945 2380 1014 2486 libai
1041 2451 1056 2487 a
1081 2433 1173 2488 Medio
1196 2435 1307 2504 probata
1323 2451 1370 2486 ne-

140 2504 203 2572 vulg.
221 2506 334 2570 locutum
351 2501 485 2556 exhibent.
547 2524 551 2532 ‚
683 2561 686 2569 ¹
769 2509 827 2554 tum
844 2501 958 2569 videtur,
976 2510 1048 2556 certe
1065 2510 1200 2574 comparet
1216 2502 1330 2573 primum
1343 2501 1371 2556 in

170 2575 207 2627 Ca
226 2612 232 2624 .
250 2580 298 2641 32,
318 2576 341 2641 ς.
361 2578 404 2626 23.
438 2572 605 2640 impleuerant
621 2570 734 2640 replum]
770 2569 887 2624 editione
904 2570 1023 2624 Iuniana.

140 2639 184 2694 Plu
223 2657 265 2693 em
301 2640 377 2695 verbi
408 2655 544 2693 numerum
577 2639 737 2710 pendentem
805 2641 828 2706 ς.
848 2646 871 2692 1.
907 2649 1003 2709 espect.
1025 2642 1098 2693 baud
1115 2658 1227 2708 paruam
1244 2641 1292 2692 rei.
1300 2640 1369 2710 fec]

141 2726 170 2762 ex
186 2709 290 2764 nomine
316 2711 395 2763 turba
419 2707 515 2776 miror,
542 2706 656 2760 namsia
674 2705 737 2759 alibi
772 2706 817 2761 Sic
841 2707 953 2778 primum
984 2707 1048 2761 edit.
1073 2707 1199 2761 Modiana
1229 2708 1371 2761 secundum

141 2796 188 2833 non
205 2778 273 2832 solet
291 2776 410 2834 Curtius.
428 2776 502 2830 Nihil
519 2784 607 2830 tamen
625 2793 640 2829 e
658 2774 737 2828 codd.
771 2793 853 2828 unum
877 2777 934 2830 cod.
951 2776 1023 2830 Flor.
1041 2775 1068 2830 G
1086 2782 1125 2842 (et
1141 2775 1198 2828 Pal.
1217 2783 1232 2830 3
1251 2774 1371 2896 Gruter?

140 2863 184 2901 nec
204 2852 300 2901 nostris
326 2863 378 2900 nec
399 2845 509 2898 aliorum
531 2852 668 2899 enotatum
686 2851 736 2910 est,
772 2862 831 2897 cum
849 2853 927 2898 antea
944 2847 969 2898 ei
985 2844 1131 2914 legeretur,
1171 2845 1226 2896 uod
1248 2844 1275 2896 in
1294 2845 1371 2897 cod.

140 2923 164 2969 et
179 2916 261 2969 simile
283 2915 385 2986 aliquid
406 2922 448 2968 est
464 2929 508 2981 Ν,
527 2919 559 2967 55
577 2915 738 2982 Parthyaea·
772 2913 878 2982 optimis
900 2921 949 2966 est.
984 2913 1138 2967 Deteriores
1154 2862 1233 2966 baud
1249 2913 1316 2966 enim
1324 2915 1371 2982 se-

140 3003 192 3038 ram
207 3003 282 3054 qens,
300 2984 467 3038 incolentium
485 2993 570 3036 terras
588 3000 653 3052 quas
667 2999 737 3034 nunc
771 2991 842 3034 cerat
887 2999 997 3048 arvam,
1028 2981 1094 3035 nihil
1124 2979 1200 3034 aliud.
1250 2979 1372 3035 Coniecit

139 3053 229 3107 Parthi
246 3063 341 3119 tenent,
360 3053 516 3105 claudebant
534 3068 635 3120 cymen.
770 3000 965 3103 Freinshemius
988 3052 1061 3104 baud
1080 3067 1183 3119 paruae
1200 3051 1241 3102 rei
1261 3065 1318 3103 esse
1334 3049 1372 3102 le·

132 3130 135 3136 “
169 3126 193 3188 fi.
211 3128 252 3176 25.
288 3125 320 3176 de
339 3139 370 3174 ea
390 3121 495 3174 italibus
513 3121 589 3174 rebus
606 3151 641 3161 —
662 3134 736 3171 exer·
771 3119 904 3186 gendum,
924 3118 1006 3189 idque
1045 3118 1114 3172 riore
1131 3117 1196 3171 edit.
1213 3134 1371 3188 receperam.

138 3191 210 3259 citas]
246 3190 290 3246 Sic
311 3189 361 3244 Mo
382 3188 421 3241 'us
440 3188 526 3243 locum
547 3187 686 3242 constituit
703 3202 737 3238 ex
770 3187 851 3241 Nunc
879 3187 946 3240 redii
976 3188 1010 3240 ad
1027 3138 1189 3241 hlodianam
1215 3187 1373 3259 scripturam

138 3259 248 3330 optimis.
291 3259 326 3313 In
363 3257 536 3312 deterioribus
570 3256 736 3327 inquirebant
771 3256 887 3309 eiusdem
904 3255 1059 3310 sententiae.

137 3327 243 3398 legitur,
268 3335 297 3382 et
322 3325 432 3398 pluralis
457 3323 559 3379 numeri
587 3322 736 3395 explicandi
806 3327 829 3392 ξ.
847 3331 872 3378 2.
906 3327 1036 3378 bominum
1053 3328 1160 3398 scelere]
1191 3324 1288 3380 Deleri
1304 3327 1377 3399 quod

137 3413 212 3450 causa
227 3397 377 3450 addebatur
394 3393 473 3448 etiam
490 3411 563 3464 reyes
577 3402 639 3464 post
652 3394 736 3446 rebus.
771 3401 877 3464 praeter
886 3393 960 3447 Mod.
977 3393 1005 3446 iu
1022 3394 1082 3447 edd
1100 3395 1221 3449 omnibus
1238 3402 1281 3450 est
1294 3413 1376 3464 pau·

137 3464 201 3518 lnde
221 3482 289 3520 nova
311 3463 453 3518 necessitas
476 3462 612 3516 oriebatur
637 3470 669 3515 ut
690 3478 736 3513 ex·
771 3479 880 3515 eorum
897 3464 1035 3516 bominum.
1069 3466 1111 3517 Ac
1132 3465 1193 3518 vide
1215 3482 1297 3537 quam
1318 3483 1378 3520 ora-

136 3533 254 3604 pleretur
277 3534 418 3613 insequens
445 3549 553 3585 comma.
578 3530 659 3584 Vide
681 3534 737 3599 Ap-
771 3529 840 3584 toris
856 3530 906 3584 sibi
919 3531 1108 3601 respondeant;
1127 3533 1263 3590 hominum
1277 3534 1379 3588 scelere

136 3603 214 3672 pend.
247 3602 324 3656 Haec
344 3600 429 3681 igitur
449 3599 535 3654 omnia
552 3599 658 3653 Modius
676 3615 737 3652 oon·
771 3599 845 3652 vobis
868 3608 976 3680 ereptus
998 3617 1069 3668 sum,
1096 3602 1175 3656 deum
1197 3602 1379 3658 misericordia

136 3670 233 3737 stituit,
251 3673 297 3725 sed
315 3677 345 3724 et
362 3685 420 3740 1pse
437 3676 465 3724 et
482 3667 576 3738 reliqui
593 3667 737 3722 omiserunt
771 3667 843 3721 vivol
871 3667 924 3732 Qur
942 3669 1071 3738 epodosin
1087 3673 1252 3743 negligebat,
1270 3687 1378 3724 necesse

136 3739 350 3793 coniunctionem
359 3748 392 3805 et,
408 3755 486 3808 quam
494 3755 542 3792 nos
551 3755 612 3790 mss.
621 3735 737 3790 omnium
771 3737 883 3807 putabat
900 3737 997 3791 addere
1037 3756 1178 3807 aucarum,
1196 3742 1243 3793 sed
1261 3739 1377 3793 deterio-

137 3825 266 3862 consensu
282 3805 425 3862 adiecimus
443 3807 479 3876 (et
495 3807 563 3860 nibil
574 3815 629 3875 pot.
647 3821 736 3873 reyum
770 3821 812 3858 res
829 3804 889 3858 libri
906 3805 977 3860 Flor.
1024 3807 1142 3862 DEFHI
1162 3810 1244 3864 Bern.
1267 3808 1293 3862 B
1318 3809 1377 3860 deo·

136 3878 259 3946 valebat).
291 3877 362 3930 Mox
387 3876 606 3956 Dimniuprt'mum
624 3876 737 3927 cadaver
770 3891 836 3927 rum.

135 3963 183 4016 pro
212 3945 285 4016 vulg.
310 3946 426 4015 primm
445 3945 538 3998 Damni
565 3945 623 3996 ead.
665 3941 737 3993 Dcdr
805 3944 885 4012 coepit
902 3954 930 3996 at
947 3973 982 3985 -
998 3945 1139 4013 irascerer]
1172 3943 1217 3997 Sic
1234 3943 1378 3998 ediderunt

135 4014 278 4066 mundum
303 4013 369 4066 edit
395 4011 468 4065 Mod.
494 4020 523 4066 et
543 4011 645 4066 codices
662 4008 736 4063 Leid.
769 4009 869 4078 Iunius,
886 4011 1002 4079 Medius,
1020 4012 1073 4080 alii,
1091 4014 1125 4065 de
1142 4011 1301 4078 coniectura,
1320 4012 1376 4083 opi-

135 4080 213 4136 Voss.
232 4089 244 4135 l
264 4083 345 4136 Bern.
363 4081 391 4134 A
406 4080 477 4135 Flor.
494 4078 605 4134 ABCG.
771 4097 828 4146 nor,
846 4097 907 4133 nam
923 4080 985 4133 libri
1001 4080 1052 4134 mei
1069 4080 1175 4152 quidem
1192 4097 1284 4134 omnes
1298 4084 1373 4149 cepit,

169 4151 237 4221 quid
251 4151 389 4230 parasset]
424 4148 539 4204 Restitui
560 4156 678 4201 veterem
700 4146 737 4200 le·
770 4165 838 4201 unus
855 4156 883 4203 et
900 4149 968 4203 alter
985 4166 1019 4202 ex
1036 4149 1099 4202 olim
1113 4148 1213 4202 collatis
1228 4159 1308 4218 eoqet,
1326 4152 1374 4204 sed

137 4218 252 4273 aionem
264 4219 328 4272 edit.
341 4217 426 4288 princi
447 4218 467 4271 is
475 4226 504 4271 et
517 4217 639 4284 Aldinae,
658 4233 737 4287 quam
770 4217 915 4272 necessaria
950 4225 991 4271 est
1029 4216 1165 4271 correctio.
1220 4217 1373 4272 Perfectum

137 4288 247 4340 eandem
267 4287 372 4342 rodim
393 4287 513 4341 me'ores
531 4293 648 4340 tuentur.
682 4285 737 4338 De·
770 4294 873 4357 tempus
890 4303 922 4340 eo
940 4286 1066 4357 pertinet,
1085 4287 1157 4358 quod
1166 4285 1211 4339 diu
1219 4285 1372 4353 cogitabun-

137 4355 249 4409 teriores
265 4356 367 4410 habent
384 4357 449 4425 quid
460 4355 657 4425 passus,etiam
665 4355 736 4408 Flor.
764 4355 819 4415 ,dus
836 4363 949 4410 steterat
966 4371 1022 4409 rex.

139 4421 172 4477 G.
208 4423 287 4489 Quod
306 4423 389 4494 vulgo
410 4441 479 4480 nunc
501 4424 589 4479 editur
600 4433 737 4503 patrasset
804 4424 1265 4496 quoniampraeclpuuslmmoanus]
1283 4423 1372 4497 Vulgo
