2926 5174
484 338 533 388 ns
561 337 688 388 ansrrs
715 338 824 388 ssnx.
851 339 901 406 vr,
928 337 972 389 ro.
1272 319 1345 390 251

91 522 169 597 *sed
196 545 360 595 recusare
386 545 459 592 non
485 544 603 609 ausae,
629 513 781 593 Persicis
808 531 1001 594 ornaverat
1027 521 1199 594 vestibus.
1244 519 1310 598 Pel
1361 523 1400 596 li·

106 659 163 707 ces
192 655 263 706 cca
291 642 326 704 et
350 654 411 721 mr,
446 629 597 706 totidem
624 640 712 728 quot
736 630 846 704 Darei
870 633 1029 721 firerant,
1064 632 1199 729 regiam
1225 632 1347 730 imple·

104 744 203 834 bant,
230 768 318 838 quas
345 741 546 839 spadonum
569 766 708 839 greges,
735 752 772 814 et
796 741 865 840 ipsi
890 743 1077 816 muliebria
1102 743 1177 840 pati
1203 744 1347 835 assueti,

104 854 358 950 sequebantur.
602 886 605 890 ·

208 963 310 1037 Haec
344 964 433 1036 luxu
459 972 496 1036 et
522 962 717 1060 peregrinis
749 965 880 1037 infecta
911 965 1071 1038 moribus
1097 973 1239 1037 veteres
1265 963 1397 1038 Phi-21

102 1075 191 1173 lippi
217 1074 358 1165 milites,
384 1073 483 1147 rudis
510 1074 608 1151 natio
635 1073 682 1146 ad
698 1074 924 1172 uoluptates»,
944 1077 1063 1173 palam
1076 1074 1346 1167 aversabantur,

104 1187 263 1282 ttisque
298 1186 425 1258 castris
460 1209 552 1258 unus
579 1187 739 1263 omnium
765 1206 893 1258 sensus
920 1211 961 1259 aa
988 1210 1105 1258 sermo
1132 1195 1228 1275 erat,
1264 1187 1346 1283 plus

163 1298 277 1368 'sum
302 1296 468 1385 victoria,
495 1321 603 1393 quarn
628 1297 722 1369 bello
749 1321 829 1369 esse
855 1297 1065 1392 quaesitum.
1118 1293 1210 1367 Tum
1236 1298 1347 1369 maxi-

102 1435 159 1483 me
187 1409 284 1482 vinci
309 1408 418 1505 ipsos,
445 1405 597 1502 dedique
623 1407 744 1480 alienis
771 1408 930 1481 moribus
957 1419 995 1481 et
1021 1406 1197 1480 externis:
1225 1417 1347 1483 tantae

102 1544 226 1591 morae
254 1520 427 1616 pretium,
462 1518 588 1590 domos
615 1519 717 1615 quasi
742 1518 780 1591 in
806 1520 949 1616 captivo
976 1519 1101 1591 habitu
1127 1542 1346 1593 reversuros.

102 1626 247 1702 Pudere
272 1629 343 1702 iam
370 1630 435 1702 sui.
470 1628 620 1726 Regem,
648 1630 751 1703 victis
777 1655 885 1727 quam
910 1630 1105 1704 victoribus
1132 1628 1345 1721 similiorem,

104 1763 151 1811 ex
176 1737 411 1813 Macedoniae
437 1741 651 1837 imperatore
676 1741 785 1814 Darei
810 1752 979 1838 satrapen
993 1741 1149 1824 iactum.
1184 1739 1247 1813 llle
1273 1767 1347 1815 non

102 1850 250 1947 ignarus
287 1862 323 1923 et
356 1851 536 1949 principes
569 1852 763 1924 amicorum
799 1862 836 1925 et
870 1852 1067 1924 exereitum
1101 1851 1261 1947 graviter
1296 1853 1346 1923 of·

103 1960 218 2050 fendi,
268 1961 422 2058 gratiam
462 1962 675 2035 liberalitate
711 1962 887 2058 donisque
927 1985 1094 2059 reparare
1135 1962 1345 2059 temptabat.

101 2183 185 2237 ruisse
204 2186 233 2237 ti
251 2203 368 2256 namque.
405 2185 489 2254 (Nam
505 2186 589 2240 nostri
606 2187 709 2240 codices
743 2185 804 2238 libri
821 2203 881 2238 mss.
899 2195 1004 2256 praeter
1026 2186 1096 2240 Flor.
1114 2186 1165 2239 DF
1183 2186 1241 2240 Pal.
1261 2194 1293 2253 1,
1320 2186 1349 2240 in

101 2251 184 2304 Bern.
203 2253 231 2306 A
248 2252 376 2307 Flor.AB
397 2254 441 2325 qui
459 2255 567 2324 paulum
585 2256 709 2308 aberrant
745 2254 840 2324 quibus
858 2255 968 2324 vulgata
984 2255 1090 2325 legitur,
1110 2272 1177 2324 quae
1194 2254 1272 2308 unice
1284 2272 1348 2309 vera
1410 2270 1413 2276 ·

101 2320 204 2374 habent
231 2323 273 2373 tii
296 2340 356 2375 nam
375 2340 421 2388 ae,
449 2331 477 2376 et
500 2323 537 2377 sic
562 2322 637 2377 Leid.
660 2339 709 2376 nec
743 2330 791 2375 est
827 2322 933 2376 Modius
960 2334 1013 2376 tuni
1040 2342 1097 2377 carn
1124 2326 1236 2377 mamma
1253 2324 1346 2390 edidit,

99 2388 236 2460 discrepat
254 2388 334 2443 Vos‘sss
349 2341 517 2462 dariamque.)
544 2392 590 2444 An
606 2400 709 2445 veteres
744 2392 777 2443 de
794 2390 945 2446 coniectura
963 2401 1102 2464 utramque
1127 2391 1268 2446 lectionem
1285 2410 1346 2447 con·

99 2457 221 2510 editores
244 2457 398 2511 dubitarunt
420 2478 482 2512 num
503 2469 565 2529 post
585 2468 709 2513 oneretur
742 2457 860 2529 iungens.
1316 2511 1318 2516 .

100 2530 239 2646 narppae?
276 2526 447 2598 Postponitur
469 2545 532 2582 vero
569 2536 709 2599 requenter
778 2537 865 2580 tantae
889 2546 976 2582 morae
996 2531 1111 2599 pretium
1138 2532 1226 2582 domos
1248 2560 1283 2570 —
1305 2546 1347 2582 ra·

100 2612 152 2664 apu

190 2593 329 2661 Curtium,
353 2595 479 2666 imprimis
502 2596 530 2649 in
548 2596 709 2666 parenthesi·
742 2599 873 2664 versuros]
909 2597 1042 2651 Videntur
1072 2599 1137 2651 haec
1168 2595 1345 2665 integerrima,

100 2663 163 2729 bus,
182 2681 210 2715 v.
230 2680 252 2715 c.
274 2677 343 2729 vm,
362 2671 403 2717 49.
431 2679 476 2730 IX,
499 2671 536 2718 18.
573 2664 709 2734 Significat
743 2665 789 2718 sed
806 2664 901 2718 vulnus
927 2667 1017 2718 subest
1041 2664 1221 2735 gravissimum
1247 2672 1274 2717 et
1291 2682 1345 2718 me·

99 2740 199 2784 auctor
208 2731 392 2784 Alexandrum
408 2733 442 2784 ab
451 2735 578 2803 equitibus
588 2735 709 2806 ἑταίροις
743 2732 845 2786 diuinae
868 2733 889 2786 si
909 2735 981 2803 quod
999 2732 1070 2786 aliud
1092 2749 1180 2812 egens.
1219 2737 1250 2785 In
1268 2733 1346 2785 codd.

99 2798 248 2869 incepisse:
285 2800 331 2853 hos
357 2799 466 2853 militiae
493 2801 708 2855 honoratissimos
742 2800 812 2854 enim
831 2801 901 2854 Flor.
919 2800 1042 2855 ABCsic
1058 2801 1169 2871 legatur:
1189 2810 1212 2852 et
1231 2802 1345 2854 externis

98 2866 181 2921 fuisse
199 2867 301 2919 nemini
317 2885 371 2922 non
388 2870 492 2922 abunde
511 2869 647 2939 cognitum
660 2878 708 2923 est
742 2887 841 2954 quoque
860 2879 947 2922 tantae
965 2887 1035 2922 more
1053 2872 1155 2933 domos,
1179 2885 1227 2937 pro
1245 2885 1346 2937 quoque

133 2937 257 2989 Persicis
293 2947 431 2991 ornaverat
458 2939 581 3009 castitia]
622 2938 651 2992 Si
667 2939 709 2992 cui
741 2957 770 2990 1n
787 2937 858 2990 llcr.
876 2937 993 2990 DEFHI
1016 2936 1139 2990 Bern.B
1163 2942 1205 2988 est
1239 2938 1298 3002 aad,
1317 2935 1346 2989 in

97 3005 191 3076 placet
224 3003 349 3058 continuo
380 3005 497 3075 corrigat
530 3024 588 3058 cum
615 3007 708 3060 Modio
743 3005 769 3058 G
787 3023 835 3075 quo
855 3007 932 3057 dante
950 3022 1028 3070 more,
1046 3004 1073 3056 in
1091 3005 1171 3056 Bern.
1189 3005 1214 3054 A
1260 3011 1343 3056 oss.l

98 3082 273 3138 conaverat,
303 3073 402 3126 habent
438 3074 506 3126 enim
537 3075 574 3128 sic
622 3075 708 3128 lurirni
743 3091 792 3144 quo
817 3082 886 3126 tante
909 3091 992 3138 more,
1021 3090 1055 3124 ex
1082 3072 1157 3124 Leid.
1181 3089 1231 3141 quo
1258 3081 1346 3125 tantae

97 3141 238 3210 iidemque
265 3140 358 3210 optimi
383 3141 451 3195 libri.
487 3141 583 3213 Neque
600 3094 708 3196 dubium
743 3142 859 3194 affertur.
903 3141 935 3192 ln
971 3141 1091 3193 omnibus
1121 3142 1196 3193 deest
1220 3141 1344 3208 pretium,

97 3218 140 3263 est
160 3209 229 3281 quin
247 3208 318 3261 istud
336 3226 402 3262 onus
419 3209 510 3280 potius
528 3229 606 3282 quam
622 3211 708 3265 honos
742 3210 814 3281 quod
838 3208 950 3279 primum
972 3209 1000 3262 in
1024 3209 1121 3262 Aldina
1142 3207 1267 3276 accessit,
1297 3224 1346 3262 nec

96 3277 198 3331 suerit:
219 3293 311 3329 verum
328 3277 446 3348 displicet
463 3287 551 3332 tamen
564 3287 592 3332 et
600 3280 709 3360 {videtur
741 3276 834 3348 reliqui
852 3277 964 3331 editores
981 3277 1009 3330 in
1027 3285 1103 3330 tanta
1124 3276 1253 3330 varietate
1269 3276 1345 3330 Aldi-

96 3345 165 3398 mihi
190 3344 300 3416 quidem
326 3364 342 3399 a
368 3346 478 3416 simplici
500 3348 561 3402 stilo
583 3347 708 3401 hrstoriae
742 3364 803 3399 nam
820 3345 960 3400 lectionem
978 3348 1097 3399 deserere
1110 3345 1166 3399 ansi
1180 3353 1250 3413 sunt,
1269 3362 1345 3416 prae·

95 3414 188 3467 aliena
221 3429 277 3465 esse
299 3413 344 3466 illa
366 3414 460 3468 irrisio.
505 3415 597 3469 Solere
620 3425 708 3469 autem
741 3424 782 3468 ter
810 3414 945 3478 Modiam,
998 3434 1024 3467 m

95 3481 386 3548 verbaistaconfundi,
406 3483 427 3535 si
441 3483 482 3535 oui
492 3484 609 3550 dubium,
628 3486 708 3538 docet
735 3485 851 3552 pretium
861 3482 948 3549 edidit,
959 3434 1005 3536 seb
1040 3486 1132 3537 retium
1151 3484 1220 3535 unde
1239 3482 1375 3536 duxerit·

95 3550 186 3606 Drak.
206 3550 243 3601 ad
261 3549 316 3602 Liv.
332 3565 434 3615 xxxw,
447 3559 478 3604 10
496 3552 553 3605 init..
741 3570 794 3605 non
823 3551 954 3605 indicavit.
1026 3553 1132 3623 quidem
1166 3551 1344 3605 conieceram:

132 3623 159 3686 ξ.
189 3623 216 3670 8.
258 3618 367 3671 Pollicea
394 3620 468 3673 000
492 3630 516 3673 et
538 3621 602 3688 LX]
646 3620 707 3674 Hoc
741 3630 861 3673 mutato
879 3638 969 3673 more
993 3625 1082 3674 doiaos
1101 3621 1179 3692 quasi
1196 3623 1224 3673 in
1243 3622 1344 3688 captiuo

93 3692 157 3742 loco
178 3702 276 3738 omnes
300 3685 357 3740 libri
380 3705 460 3740 manu
482 3688 575 3759 scripti
601 3698 705 3741 centurn
740 3691 830 3741 tabita
847 3706 1004 3742 reversuros.

94 3756 206 3808 addunt
226 3770 351 3820 numero,
374 3772 434 3808 cum
458 3775 537 3837 supra
555 3771 602 3820 111,
624 3765 636 3809 7
656 3767 707 3809 tre·
775 3760 798 3825 ξ.
815 3764 854 3809 11.
871 3759 1069 3837 qratiam—re
1087 3761 1177 3824 arare]
1197 3756 1240 3809 sie
1253 3771 1343 3809 omnes

94 3833 191 3877 centos
222 3823 359 3890 serapiam
377 3841 506 3894 expressis
533 3824 615 3878 literis
633 3825 706 3877 exhi·
741 3824 802 3877 libri
832 3841 883 3878 mer
910 3833 937 3878 et
962 3777 1171 3894 snakenburgii,
1196 3841 1245 3876 nec
1266 3822 1343 3876 video

94 3893 192 3945 beant.
235 3888 355 3967 l'raestat
373 3894 478 3946 credere
496 3893 615 3946 Diodoro
633 3911 654 3946 a.
675 3901 705 3945 77
742 3892 806 3963 quid
826 3893 953 3964 impediat
975 3894 1113 3964 quominus
1137 3907 1263 3960 reparare
1272 3909 1344 4009 'fim-

94 3977 158 4013 eam
176 3958 337 4010 femmarum
358 3961 491 4014 cohortem
509 3962 543 4013 ad
561 3961 663 4013 dierum
679 3961 707 4014 in
741 3964 805 4014 tiam
828 3978 859 4013 ae
878 3980 911 4015 ue
934 3964 1003 4015 bene
1030 3962 1134 4015 dicatur
1163 3968 1243 4028 atque
1270 3959 1343 4022 1ud,

95 4045 171 4081 anno
191 4041 332 4078 numerum
348 4029 491 4082 referentis
742 4030 812 4099 quod
838 3981 919 4100 vrilgo
946 4031 1032 4083 editur
1063 4044 1235 4097 recuperare,
1261 4026 1342 4080 modo

132 4095 207 4164 cap.
228 4099 280 4158 21,
298 4097 320 4158 S.
339 4104 361 4147 9.
396 4099 460 4151 bello
478 4115 534 4151 ease
552 4100 705 4178 quaesitam]
742 4099 814 4168 quod
838 4114 961 4168 reparare
984 4097 1096 4167 gratiam
1114 4113 1187 4149 suam
1206 4093 1285 4164 ipsius
1303 4093 1344 4147 in-

94 4164 163 4217 Hoc
188 4160 287 4215 ordine
311 4164 450 4218 verborum
472 4166 579 4237 optimr,
613 4166 708 4236 reliqm
740 4165 840 4236 telligo,
848 4183 1002 4236 recuperare
1020 4165 1135 4218 alterius.
1161 4161 1256 4214 Gratia
1273 4163 1344 4216 enim

96 4248 157 4285 esse
177 4230 328 4298 quaesitum
345 4233 416 4299 dello,
436 4252 502 4286 unus
520 4234 591 4287 Flor.
611 4234 632 4288 0
652 4253 707 4287 essa
742 4236 933 4288 alterrusutrrus
951 4242 1006 4300 est,
1034 4249 1080 4285 rex
1104 4230 1219 4284 desierat
1242 4247 1299 4282 esse
1317 4231 1344 4285 in

96 4301 167 4352 bello
187 4297 350 4365 quaesitum,
376 4303 512 4371 vulgatum
537 4304 600 4356 bello
619 4321 706 4373 quaes.
742 4303 829 4372 gratia
851 4304 921 4372 apud
947 4301 1105 4367 exercitum,
1129 4298 1242 4368 gratiam
1269 4317 1344 4352 suam

96 4383 157 4420 asae
177 4365 208 4417 in
227 4362 303 4415 nullo
319 4384 363 4420 ms.
381 4378 428 4423 est.
741 4371 879 4438 amiserat,
907 4387 964 4423 eam
990 4385 1113 4440 reparare
1145 4367 1282 4432 studebat,
1313 4376 1345 4422 ut

135 4438 162 4500 S.
186 4438 231 4484 10·
269 4439 320 4484 tum
343 4441 462 4506 inaximo]
506 4439 570 4493 Cam
596 4441 708 4493 masinae
742 4439 810 4493 sicut
827 4447 904 4492 antea
921 4438 1007 4508 gratia
1024 4437 1156 4491 exercitus
1174 4436 1290 4503 floreret

1016 3415 1023 3427 ’
1051 3433 1114 3486 quos
1141 3425 1229 3467 tantae
1257 3432 1345 3468 morae
