2926 5174
186 295 258 371 198
656 315 690 378 o.
719 312 843 366 cusrrr
867 314 966 365 surr·

182 501 384 590 videbatur,
411 499 636 576 subiecerant
661 497 828 590 aedibus,
854 507 897 571 ut
922 523 1003 572 cum
1029 498 1102 571 suis
1126 497 1205 571 vivi
1232 521 1410 572 cremaren-

185 623 254 701 tur.
307 609 468 686 Tandem
502 613 575 686 suis
606 637 673 685 rex
705 611 914 708 corporibus
941 621 978 684 et
1003 610 1101 684 cultu
1126 608 1342 683 femmarum
1365 610 1433 682 abs

185 724 317 799 stinere
351 724 463 797 iussit.
527 722 657 821 Ingens
694 723 857 819 captivae
890 722 1061 821 pecuniae
1094 717 1228 792 modus
1263 719 1411 810 traditur,

186 859 299 935 prope
325 843 367 907 ut
391 832 499 908 fidem
525 835 686 908 excedat.
736 830 903 906 Ceterum
929 843 993 906 aut
1018 833 1063 906 de
1089 831 1167 904 aliis
1196 856 1340 929 quoque
1364 831 1433 904 dus

185 945 395 1036 bitabimus,
428 956 492 1018 aut
524 945 726 1036 credemus,
753 945 789 1016 in
820 945 925 1017 huius
960 945 1057 1017 urbis
1089 967 1180 1039 gaza
1205 943 1319 1016 fuisse
1345 965 1364 1016 c
1386 953 1413 1015 et

186 1083 241 1132 xx
265 1057 362 1130 milia
386 1056 578 1129 talentum:
606 1057 653 1129 ad
679 1082 771 1153 quae
796 1055 962 1130 vehenda
988 1056 1156 1154 (namque
1170 1052 1219 1126 ad
1233 1079 1321 1128 usus
1345 1055 1411 1129 belli

188 1193 309 1241 secum
341 1177 485 1265 portare
518 1166 741 1265 decreverat)
776 1169 935 1241 iumenta
966 1178 1003 1240 et
1034 1165 1189 1240 camelos
1217 1191 1241 1238 a
1269 1163 1364 1241 Susis
1385 1177 1412 1238 et

185 1279 370 1378 Babylone
396 1279 560 1352 contrahi
583 1280 696 1352 iussit.
735 1279 929 1354 Accessere
948 1276 995 1351 ad
1015 1279 1108 1351 hanc
1133 1277 1311 1375 pecuniae
1337 1295 1441 1350 sum-10

187 1419 293 1485 mam,
320 1390 433 1491 captis
460 1388 683 1490 Parsagadis,
710 1416 776 1464 sex
801 1391 897 1463 milia
921 1391 1106 1463 talentum.
1161 1385 1283 1495 Cyrus
1308 1388 1410 1461 Persu-

224 1555 248 1620 ξ.
275 1557 299 1604 8.
337 1551 394 1604 sais
421 1567 467 1602 rea
494 1551 645 1619 corporibus
674 1559 697 1603 et
724 1552 795 1603 cultu
863 1554 886 1618 5.
905 1558 930 1604 9.
965 1559 1011 1603 aut
1028 1547 1206 1602 dubitabimus
1224 1558 1272 1601 aut
1290 1548 1409 1613 credemus]

182 1621 347 1691 seminarum
370 1620 500 1686 abstinere
521 1619 610 1690 iussit]
647 1617 737 1672 Genus
754 1618 794 1671 di·
828 1616 1047 1689 RecepiAcidnlii
1064 1615 1280 1670 emendationem
1296 1634 1341 1687 pro
1356 1615 1409 1682 vulg.

189 1687 266 1742 cendi
275 1687 409 1742 insolitum
419 1687 462 1754 (cf.
471 1685 580 1758 interpr.
589 1687 623 1740 ad
632 1687 688 1741 Liv.
697 1702 792 1755 xxvn,
827 1687 959 1758 scriptura
984 1688 1131 1741 dubitamus
1159 1716 1197 1728 -·
1224 1687 1350 1738 credimus
1367 1701 1409 1736 ean

188 1760 288 1827 ml)
307 1757 353 1810 sed
370 1756 443 1826 quod
461 1762 554 1809 contra
571 1754 697 1809 librorum
714 1755 793 1809 fidem
828 1757 862 1810 ob
880 1773 998 1823 oausam,
1024 1754 1096 1826 quod
1118 1753 1146 1807 in
1164 1753 1276 1824 optimis
1293 1752 1359 1806 libris
1373 1750 1408 1804 ul-
1452 1798 1455 1827 ,

188 1833 292 1880 mutare
309 1842 363 1879 non
380 1823 472 1891 ausim,
490 1824 570 1877 immo
589 1825 661 1894 quod
676 1842 710 1878 ex
723 1825 793 1905 opti·
826 1832 882 1878 tem
899 1826 1072 1878 dubitavimus
1089 1821 1190 1892 legitur
1207 1840 1241 1877 ao
1262 1839 1348 1876 sensus
1362 1818 1409 1874 illud
1452 1830 1455 1879 ;

188 1893 237 1948 mis
254 1892 300 1948 lib.
317 1909 348 1961 x,
366 1899 410 1957 ts,
428 1900 445 1946 4
462 1910 532 1946 nunc
549 1892 653 1947 restitui
662 1894 791 1947 Perdicca
826 1893 902 1947 unice
919 1893 1045 1963 postulat.
1077 1891 1186 1946 Modius
1205 1893 1408 1946 dubitabimus·-

187 1965 299 2034 pueris
318 1979 394 2033 equas
408 1963 486 2015 iussit
500 1964 678 2015 coascendere.
704 1960 793 2015 Possis
826 1963 957 2015 credimus
975 1959 1065 2014 edidit.

189 2031 295 2103 quidem
317 2040 349 2085 ut
370 2031 455 2084 altero
470 2030 529 2083 loco
541 2047 640 2100 pueros
657 2031 738 2101 vulgo
755 2031 793 2083 le·
864 2031 887 2083 0
908 2041 932 2084 et
954 2031 1012 2083 XX
1034 2030 1109 2082 milio
1136 2030 1281 2151 talentum}
1322 2023 1408 2082 Conari

209 2100 271 2165 tur,
290 2099 327 2153 sic
343 2100 370 2153 h.
387 2098 405 2154 l.
427 2097 556 2168 corrigere
574 2117 649 2166 euos,
668 2107 748 2169 atque
765 2098 793 2151 id
827 2116 889 2151 cum
905 2097 1025 2152 Acidalio
1043 2099 1183 2164 talentum,
1207 2116 1262 2169 quo
1297 2097 1367 2163 vulgo
1380 2100 1408 2146 est

189 2119 289 2222 bessius
311 2166 515 2223 existimaverim
538 2184 617 2236 quam
635 2169 706 2238 quod
724 2166 793 2221 Gro-
827 2170 933 2221 talenta.
968 2165 1079 2236 Legitur
1102 2165 1211 2246 quidem
1238 2167 1290 2222 hoo
1313 2165 1339 2219 in
1357 2161 1408 2218 codi-

191 2235 284 2289 novius
306 2235 323 2287 l.
341 2234 359 2288 l.
385 2234 487 2301 voluit,
510 2244 541 2287 ut
563 2237 619 2288 suis
642 2238 792 2306 corporibus
827 2235 899 2290 cibus
925 2235 1021 2289 nostris
1048 2236 1183 2302 ommbus‚
1211 2236 1260 2289 sed
1291 2234 1317 2287 in
1340 2232 1408 2286 iisdem

191 2302 287 2358 coniuu
306 2310 397 2356 eretur
442 2301 498 2355 uasi
519 2301 609 2356 liberis
631 2321 675 2358 cor
710 2305 792 2372 ribus,
827 2321 880 2358 vox
897 2305 971 2357 milia
993 2322 1046 2357 non
1064 2302 1241 2373 exprimitur,
1270 2304 1316 2357 sed
1336 2298 1407 2354 lineds

190 2389 222 2426 ac
239 2370 294 2450 scri·
314 2379 397 2450 'retur
414 2320 549 2424 (distineri.
566 2371 636 2424 Nam
653 2322 710 2426 illdo
736 2371 794 2443 qui-
827 2372 1015 2444 superinducta
1037 2379 1161 2440 notatur,
1184 2379 1218 2425 ut
1240 2372 1317 2427 facile
1332 2364 1407 2424 librarii

190 2440 252 2492 dem
268 2438 322 2491 drcr
338 2437 434 2492 Latine
455 2456 509 2492 non
530 2439 672 2509 probavit,
699 2457 744 2508 ac,
772 2441 794 2494 si
825 2443 861 2495 ad
879 2440 1005 2512 scriptum
1022 2457 1159 2493 numerum
1182 2440 1258 2494 vocis
1281 2457 1361 2495 casum
1377 2452 1407 2489 ac·

191 2507 344 2587 probasset,
371 2506 508 2561 collocatio
534 2515 622 2561 tumen
652 2510 794 2563 verborum
828 2511 993 2564 commodare
1009 2507 1153 2580 potuerint.
1174 2508 1215 2563 cf.
1235 2511 1271 2563 ad
1288 2509 1406 2576 1v,4l,lt.

190 2594 245 2630 non
270 2575 437 2643 admitteret,
467 2574 581 2646 denique
611 2594 644 2630 ne
670 2578 794 2633 historiae
827 2578 897 2632 Nam
915 2595 974 2632 curn
990 2579 1094 2631 milibus
1112 2595 1167 2630 non
1185 2578 1311 2650 coniungi
1324 2575 1407 2644 nisigt-

191 2644 297 2766 puidam
313 2644 378 2698 fides
400 2653 564 2712 servaretur,
588 2647 711 2715 quoniam
728 2647 794 2701 Dio·
827 2646 939 2701 nitivum
960 2654 1076 2713 constat,
1120 2654 1293 2718 raeterquam
1309 2645 1407 2700 usian·

209 2731 271 2767 orus
292 2712 362 2767 viros
384 2730 475 2767 omnes
493 2713 646 2768 interfectos
664 2732 720 2769 esse
737 2725 793 2769 tra·
827 2715 921 2769 tenarii
939 2715 1039 2768 numeri
1056 2733 1110 2785 app
1121 2714 1235 2770 'cantur

192 2780 240 2835 dit.
276 2781 423 2835 Serventur
439 2781 522 2851 igitur
538 2783 604 2836 haec
621 2784 695 2854 quasi
713 2785 792 2838 docu-
862 2803 879 2837 a
898 2786 976 2837 Susis
994 2794 1018 2837 et
1034 2784 1180 2852 Babylone]
1200 2784 1248 2838 Sic
1265 2785 1342 2838 Bern.
1358 2781 1408 2835 Aet

190 2858 281 2904 menta
303 2850 368 2903 nihil
389 2868 444 2904 non
461 2851 488 2903 in
506 2853 700 2906 constructione
717 2852 793 2905 huius
827 2853 872 2906 vul
891 2871 907 2906 o
924 2852 1024 2919 editur,
1048 2853 1094 2905 sed
1117 2852 1195 2906 codd.
1212 2852 1287 2909 Flos.
1314 2849 1408 2923 plerique

190 2918 265 2971 verbi
302 2918 393 2987 licere,
440 2937 501 2972 nam
532 2919 680 2975 Priscianus
722 2930 794 2975 certe
828 2930 856 2973 et
873 2871 953 2974 bern.
975 2920 999 2973 Β
1019 2931 1042 2973 et
1063 2939 1080 2973 a
1105 2921 1183 2973 Susis
1204 2931 1234 2980 at
1257 2923 1338 2982 Bas..
1362 2931 1408 2971 unul

189 2987 257 3041 libro
274 3002 329 3040 xtv
345 3006 371 3059 p.
386 2995 450 3041 1131
462 2987 573 3043 Putsch.
593 2988 696 3043 dicendi
713 2989 795 3043 ratio·
828 2988 899 3043 Flor.
917 2990 945 3042 H
969 2998 992 3042 et
1013 3007 1030 3042 o
1049 2990 1105 3042 suis
1123 2999 1147 3041 et
1165 3007 1183 3042 a
1201 2990 1289 3057 Bab,
1315 2981 1408 3043 Flosll

189 3074 250 3110 nem
271 3058 345 3109 iubeo
367 3058 415 3110 tibi
436 3075 541 3110 currere
558 3065 587 3110 et
604 3060 677 3112 iubeo
695 3069 718 3112 te
736 3077 796 3111 cur·
829 3076 886 3111 cum
904 3076 921 3111 a
940 3059 1018 3111 Susis
1035 3075 1091 3110 cum
1109 3074 1127 3110 a
1143 3057 1303 3127 Babiloaia,
1320 3050 1408 3132 Flanb

141 3123 153 3148 ⁹
190 3142 249 3178 rere
275 3124 304 3177 in
325 3126 419 3178 eodem
436 3142 546 3179 numero
563 3125 672 3180 videtur
688 3128 794 3180 habere.
829 3144 847 3180 a
866 3128 944 3180 Susis
962 3136 986 3179 et
1007 3143 1024 3178 a
1046 3126 1194 3179 Babilloae.
1231 3126 1246 3179 I
1294 3144 1327 3180 ue
1346 3137 1409 3178 nescu

190 3193 288 3248 Editur
314 3193 395 3246 etiam
417 3195 487 3264 apud
506 3194 661 3249 Ciceronem
683 3198 717 3249 ad
734 3198 794 3250 Att.
829 3192 893 3248 nu'm
918 3210 981 3248 vere
1006 3192 1146 3247 tradiderit
1170 3135 1308 3250 Snnklddb.
1330 3195 1355 3248 in
1374 3187 1409 3245 suit

189 3276 231 3328 rx,
252 3268 326 3327 13,2
349 3263 510 3331 Quamquam
528 3266 577 3316 bae
594 3266 674 3318 mili
691 3267 794 3317 litterae
828 3281 884 3318 esse
908 3274 931 3317 et
954 3281 972 3316 a
999 3264 1077 3316 Susis
1099 3271 1123 3314 et
1144 3280 1161 3315 a
1180 3264 1268 3332 Bab,
1291 3264 1355 3318 sicut
1371 3272 1410 3312 esst

190 3330 344 3383 Dolabellae
361 3331 449 3382 iubeat
467 3333 505 3383 ad
517 3333 794 3403 pristinascoqitatio-
828 3334 908 3386 debet
933 3331 1050 3402 repetita
1075 3329 1266 3386 coniunctione
1287 3341 1315 3386 et
1335 3329 1410 3402 legitur

190 3415 236 3449 aes
254 3399 383 3450 reverti.
401 3392 455 3451 Sed
472 3397 544 3452 locus
561 3399 629 3454 Livii
646 3416 740 3469 xxvn,
761 3408 793 3455 16
827 3401 856 3455 ἰιι
873 3400 1006 3454 Modiana.

190 3465 292 3544 Fabius
327 3465 550 3544 interroganti
575 3471 705 3523 scribae
732 3472 795 3539 quid
863 3474 886 3538 ξ.
907 3476 946 3522 10.
982 3471 1066 3538 captis
1084 3469 1264 3541 Persayadis]
1301 3461 1411 3525 caucin

187 3533 249 3597 fiere
267 3550 352 3600 saquis
369 3536 442 3587 vellet
459 3538 585 3605 (inpectis
602 3540 794 3608 magnitudinis
828 3537 967 3592 scribendo
984 3538 1034 3591 hoc
1050 3536 1155 3590 nomine
1178 3537 1299 3592 variant:
1318 3538 1411 3605 integer

192 3602 231 3653 dii
248 3610 324 3680 suut,
348 3619 395 3655 suo
413 3606 519 3674 quisque
536 3607 626 3659 babitu
644 3609 672 3659 ia
689 3610 793 3660 modam
827 3606 887 3662 rimi
904 3606 988 3660 nostri
1011 3613 1039 3659 et
1057 3604 1256 3687 snakenburgii
1278 3606 1315 3661 sic
1330 3613 1360 3659 ut
1372 3597 1411 3656 edi

184 3678 363 3750 papnnutium
371 3675 498 3755 sarmati)
519 3677 579 3727 deos
597 3677 680 3729 iratos
693 3677 794 3729 Taren·
828 3684 873 3730 tur
889 3683 918 3728 et
935 3692 951 3727 a
967 3673 1044 3728 nobis
1063 3682 1091 3727 et
1112 3690 1127 3726 a
1149 3682 1262 3743 catena,
1289 3671 1411 3745 reliquie

190 3748 254 3791 tcum
278 3739 392 3808 relinqui
417 3741 496 3795 iussit
525 3741 554 3795 in
583 3743 654 3798 hunc
688 3761 795 3798 censum
827 3742 911 3798 nostri
946 3743 1034 3796 uidem
1050 3741 1344 3798 Floscnnruursa
1375 3738 1411 3801 aba

190 3824 244 3887 non
261 3804 455 3886 renim-oratio
482 3808 682 3868 ἀνακόλουθοε
707 3821 794 3867 estet
827 3813 915 3866 nullus
957 3813 1116 3881 asarpadis,
1135 3827 1205 3880 quae
1223 3812 1310 3867 forma
1327 3759 1411 3865 (dieat

190 3876 292 3929 dativus
309 3884 409 3946 positus
431 3897 479 3949 pro
496 3879 613 3933 ablativo
631 3880 760 3935 absoluto.
831 3881 937 3952 quidem
962 3879 1060 3934 usitata
1086 3886 1145 3947 est,
1172 3880 1233 3948 sed,
1260 3889 1293 3935 ut
1314 3873 1410 3934 rana

225 3945 343 4013 captivae
354 3949 485 4013 pecuniae
502 3951 603 4015 modste]
626 3949 687 4004 Hoc
704 3949 796 4004 ordine
830 3957 892 4021 apte
923 3951 1017 4016 docet,
1054 3948 1253 4018 permutatione
1286 3949 1411 4003 linaro

190 4013 272 4065 verba
297 4011 326 4065 in
349 4015 447 4068 nostris
470 4016 603 4070 codicibus
620 4018 740 4073 omnibus
757 4019 795 4072 le·
829 4027 896 4073 orta.
933 4017 1012 4082 Quod
1034 4016 1115 4088 paulo
1133 4025 1202 4137 post
1219 4015 1319 4088 legitur
1334 4017 1410 4070 Persa·

191 4088 306 4150 guntur,
333 4088 365 4134 ut
391 4100 529 4153 operarum
548 4100 664 4140 errorem
681 4087 795 4141 arbitrer
827 4090 927 4157 qudam
944 4087 1032 4140 urbem
1051 4084 1118 4149 (sive
1158 4102 1225 4139 arsa
1246 4083 1409 4139 ‚Leidlieru

193 4149 264 4217 quod
282 4147 415 4205 Snakenb.
437 4152 465 4206 in
487 4153 541 4207 suis
562 4169 590 4206 se
608 4165 701 4225 captae
712 4173 795 4226 pecu·
828 4157 855 4209 A
878 4154 950 4208 Flor.
973 4153 1100 4223 ACDFI)
1132 4170 1182 4223 pro
1243 4155 1409 4224 ersapadoatt

192 4218 254 4269 aiae
283 4215 413 4272 invenisse
438 4221 518 4276 dicat.
561 4221 643 4277 Certe
665 4227 795 4294 captivum
829 4223 929 4277 dictum
945 4231 1011 4294 puta
1028 4230 1175 4277 ceterorum
1192 4221 1330 4293 gentilium
1344 4231 1408 4272 nort·

193 4301 286 4337 aurum
312 4295 517 4360 arentemque,
544 4294 648 4359 captiua
673 4293 794 4364 monnio,
830 4311 894 4346 num
906 4308 979 4347 more
997 4308 1028 4345 ac
1043 4290 1154 4358 ratione,
1164 4307 1199 4344 ne
1207 4280 1407 4363 quiscumtrlyl·

193 4351 227 4404 al.
253 4352 324 4431 apud
375 4354 456 4410 ivium
481 4359 634 4429 frequenter
656 4360 796 4434 legum3
831 4360 886 4414 lero
912 4361 939 4414 in
961 4360 1012 4412 lex.
1039 4359 1169 4440 singulare
1195 4376 1291 4414 nomen
1315 4364 1406 4411 mourut
1435 4380 1440 4393 ·

194 4419 228 4472 cf.
246 4427 326 4472 ettam
343 4430 424 4477 nostr.
442 4439 512 4496 vm,
531 4432 574 4481 ts.
831 4429 935 4501 generis
951 4428 1013 4485 inde
1029 4428 1134 4484 effluat.
1161 4426 1218 4484 Seu
1234 4429 1323 4483 urbam
1337 4430 1406 4478 uttw
