2926 5174
427 338 476 388 nn
504 336 630 389 onsms
656 336 766 390 snnx.
792 339 851 407 rx,
881 337 920 385 ιε.
1221 325 1295 396 451

57 543 138 591 eum
165 519 290 617 coepit,
316 545 366 592 ne
391 509 639 610 committeret,
667 532 730 594 aut
756 533 851 596 certe
879 522 1038 597 differret
1056 525 1291 600 obsidionem:

10 631 150 703 avitae
178 631 253 703 eius
278 632 475 728 periculum
501 631 651 705 ostendi.
704 631 785 706 Rex
809 633 1097 732 Demophontem
1124 637 1168 735 (is
1194 663 1290 710 nam-

54 766 122 837 que
148 750 252 814 vates
279 741 371 840 erat)
398 743 558 834 intuens,
594 741 751 842 Siquis,
785 745 915 842 inquit,
948 760 977 820 te
1002 747 1069 820 orti
1092 761 1166 821 tude
1192 749 1293 822 inten-

56 865 124 925 tum
150 865 182 926 et
206 866 279 927 ertu
303 867 503 952 spectantem
527 855 576 929 sio
594 856 779 954 interpellet,
804 883 871 931 non
889 857 1041 949 dubiem,
1067 859 1149 956 quin
1173 860 1293 934 incom-

10 981 35 1029 29
52 963 172 1037 nmdus
198 989 239 1037 uc
262 966 416 1039 molestus
441 965 550 1039 videri
572 967 632 1040 tibi
648 969 766 1064 possit.
805 967 853 1039 Et
879 993 959 1040 eum
985 970 1043 1042 ille
1069 971 1122 1042 ita
1145 996 1292 1068 prorsus

49 1075 212 1147 futurum
237 1075 690 1173 respondissetdensesne,
715 1078 847 1175 inquit,
873 1091 1074 1171 tentasses,
1100 1106 1167 1154 non
1186 1107 1289 1179 pecu·

50 1187 131 1260 dum
145 1187 260 1281 fibras
273 1201 346 1261 uerte
372 1188 481 1287 oculos
493 1188 629 1277 habenti,
656 1188 760 1261 ndum
781 1214 850 1262 esse
875 1190 985 1264 nmine
1011 1191 1290 1289 impedimentum,

10 1315 34 1362 ιο
51 1322 151 1396 quem
178 1311 286 1371 ootnn
310 1298 538 1397 superstitione
564 1298 719 1397 coptum?
752 1297 827 1372 Nec
853 1300 985 1374 diutius
1013 1328 1120 1399 quam
1146 1327 1291 1399 respon·

52 1407 104 1482 dit
129 1419 303 1500 moratus,
330 1404 515 1483 admoveri
540 1410 640 1482 iubet
666 1409 791 1500 scalas,
817 1412 1139 1510 cunctantibusque
1165 1415 1291 1488 ceteris

26 1515 173 1592 'evadit
198 1521 236 1591 in
262 1545 414 1592 murum.
468 1519 633 1618 Angusta
654 1520 750 1592 'muri
777 1547 909 1595 corona
934 1534 1029 1597 erat:
1065 1550 1138 1596 non
1165 1525 1294 1623 pinnae

50 1631 143 1702 siout
169 1630 256 1703 alibi
281 1631 462 1728 fastigium
497 1633 572 1705 eius
599 1631 852 1724 distinxerant,
889 1633 953 1706 sed
984 1646 1158 1733 perpetua
1181 1637 1292 1710 lorica

10 1761 28 1805 ³1
48 1740 211 1814 obducta
237 1744 429 1817 transitum
455 1753 646 1841 saepserat
704 1741 829 1840 Itaque
864 1769 929 1817 rex
973 1746 1146 1820 haerebat
1171 1749 1294 1846 magis,

48 1878 158 1948 quam
186 1853 309 1926 stabat
333 1855 370 1926 in
388 1855 558 1952 margine,
585 1854 698 1952 chpeo
724 1854 880 1951 undique
898 1855 1091 1931 incidentia
1116 1860 1189 1932 tela
1215 1885 1295 1957 pro·

10 1982 29 2028 =2
47 1965 198 2060 pulsans
210 1991 220 2054 ;
259 1990 343 2037 nam
369 1966 501 2063 ubique
528 1967 664 2039 eminus
705 1990 751 2036 ex
783 1966 941 2039 turribus
968 1969 1167 2064 petebatur.
1220 1967 1295 2042 Nec
1400 2026 1408 2039 .

47 2076 169 2148 subire
198 2076 328 2149 milites
353 2087 536 2173 poterant,
563 2076 646 2173 quia
672 2101 825 2174 superne
852 2078 889 2150 vi
914 2080 1067 2151 telorum
1093 2081 1291 2154 obrueban-

48 2194 117 2258 tur.
175 2185 339 2259 Tandem
377 2187 660 2286 magnitudinem
695 2189 840 2285 periculi
867 2187 984 2287 pudor
1018 2191 1122 2263 vicit:
1164 2193 1295 2290 quippe

14 2298 267 2388 sternebant,
300 2299 525 2372 cunctatione
552 2325 618 2372 sua
649 2297 732 2371 dedi
763 2300 926 2373 hostibus
957 2325 1088 2398 regem.
1142 2301 1215 2378 Sed
1249 2303 1296 2376 fe-

48 2397 224 2481 stinando
264 2411 497 2482 morabantur
532 2409 673 2481 auxilia.
725 2409 818 2484 Nam
835 2402 837 2407 ¹
853 2411 939 2484 dum
974 2434 1045 2509 pro·
1077 2439 1115 2486 se
1147 2414 1296 2510 quisque

49 2531 168 2593 certat
195 2520 367 2612 evadere,
407 2546 603 2594 oneravere
638 2523 770 2612 scalas3
807 2524 884 2619 quis
923 2550 996 2597 non
1037 2525 1295 2598 sufficientibus

45 2628 214 2703 devoluti
254 2632 395 2725 unicam
435 2657 535 2729 spem
573 2631 667 2728 regis
702 2633 912 2706 fefellerunt.
971 2630 1100 2708 Stabat
1134 2636 1230 2707 enim
1260 2636 1297 2709 in

49 2752 254 2840 conspectu
293 2743 383 2815 tanti
423 2743 619 2833 exercitus,
652 2744 752 2816 velut
792 2743 829 2815 in
861 2744 1052 2817 solitudine
1088 2746 1293 2819 destitutus.

153 2853 307 2949 Iamque
332 2854 490 2945 laevam,
530 2880 601 2951 qua
633 2854 785 2951 clipeum
811 2852 858 2926 ad
891 2855 982 2928 ictus
1016 2856 1347 2948 circumferebat,19

45 2966 273 3053 lassaverat,
309 2964 543 3038 clamantibus
568 2964 705 3055 amieis,
741 2975 782 3036 ut
808 2963 855 3036 ad
886 2964 983 3061 ipsos
1010 2964 1183 3057 desiliret,
1224 2979 1293 3040 sta-

18 3226 21 3231 ·
80 3227 113 3262 ne
130 3209 350 3263 committeret—
366 3209 536 3279 ohsidionem]
570 3208 660 3262 Etiam
694 3209 758 3274 cuti,
782 3207 833 3261 hoc
849 3207 935 3262 solum
952 3209 1078 3263 exhibent
1095 3212 1298 3281 mapm'tudinem

45 3279 96 3332 hoc
112 3277 269 3331 insolenter
292 3274 389 3329 dictum
411 3279 565 3330 committere
591 3278 660 3330 odsi·
694 3279 810 3330 telorum.
835 3275 945 3331 Nescius
959 3287 1047 3332 utrum
1064 3282 1171 3333 telorum
1188 3297 1204 3332 e
1220 3298 1298 3351 supe-

47 3349 151 3400 dr'onem
171 3345 213 3399 sic
233 3351 266 3396 ut
283 3345 444 3398 committere
460 3363 590 3416 pugnam,
614 3347 660 3399 sed
693 3345 756 3399 riori
773 3362 850 3398 versu
868 3346 940 3400 forte
967 3347 1009 3401 hic
1026 3348 1169 3428 repetitum
1186 3349 1238 3417 sit,
1263 3368 1298 3404 an

46 3422 195 3470 excusatur
212 3413 398 3467 tamenfacile.
424 3414 567 3467 Monuerat
579 3413 660 3484 igitur
696 3433 712 3466 a
737 3413 844 3466 librario
870 3413 926 3468 inte
961 3418 1078 3470 retendr'
1097 3435 1188 3485 causa,
1225 3419 1298 3488 quod

45 3501 163 3555 aruspex
191 3488 226 3535 ut
249 3488 297 3532 aut
312 3499 419 3551 prorsus
442 3482 605 3536 obsidionem
626 3499 660 3536 ne
694 3482 760 3535 illud
777 3482 921 3553 periculum
951 3485 1034 3553 uerit,
1056 3487 1182 3540 additum.
1218 3489 1298 3542 Certe

44 3553 160 3618 faceret,
181 3557 234 3604 aut
253 3547 370 3603 differret
386 3551 488 3604 saltem.
694 3551 801 3604 Medius
818 3551 861 3604 vel
885 3561 948 3608 ante
966 3572 1026 3607 eum
1042 3554 1133 3609 Iunius
1150 3556 1207 3610 iure
1224 3555 1297 3610 vide-

77 3626 102 3686 §-
120 3627 166 3675 28.
204 3620 418 3687 Demophontem]
455 3619 500 3673 Sic
524 3618 585 3673 libri
611 3638 658 3674 no·
694 3628 739 3673 tur
755 3619 868 3673 eiecisse.
1297 3631 1300 3637 '

44 3688 90 3742 stri
108 3703 216 3752 omnes,
237 3702 293 3738 non
310 3688 522 3756 Demophoontem
539 3696 570 3742 ut
588 3689 658 3743 Flor.
729 3693 752 3754 S.
776 3694 817 3743 33.
868 3692 928 3742 dnm
948 3710 1002 3760 pro
1028 3710 1056 3745 se
1083 3695 1191 3762 quisque
1218 3701 1299 3746 certet

43 3757 149 3811 Heinsii
180 3763 212 3808 et
241 3753 315 3806 Leid.
348 3773 397 3809 nec
421 3758 601 3826 Demophonte
627 3767 660 3810 ut
694 3756 818 3827 Sequitur
844 3756 872 3810 in
894 3759 1002 3839 spodosi
1030 3760 1139 3830 pluralis
1166 3777 1298 3826 numerus,

44 3825 122 3880 Voss.
143 3833 169 3879 1.
208 3823 274 3876 Edd
291 3835 378 3876 autem
395 3826 598 3893 Demophoonta.
693 3825 807 3896 ideoque
825 3826 950 3881 Heinsrus
972 3827 1052 3881 etiam
1070 3827 1097 3880 in
1119 3827 1221 3897 protasi
1243 3846 1299 3881 cer·

77 3904 101 3947 te
121 3894 184 3948 arti
208 3892 282 3957 tuoe]
321 3892 422 3946 Vocula
442 3903 466 3946 te
488 3893 515 3946 in
538 3894 659 3948 omnibus
695 3903 751 3947 tunt
768 3893 883 3961 volebat,
903 3914 995 3965 parum
1013 3903 1096 3960 caute,
1115 3905 1215 3948 namet
1228 3899 1299 3965 qnis-

44 3963 142 4016 nostris
162 3969 218 4026 est,
240 3974 309 4028 quae
325 3960 405 4031 vulgo
423 3961 594 4030 desideratur,
613 3963 659 4017 sed
696 3980 744 4033 que
761 3971 789 4016 et
806 3981 903 4032 prose
927 3967 1046 4034 quisque,
1068 3963 1185 4033 quamvis
1209 3964 1299 4034 proxi-

45 4029 96 4083 iam
112 4038 157 4085 est
177 4047 195 4081 a
214 4026 351 4082 Snskenb.
367 4030 479 4085 adiecta.
510 4031 658 4086 Tomenta
694 4048 766 4084 mum
782 4032 893 4085 verbum
910 4031 937 4084 in
951 4049 1061 4085 numero
1075 4030 1201 4101 singulari
1212 4049 1299 4086 secum

47 4108 230 4168 reportantem
245 4094 322 4148 multi
339 4098 414 4150 codd.
433 4105 461 4151 et
479 4099 534 4152 fere
552 4099 657 4171 optimi;
692 4100 817 4166 habeant,
828 4100 862 4152 ad
871 4099 972 4170 reliqua
981 4100 1114 4170 cogitatae
1125 4099 1299 4155 multitudinis

47 4176 219 4235 mactantem,
239 4161 515 4235 utinecessevidetur,
533 4168 658 4222 anostris
693 4184 831 4220 numerum
853 4169 995 4237 perferunt.
1035 4167 1076 4221 cf.
1094 4170 1127 4221 ad
1144 4184 1189 4235 VI,
1213 4175 1256 4237 41,
1275 4177 1300 4224 2.

51 4236 96 4289 soli
113 4236 193 4291 Flor.
214 4229 276 4284 FG.
729 4235 795 4306 Cap.
814 4242 855 4300 19,
874 4241 899 4299 8.
919 4244 941 4290 1.
968 4239 1067 4289 mevam
1090 4268 1125 4278 -
1152 4240 1299 4293 lassaverat

77 4309 167 4371 532.
206 4300 414 4368 mopnitndinem
433 4305 555 4372 periente]
594 4304 658 4358 Mss.
694 4303 799 4374 po'e'tico
822 4310 851 4356 et
869 4303 1000 4358 Ovidiano
1020 4321 1093 4358 more
1116 4305 1179 4359 dicit
1200 4324 1250 4376 pro
1267 4324 1299 4362 eo

48 4371 134 4426 addita
153 4385 229 4424 voce
248 4368 354 4421 tetomm
365 4371 492 4439 periculi,
510 4373 563 4425 duo
580 4372 660 4426 etiam
695 4374 768 4443 quod
795 4380 849 4424 est:
871 4370 933 4428 ,iem
959 4372 1070 4442 fatigata
1083 4391 1127 4428 ·ae
1152 4374 1220 4428 lassa
1244 4377 1300 4430 eius

48 4436 115 4495 llor.
134 4438 195 4494 ΕΗ
214 4441 246 4489 et
264 4433 378 4490 Bern.B
400 4438 494 4494 omissa
510 4457 575 4496 vooe
586 4443 660 4510 pert·
695 4447 753 4493 erat
770 4439 851 4492 laeva.
886 4440 960 4495 Male
977 4443 1114 4495 taxaverat
1130 4442 1211 4497 Bern.
1229 4443 1253 4498 B
1271 4451 1299 4497 et

1074 4526 1128 4581 29*
