2926 5174
193 305 264 375 502
662 322 696 384 Q.
724 320 846 372 curru
871 321 956 373 surr

190 504 312 575 gulorum
335 502 549 556 contentionibus
572 510 598 553 et
623 499 757 553 discordiis
780 501 934 570 implerent;
961 502 1013 555 sibi
1042 517 1129 555 curae
1158 500 1220 554 fore
1242 500 1372 570 pollicitus,
1392 516 1412 556 ut

189 579 276 651 patrio
293 595 365 631 more
384 577 499 631 instituti
523 577 634 630 militiae
656 584 727 629 artes
748 579 928 631 edocerentur.
963 579 1010 631 Ita
1033 597 1120 649 supra
1146 579 1243 631 decem
1264 586 1412 632 veteranorum

190 657 262 710 milia
279 656 383 708 dimissa
401 667 475 720 sunt3
503 654 662 723 additusque
684 662 725 706 est
743 653 881 721 Craterus,
907 656 951 726 qui
975 673 1021 709 eos
1047 657 1218 721 deduceret,
1246 670 1280 706 ex
1302 654 1412 726 praecipuis

189 734 259 802 regis
277 732 372 785 amicis.
410 732 459 784 Cui
478 731 499 784 si
518 731 580 801 quid
598 731 747 784 humanitus
766 731 918 799 accidisset,
940 731 1161 802 Polyperchonti
1180 748 1277 801 parere
1292 732 1349 784 iussi
1362 740 1410 785 snut.

189 808 297 863 Litteris
319 809 400 861 etiam
422 809 456 859 ad
477 807 650 877 Antipatrum
672 807 787 878 scriptis,
814 809 941 861 bonorem
963 809 1083 861 emeritis
1111 808 1212 862 haberi
1239 808 1374 879 praecepit,
1393 816 1413 860 ut

191 885 312 956 quotiens
330 885 385 937 ludi
403 894 485 954 atque
504 882 646 936 certamina
663 885 812 950 ederentur,
830 884 858 936 in
877 885 965 954 primis
980 885 1125 938 ordinibus
1140 885 1265 939 coronati
1279 892 1412 955 spectareut;

190 971 273 1032 utque
290 964 344 1016 sato
362 962 512 1015 functorum
534 959 611 1013 liberi
628 960 777 1030 impuberes
794 960 822 1013 iu
844 969 955 1031 paterna
972 961 1110 1032 stipendia
1129 963 1315 1015 succederent
1345 961 1413 1016 cran-

189 1058 249 1093 rum
258 1039 431 1092 Macedoniae
450 1036 699 1106 continentibusque
717 1036 867 1106 regionibus
885 1055 943 1091 eum
958 1038 1072 1110 imperio
1090 1055 1222 1109 praeesse
1239 1038 1342 1109 placuit,
1356 1037 1414 1090 Anti·

190 1124 293 1186 patrum
315 1134 373 1168 cum
396 1112 578 1183 supplemento
600 1111 730 1166 iuniorum
752 1114 925 1168 Macedonum
951 1117 985 1167 ad
1011 1132 1108 1185 regem
1136 1133 1263 1186 pergere.
1296 1115 1415 1167 Verebatur

191 1192 278 1258 enim,
298 1208 330 1244 ne
348 1208 395 1262 per
412 1189 568 1243 discordiam
585 1190 715 1258 praefecti
733 1207 790 1243 cum
811 1191 967 1262 Olympiade
984 1191 1074 1261 gravis
1093 1192 1191 1262 aliqua
1208 1193 1296 1246 clades
1312 1191 1415 1261 accipere·

191 1276 243 1321 tur.
278 1269 348 1321 Nam
373 1267 469 1320 multas
491 1267 525 1318 ad
547 1264 728 1318 Alexandrum
751 1266 875 1336 epistolas
903 1277 1000 1335 mater,
1026 1268 1131 1322 multas
1154 1269 1303 1339 Antipater
1324 1268 1414 1331 miserat,

190 1344 355 1414 vicissimque
377 1344 446 1396 alter
468 1342 578 1395 alterum
601 1354 758 1412 arroganter
779 1351 807 1395 et
834 1345 928 1397 acerbe
954 1344 1086 1414 pleraque
1110 1345 1201 1398 facere
1228 1343 1414 1407 criminabantur,

190 1436 258 1492 quae
277 1422 311 1472 ad
330 1421 442 1474 dedecus
460 1426 507 1472 aut
525 1418 710 1472 detrimentum
728 1419 816 1489 regiae
833 1419 977 1473 maiestatis
994 1421 1177 1492 pertinerent.
1214 1421 1356 1491 Postquam
1364 1417 1415 1471 euin

190 1515 279 1551 rumor
306 1497 382 1550 occisi
410 1496 479 1566 regis
499 1503 598 1548 temere
620 1495 744 1565 vulgatus
772 1495 800 1548 in
821 1496 1005 1550 Macedoniam
1031 1499 1249 1566 penetravisset,
1276 1505 1354 1550 mater
1376 1495 1415 1547 eius

191 1591 318 1644 sororque
341 1574 485 1644 Cleopatra
510 1572 685 1625 tumultuatae
712 1573 830 1639 fuerant,
863 1580 891 1625 et
916 1574 979 1626 haec
1005 1573 1115 1644 quidem
1148 1583 1295 1646 paternum
1319 1589 1415 1642 reguum,

192 1650 328 1720 Olympias
345 1652 457 1722 Epirum
473 1649 614 1702 invaserat.
649 1648 730 1701 Forte
753 1650 815 1701 dum
837 1648 963 1703 eiusmodi
985 1649 1095 1702 litterae
1121 1653 1293 1718 redduntur,
1318 1650 1416 1720 Hephae

191 1726 270 1791 stion,
289 1737 406 1781 assuetus
425 1726 540 1780 omnium
557 1742 711 1779 areanorum
728 1743 756 1778 se
773 1725 926 1795 participem
943 1726 1043 1793 heberi,
1061 1727 1219 1798 resignatas
1238 1729 1273 1782 ab
1286 1726 1415 1782 Alexandro

191 1803 268 1857 simul
292 1803 458 1874 inspiciebat.
494 1803 588 1872 Neque
612 1802 697 1854 vetuit
725 1818 785 1855 eum
812 1819 875 1866 res,
902 1804 947 1855 sed
973 1802 1126 1857 detractum
1151 1805 1243 1877 digito
1272 1804 1370 1858 anulum
1389 1799 1416 1855 ori

191 1880 303 1950 legentis
320 1880 451 1946 admovit,
470 1878 534 1931 nihil
552 1895 656 1946 corum,
674 1896 740 1950 quae
757 1878 906 1949 perscripta
923 1885 1024 1945 essent,
1043 1878 1072 1932 in
1090 1880 1158 1936 alios
1177 1883 1343 1936 efferendum
1357 1877 1416 1949 sigui·

190 1958 278 2010 ficans.
313 1958 448 2012 Incusasse
466 1964 554 2009 autem
571 1956 661 2008 ambos
679 1955 770 2022 fertur,
789 1962 817 2007 et
834 1956 925 2008 matris
942 1955 1082 2009 insolentia
1099 1968 1260 2028 permotum
1274 1958 1416 2020 exclamasse,

191 2049 248 2086 eam
269 2052 318 2104 pro
336 2034 501 2088 habitatione
525 2033 616 2084 decem
637 2029 777 2098 mensium,
806 2049 884 2101 quam
907 2032 934 2084 in
955 2040 1031 2085 utero
1053 2032 1102 2086 sibi
1125 2035 1312 2105 praebuisset,
1334 2048 1417 2105 grauun

190 2111 339 2163 mercedem
356 2112 474 2182 exigere:
500 2108 673 2179 Antipatrum
690 2125 754 2161 vero
771 2115 920 2178 suspectiun
937 2108 1072 2173 habuisse,
1101 2111 1182 2180 quasi
1205 2119 1287 2183 parta
1310 2127 1341 2164 ex
1356 2109 1416 2180 Spar-

191 2187 260 2240 tanis
277 2186 390 2241 victoria
411 2187 548 2241 tollentem
571 2184 684 2252 animos,
710 2193 737 2236 et
759 2184 867 2255 imperio
889 2193 930 2238 tot
951 2185 1003 2238 iam
1024 2184 1052 2238 in
1076 2204 1162 2241 annos
1189 2196 1339 2260 prorogato
1358 2199 1416 2256 supn

191 2264 319 2334 praefecti
336 2265 444 2318 modum
461 2263 566 2315 elatum.
601 2262 695 2332 Itaque
714 2279 773 2314 cum
790 2261 844 2314 eius
862 2261 977 2331 gravitas
995 2269 1076 2332 atque
1094 2264 1243 2334 integritas
1261 2263 1416 2335 aquibusdan

191 2339 396 2410 praedicaretur,
415 2339 534 2406 subiecit,
554 2339 668 2392 exterius
685 2338 792 2409 quidem
801 2338 888 2391 album
898 2339 988 2407 videri,
1007 2345 1052 2392 sed
1067 2339 1090 2392 si
1102 2341 1217 2410 penitus
1235 2339 1416 2412 introspiciatur,

191 2424 278 2467 totum
300 2431 356 2468 esse
379 2434 547 2488 purpureum.
582 2415 682 2469 Pressit
704 2423 791 2468 tamen
814 2414 986 2485 suspicionem
1009 2433 1096 2484 suam,
1126 2435 1218 2489 neque
1248 2418 1331 2471 ullum
1354 2413 1416 2470 maui-

192 2490 284 2543 festius
311 2491 454 2546 abalienati
480 2493 559 2546 animi
587 2492 711 2546 indicium
737 2491 870 2561 praetulit.
910 2491 1053 2546 Credidere
1076 2501 1169 2547 tamen
1193 2495 1335 2566 plerique,
1358 2489 1416 2546 Anti·

192 2576 311 2638 patrum,
339 2570 440 2623 evocari
459 2586 487 2623 se
504 2570 624 2641 supplicii
642 2586 720 2623 causa
737 2577 837 2633 ratmn,
863 2566 950 2638 impiis
970 2568 1214 2625 machinationibus
1233 2572 1324 2643 regiae
1339 2567 1415 2633 mortis,

193 2660 259 2715 quae
277 2645 356 2715 paulo
375 2655 436 2717 post
453 2655 542 2700 secuta
559 2654 609 2713 est,
628 2654 762 2700 auctorem
779 2644 906 2698 extitisse.

261 2721 367 2775 Interea
384 2741 447 2790 rex,
474 2732 504 2775 ut
527 2722 657 2775 imminuti
675 2723 804 2775 exercitus
826 2721 985 2776 detrimenta
1001 2720 1126 2788 sarciret,
1155 2724 1293 2793 optimum
1314 2737 1416 2796 quemque

192 2796 332 2850 Persarum
350 2799 377 2852 in
388 2800 571 2854 Macedonicos
589 2800 693 2854 ordines
711 2797 814 2869 allegit:
840 2797 911 2850 mille
928 2799 1007 2852 etiam
1024 2799 1278 2868 praestantissimos
1295 2797 1417 2872 segregarit

192 2875 227 2926 ad
244 2874 392 2946 propiorem
409 2877 449 2929 sui
468 2876 583 2946 corporis
602 2876 762 2929 custodiam:
785 2875 862 2928 aliam
880 2875 1045 2929 hastatorum
1062 2892 1188 2943 manum,
1216 2878 1291 2930 haud
1308 2875 1416 2949 pauciore

192 2951 282 3004 decem
299 2952 417 3019 milibus,
446 2953 514 3006 circa
535 2954 636 3024 regium
658 2951 855 3006 tabernaculum
879 2952 1001 3005 excubias
1024 2966 1102 3020 agere
1127 2951 1216 3006 iussit.
1256 2955 1330 3008 Haec
1349 2948 1417 3022 agenti

192 3025 334 3082 Peucestes
358 3029 509 3099 supervenit
531 3048 589 3083 cum
607 3029 702 3099 viginti
720 3027 917 3100 sagittariorum
934 3026 1153 3098 funditorumque
1170 3030 1297 3098 milibus,
1323 3046 1381 3101 quos
1394 3042 1416 3079 er

192 3121 240 3156 sua
262 3106 397 3175 provincia
419 3112 550 3175 coegerat.
585 3106 635 3159 His
657 3124 706 3176 per
726 3105 871 3160 exercitum
892 3103 1052 3171 distributis,
1076 3105 1221 3174 profectus
1245 3116 1289 3161 est
1305 3105 1382 3170 Susis,
1398 3107 1417 3154 tl

191 3180 318 3250 Pasitigri
336 3199 413 3235 amne
432 3182 600 3248 transmisso,
624 3185 694 3252 apud
713 3183 794 3237 Caras
818 3189 902 3234 castra
924 3190 1038 3234 metatus
1061 3189 1115 3233 est:
1144 3182 1210 3236 inde
1231 3183 1367 3254 quatriduo
1384 3193 1417 3250 ptr

194 3256 348 3310 Sittacenen
366 3259 450 3312 ductis
468 3258 549 3329 copiis
568 3258 700 3312 Sambana
716 3258 854 3330 processit,
877 3258 923 3310 ubi
940 3275 988 3329 per
1005 3265 1108 3327 septem
1128 3259 1186 3312 dies
1207 3259 1330 3330 quietum
1345 3270 1417 3328 agmen

194 3331 288 3385 tenuit.
325 3334 419 3386 Tridui
447 3334 541 3387 deinde
567 3335 662 3388 itinere
686 3353 791 3389 emenso
816 3334 928 3389 Celonas
955 3342 1112 3404 perventum
1140 3345 1192 3388 est.
1233 3335 1365 3406 Oppidum
1382 3333 1417 3384 hot

194 3416 288 3461 tenent
305 3409 415 3463 Boeotia
432 3411 552 3481 profecti,
572 3430 638 3482 quos
655 3413 761 3465 Xerxes
780 3411 883 3465 sedibus
901 3410 953 3463 suis
972 3411 1071 3463 excitos
1088 3411 1116 3464 in
1128 3412 1276 3465 Orientem
1295 3406 1417 3464 transtulit:

194 3486 388 3556 servabantque
406 3495 588 3556 argumentum
606 3487 713 3558 originis
736 3486 861 3560 peculiari
883 3503 1015 3550 sermone,
1038 3504 1072 3539 ex
1090 3486 1204 3542 Graecis
1224 3489 1372 3561 plerumque
1385 3499 1418 3535 vt

195 3559 269 3615 cibus
288 3571 437 3616 constante:
455 3573 570 3618 ceterum
589 3567 623 3619 ob
641 3565 854 3619 commerciorum
871 3563 1052 3616 necessitatem
1069 3562 1253 3618 finitimorum
1271 3565 1418 3620 barbarorum

194 3637 284 3708 lingua
301 3640 451 3694 utebantur.
487 3641 554 3694 Inde
571 3640 734 3712 Bagistanen
752 3642 883 3711 ingressus
901 3648 957 3706 est,
979 3637 1115 3708 regionem
1134 3639 1299 3710 opulentam
1315 3648 1343 3694 et
1356 3639 1418 3692 abuu·

194 3716 305 3768 dantem
322 3717 446 3770 arborum
465 3735 576 3772 amoeno
596 3726 623 3772 et
638 3720 756 3775 fecundo
774 3719 857 3782 foetu,
876 3715 1020 3785 ceterisque
1037 3715 1072 3766 ad
1089 3714 1162 3768 vitae
1179 3734 1242 3770 non
1261 3736 1336 3772 usum
1350 3713 1419 3774 mode

193 3808 284 3844 verum
306 3793 386 3846 etiam
413 3794 614 3848 delectationem
634 3795 838 3865 pertinentibus.
874 3791 969 3846 Gravis
990 3791 1058 3844 inter
1079 3792 1147 3845 haec
1164 3793 1288 3847 Eumeni
1309 3789 1419 3848 annulle·

193 3869 350 3941 phaestione
369 3869 488 3923 simultas
505 3869 643 3929 inciderat.
677 3870 748 3923 Nam
769 3887 858 3924 servos
875 3868 998 3922 Eumenis
1015 3866 1175 3934 diversorio,
1208 3870 1288 3939 quod
1310 3885 1356 3938 pro
1371 3866 1420 3918 hert

194 3962 241 3998 suo
268 3953 473 4016 antecaperant,
504 3945 667 4017 Hephaestio
697 3946 883 4016 proturbavit,
921 3956 951 3999 ut
975 3943 1054 3998 Euius
1078 3941 1183 3996 tibicen
1212 3960 1249 3997 eo
1275 3943 1421 4013 reciperetur·

194 4019 290 4090 Neque
308 4023 392 4075 multo
415 4030 492 4092 post,
521 4040 579 4076 cum
602 4023 655 4076 iam
676 4023 761 4092 sopita
783 4024 844 4076 odia
864 4024 1025 4084 viderentur,
1051 4033 1122 4068 nova
1143 4027 1251 4072 exorta
1273 4015 1422 4072 contendant

194 4096 260 4148 adeo
277 4100 481 4165 recruduerant,
508 4107 539 4153 ut
560 4100 640 4153 etiam
662 4099 690 4151 in
708 4108 788 4153 atrox
806 4100 918 4172 iurgium
935 4108 962 4152 et
979 4093 1068 4151 acerba
1085 4092 1222 4163 utrinque
1243 4093 1359 4149 convicia
1376 4105 1424 4160 pro·

193 4183 355 4241 rumperent.
394 4175 449 4230 Sed
467 4175 612 4230 Alexandri
630 4176 782 4229 interventu
800 4176 961 4249 imperioque
981 4167 1130 4227 inimicitiae
1152 4168 1262 4224 saltem
1285 4172 1315 4224 in
1335 4165 1426 4238 statim

194 4245 309 4302 abolitae
327 4260 402 4305 sunt:
419 4271 479 4308 cum
497 4253 541 4306 ille
559 4253 665 4325 quidem
680 4253 871 4322 Hephaestioni
889 4253 967 4306 etiam
983 4247 1091 4302 minatus
1109 4252 1197 4311 esset,
1217 4245 1270 4317 qui
1288 4246 1318 4299 in
1333 4245 1427 4323 flagras

193 4320 295 4406 tissima
311 4328 381 4398 regis
400 4330 487 4399 gratia
504 4331 614 4401 positus,
633 4346 791 4401 quamquam
809 4330 931 4401 cupidum
947 4318 1163 4381 reconciliationis
1183 4321 1350 4387 Eumenem,
1365 4322 1429 4387 per*

194 4411 284 4450 naeuus
302 4407 481 4459 aversabatur.
