2926 5174
195 297 269 368 496
666 317 700 379 Q.
728 315 853 368 cunm
877 315 961 368 num

195 500 284 600 qaod
308 524 419 573 omnes
443 499 559 574 avertit
584 525 606 573 a
631 527 693 573 nte.
749 496 891 582 Qaando
922 498 1011 572 enirn
1042 521 1159 596 repens
1184 495 1357 571 universas
1377 497 1415 570 de·

194 611 297 684 serait
321 609 504 684 enercitas?
538 610 596 685 Ne
621 609 710 683 scroi
735 610 869 708 qnidam
894 635 958 684 nno
981 633 1084 708 prope
1105 607 1317 710 affiniora
1337 606 1414 681 ant-

195 745 269 813 nos,
309 722 370 795 sed
400 735 448 796 est
478 722 617 821 qnidam
649 723 685 794 in
715 720 781 793 illis
807 722 924 820 pudor
949 747 972 794 a
997 718 1116 795 ceteris=
1151 719 1321 793 destitutos
1342 719 1414 791 relin-

103 888 106 893 «
196 833 327 932 qaendi.
389 832 516 908 Veram
541 857 598 931 epo
624 847 691 905 tant
706 831 863 933 fastosae
888 831 1166 906 consumationis
1192 831 1318 922 oblitas,
1339 847 1443 903 rone-21

197 936 256 1009 dia
282 936 519 1010 insanabilibus
545 960 644 1011 conor
669 933 832 1009 adbibere.
885 933 1024 1009 Omnem
1051 934 1187 1008 mrcale
1213 959 1317 1031 spent,
1339 958 1415 1032 noro

196 1072 237 1121 en
262 1047 352 1121 nobis
377 1072 604 1146 conceperam,
637 1049 774 1138 damno,
807 1071 867 1120 nec
891 1060 928 1120 at
951 1072 1027 1121 cam
1054 1045 1221 1120 militibus
1247 1045 1340 1136 meis,
1365 1044 1415 1117 nan

149 1224 153 1238 .
197 1159 285 1232 enim
310 1183 380 1232 esse
405 1159 550 1250 desistis,
583 1160 644 1233 sed
674 1172 709 1232 at
740 1182 816 1231 cam
846 1156 1085 1256 inpratissirnis
1119 1156 1237 1255 operis
1270 1180 1357 1256 apere
1378 1155 1415 1228 de·

196 1269 293 1344 nevi.
347 1267 512 1344 Secundis
536 1271 647 1362 rebns,
682 1294 766 1370 qaae
792 1268 1022 1366 circumfluant
1047 1292 1124 1358 oos,
1162 1266 1313 1342 insanire
1336 1267 1442 1365 coepi-²¹

196 1383 265 1471 stis,
291 1380 379 1455 obliti
403 1393 506 1455 statas
532 1382 612 1471 eins,
638 1405 734 1480 qmrn
751 1378 901 1475 beneficio
917 1379 1055 1452 orantes
1072 1403 1160 1470 meo,
1188 1379 1288 1478 dipni
1307 1377 1414 1467 banda

197 1492 256 1592 qai
279 1492 316 1564 in
341 1492 453 1567 eodan
474 1491 717 1582 consenescatis,
744 1489 901 1590 quonian
915 1490 1059 1591 facilins
1077 1503 1127 1564 est
1145 1491 1241 1565 vobis
1259 1493 1415 1578 adversam,

198 1629 299 1703 qnam
315 1603 494 1677 secandam
511 1627 622 1700 repere
637 1605 824 1702 fortunam,
858 1598 915 1673 Ito
931 1600 1089 1674 tandein!
1124 1599 1326 1700 Illyriorum
1334 1599 1442 1700 pasta

197 1726 271 1786 ante
297 1725 326 1786 et
346 1713 528 1788 Persarum
554 1713 734 1786 tributariis
760 1711 849 1785 Asia
874 1724 904 1783 et
928 1725 971 1784 tot
991 1713 1147 1810 pontiani
1175 1714 1288 1811 spolia
1302 1711 1415 1815 fastidio

195 1837 280 1901 sant.
333 1825 437 1898 Modo
461 1825 521 1898 sedo
547 1823 705 1923 Philippo
735 1822 917 1897 seminudis
942 1824 1091 1896 animala
1118 1849 1163 1897 ea
1189 1850 1349 1924 pnrpnra
1368 1847 1416 1896 sor·

198 1938 282 2027 dent,
309 1962 431 2008 anrnnt
458 1947 488 2008 et
511 1949 684 2033 arpentum
709 1935 796 2009 ooali
809 1937 906 2035 ferre
930 1959 997 2008 non
1016 1949 1186 2032 possunt.-
1224 1936 1331 2036 lipneo
1352 1933 1416 2007 enin

198 2075 282 2124 nasa
313 2048 517 2137 desiderant,
555 2060 585 2119 et
609 2072 650 2120 en
675 2046 818 2121 cratibros
842 2057 934 2117 scata
959 2045 1220 2146 rnbipinensqne
1242 2047 1414 2147 patina
1457 2072 1459 2129 ς

197 2160 273 2235 Ηοο
297 2160 384 2234 cala
409 2159 544 2232 nitentes
569 2183 627 2232 vos
652 2156 780 2254 accepi,
806 2169 836 2229 et
861 2159 1038 2256 qninpenta
1064 2157 1193 2231 talama
1220 2159 1311 2233 aeris
1333 2153 1441 2244 alsait

198 2297 273 2345 cant
299 2270 404 2344 omnis
430 2271 524 2368 nepio
549 2268 694 2367 supellec
724 2267 818 2340 baad
841 2267 987 2366 amplias
1012 2294 1117 2367 qaam
1145 2269 1324 2370 senapinta
1345 2266 1416 2340 tden

198 2395 305 2456 toran
330 2393 425 2471 esset,
455 2406 604 2454 rneornrn
630 2405 766 2479 operans
787 2381 1023 2480 fundamenta.
1051 2477 1054 2482 Ι
1081 2377 1218 2462 Qaibns
1245 2395 1350 2455 tonan
1370 2376 1416 2476 (ab

233 2577 303 2638 §.tlt
339 2572 452 2625 desernit
470 2574 605 2641 exereitus]
641 2572 701 2625 Hoc
718 2571 799 2626 verba
832 2588 910 2641 apere
927 2572 1042 2637 decrevi,
1068 2572 1144 2642 quod
1163 2572 1205 2626 sic
1225 2573 1331 2645 quidem
1345 2568 1416 2640 legitur

198 2640 290 2694 ordine
317 2640 479 2693 collocantur
504 2640 532 2692 in
559 2641 635 2693 codd.
662 2640 743 2694 Snek.
770 2649 799 2693 et
831 2639 860 2692 in
876 2638 948 2692 nullo
967 2639 1073 2707 codice,
1098 2641 1148 2693 sed
1174 2639 1416 2712 proximassent

198 2708 262 2761 meis
280 2709 412 2776 omnibus,
437 2707 486 2760 nisi
506 2709 581 2778 quod
597 2709 668 2762 Flor.
677 2709 718 2761 DI
737 2711 798 2762 reli·
832 2708 905 2761 Flor.
917 2707 970 2760 BG
993 2711 1042 2761 sed
1062 2718 1092 2761 at
1115 2727 1179 2762 cnm
1202 2710 1416 2781 ingratissimisd

198 2780 253 2847 quit
271 2780 397 2830 exercitas
416 2777 550 2830 exhibent.
832 2786 930 2898 pportet
947 2793 1026 2846 apere
1044 2779 1164 2845 decrevi,
1188 2779 1265 2833 Flor.
1276 2778 1345 2833 CEH
1359 2777 1416 2830 sen

233 2856 270 2899 est
292 2848 397 2917 qnidam
418 2848 446 2898 in
469 2847 523 2899 illis
542 2847 644 2965 pudor}
690 2847 798 2907 Quidem
877 2848 974 2898 Vosne
994 2847 1089 2898 sedat
1107 2847 1349 2914 inpratissimisnt

198 2914 259 2968 libri
284 2932 344 2967 mss.
368 2920 487 2984 (praeter
512 2913 589 2967 Flor.·
603 2913 655 2982 G)
682 2922 710 2966 et
735 2913 799 2967 editi
833 2923 867 2967 tet
876 2930 952 2982 apere
966 2915 1078 2980 decrevi,
1089 2915 1181 2968 ,ceteri
1195 2924 1226 2970 et
1240 2914 1359 2987 imprimis
1390 2926 1416 2963 ⁰?-

199 2983 269 3049 0lim,
288 2982 369 3035 etiam
379 2982 501 3049 Aldinus,
520 2983 566 3044 sed
582 2991 657 3036 reete
675 2982 799 3036 emenda·
834 2984 859 3034 A
885 2991 913 3034 nt
938 2999 996 3034 cnm
1021 2983 1222 3051 inpensissimis
1247 2993 1342 3054 oportet
1362 2992 1416 3050 aas

198 3053 289 3105 datum
307 3060 346 3105 est
363 3053 398 3104 ab
415 3051 500 3104 lunio.
836 3052 948 3117 decrevi,
976 3069 992 3103 a
1014 3068 1069 3130 qua
1093 3051 1234 3122 scriptura
1261 3053 1416 3106 mendosorum

233 3127 306 3189 §.th
317 3123 367 3173 iarn
378 3122 445 3173 enim
455 3137 510 3173 esse
520 3119 637 3191 desistis]
656 3119 702 3173 Sic
710 3135 802 3172 verum
837 3118 942 3189 quidem
959 3119 1006 3171 sed
1022 3126 1195 3199 mtegrorum
1219 3121 1339 3175 codicum
1352 3114 1416 3193 profe·

198 3198 247 3255 est,
266 3188 304 3242 sic
323 3190 402 3242 debet
420 3204 485 3255 esse,
504 3206 565 3254 non,
589 3187 656 3241 sicut
674 3206 690 3240 a
707 3187 800 3241 Modio
836 3195 893 3241 ctus
902 3186 1039 3240 Rubenius
1052 3188 1166 3241 minima
1184 3190 1335 3244 mutatione
1349 3185 1416 3240 nne

198 3258 241 3310 edi
250 3265 372 3327 coeptum
382 3265 432 3324 est,
447 3259 591 3310 destitistis.
619 3257 681 3310 Hoc
696 3256 802 3327 quidem
836 3255 889 3309 loci
910 3255 1057 3309 sententiae
1081 3257 1231 3312 consuluit.
1267 3260 1339 3311 Idem
1355 3256 1416 3309 locun

198 3326 284 3378 minua
303 3334 395 3396 aptum
413 3335 454 3378 est
472 3343 600 3396 generoso
616 3325 686 3395 regia
700 3325 800 3379 animo:
837 3323 968 3378 Ciceronis
986 3342 1013 3393 p.
1024 3324 1120 3377 Sextio
1132 3341 1157 3378 c.
1170 3333 1202 3379 17
1223 3332 1365 3398 comparet:
1378 3326 1417 3374 ad

200 3412 262 3446 nam
278 3394 371 3448 fortius
388 3395 466 3463 longe
484 3402 525 3447 est
542 3394 639 3447 dicere:
661 3393 716 3447 Vos
733 3393 801 3446 miti-
835 3403 920 3447 aatent
945 3394 1008 3445 milti
1035 3396 1168 3447 contentio
1196 3414 1251 3448 non
1274 3414 1330 3449 aaa
1348 3394 1416 3446 ndott

199 3470 239 3514 tes
256 3462 308 3514 mei
326 3478 382 3514 esse
404 3462 535 3527 desinitis,
564 3480 643 3534 (tuam
664 3480 711 3515 vos
733 3462 800 3515 desi·
835 3463 956 3527 exercita,
976 3463 1024 3514 sed
1040 3479 1100 3514 cnm
1119 3454 1417 3530 operiscondncticetsd

200 3529 282 3595 stitis,
300 3530 375 3601 quasi
391 3529 507 3601 ipsorum
523 3531 569 3584 illa
586 3531 720 3598 voluntas,
747 3549 801 3584 non
835 3532 1008 3600 diripiendam
1026 3531 1117 3583 arbem
1136 3533 1289 3586 condentis.

199 3598 280 3670 ipsius
305 3599 394 3668 potius
416 3599 503 3652 fuerit.
538 3599 640 3652 Verum
662 3600 726 3652 haec
747 3617 801 3652 non
870 3605 892 3666 ξ.
906 3606 947 3652 24.
981 3615 1045 3650 sexa
1065 3637 1071 3650 .
1095 3600 1259 3654 talentorum
1277 3607 1353 3663 meet,
1370 3607 1416 3647 m

199 3675 255 3721 tam
272 3667 359 3746 gravis
377 3676 418 3720 est
435 3667 514 3734 ratio,
539 3685 619 3737 quam
636 3669 707 3738 quod
725 3670 802 3720 desti·
836 3686 894 3721 ram
911 3684 1014 3747 opernm
1025 3616 1124 3736 fiand]
1163 3667 1255 3722 Βοοιιε
1273 3666 1416 3722 nondun*

199 3736 542 3790 tistismnullocodiceest.
566 3738 680 3789 Desistis
688 3736 717 3788 in
725 3735 801 3788 Leid.
835 3755 884 3789 nus
900 3737 1014 3802 vrdetur,
1032 3734 1080 3786 sed
1098 3735 1256 3789 nesciebam
1274 3751 1340 3807 quae
1354 3744 1417 3785 m·

199 3806 300 3859 Voss.1
319 3805 434 3858 BernA
449 3804 521 3857 Flor.
530 3803 630 3870 AEGI,
649 3806 764 3857 desiistis
772 3804 801 3856 in
835 3803 915 3857 dandi
939 3802 1007 3857 ratio
1033 3802 1156 3855 ineunda
1183 3813 1265 3858 esset
1307 3800 1417 3873 mnam

199 3874 276 3927 Voss.
291 3881 306 3927 2
325 3874 406 3927 Bern.
422 3873 445 3924 B
464 3872 534 3924 Flor.
549 3872 612 3938 ΒΗ,
631 3874 756 3925 desistitis
773 3872 801 3924 in
836 3889 960 3942 compara
971 3870 1017 3924 lib.
1026 3878 1108 3937 vr1,9
1128 3868 1162 3927 te
1173 3871 1352 3945 παραλαβὼν
1362 3880 1417 3934 neos

198 3942 273 3996 Flor.
289 3941 324 4009 C,
352 3941 475 4010 defuistis
502 3940 530 3993 in
555 3940 667 3993 Flor.F
694 3940 800 4010 legitur.
835 3948 886 3994 τοῦ
904 3939 1009 4012 πατρὸς
1025 3945 1115 4012 χρυσᾶ
1125 3943 1192 4057 im
1211 3947 1263 3994 καὶ
1281 3936 1416 4015 dpynodltf·

198 4009 312 4064 Hor-B
335 4010 370 4064 ob
392 4009 536 4079 repetitum
562 4019 590 4062 ul
616 4027 673 4062 cam
699 4008 800 4062 omissis
836 4009 958 4078 resinata
977 4005 1065 4077 ὀλίγα,
1085 4006 1123 4058 τοί
1145 4029 1224 4061 αντα
1247 4006 1279 4062 δὲ
1301 4000 1418 4118 abbirim

199 4076 288 4132 verbis
305 4077 405 4148 aliquot
421 4078 563 4130 mendosus
580 4078 632 4130 h.l.
651 4084 698 4130 est.
837 4099 926 4131 κοντα
948 4083 980 4128 tr
1004 4080 1064 4130 eote
1090 4076 1270 4149 draconeis,
1301 4082 1379 4152 χρεῶν

235 4155 264 4199 at
290 4164 347 4199 cnm
373 4147 562 4216 inpratissimis
585 4147 684 4215 operis]
720 4145 802 4198 Prae·
836 4145 1007 4218 ὀφειλόμενα
1033 4141 1089 4196 ὑπὸ
1113 4143 1267 4198 Φιλίππου
1290 4150 1318 4202 br
1340 4155 1417 4217 nmq-

202 4213 301 4266 ularam
327 4215 396 4268 hanc
421 4215 533 4268 Rabonii
559 4213 587 4266 in
609 4215 694 4267 Elect.
717 4232 745 4283 p.
768 4220 801 4267 39
837 4217 918 4268 adora
935 4211 1068 4276 τάλαντα,
1090 4207 1306 4280 δανεισάμενος
1319 4217 1417 4266 atior

201 4281 411 4336 emendationem
429 4301 487 4337 cum
500 4282 680 4335 Freinshemio
699 4282 726 4334 in
743 4289 802 4334 tex·
836 4304 896 4340 τοις
921 4280 1003 4343 αὐτὰς
1026 4276 1098 4331 ἄλλα
1117 4277 1293 4345 ὀκτακόσια,
1315 4280 1346 4353 ὁρ
1377 4274 1418 4328 l‘b
1457 4332 1459 4339 .

201 4356 267 4427 tum.
281 4349 457 4419 recipiendam
487 4351 586 4421 putavi.
622 4350 697 4404 Libri
723 4358 803 4402 antea
838 4357 868 4404 ἐκ
889 4358 937 4417 τῆς
959 4346 1048 4418 χώρας
1066 4367 1092 4398 κ.
1101 4367 1127 4400 τ.
1139 4346 1166 4400 l..
1204 4349 1269 4403 Nisi
1293 4349 1337 4420 qui
1369 4334 1418 4417 ¹9⁸³
1457 4360 1459 4419 t

203 4415 268 4468 edits
280 4435 294 4468 ι·
304 4420 351 4470 sed
368 4436 424 4471 cam
441 4422 638 4489 inpratissimis,
657 4430 684 4474 at
694 4428 801 4488 oportet,
838 4420 959 4474 Curtium
975 4416 1060 4481 deest,
1080 4415 1156 4485 quod
1174 4417 1244 4471 mihi
1262 4417 1295 4471 fit
1311 4424 1417 4472 nont&
1457 4426 1459 4447 ¹
