2926 5174
120 283 193 355 348
607 301 641 366 o.
667 301 792 355 cunrn
807 303 893 357 surr

119 487 247 563 deinde
287 488 431 562 incessit
468 487 602 577 anim0,
642 497 808 561 naturam
841 513 981 585 quoque
1013 490 1207 589 fatigandi.
1258 490 1371 567 Priust

119 613 240 674 tamen
267 624 374 697 quam
399 600 579 671 fortunam
606 598 799 672 obsidionis
826 599 1067 697 experiretur,
1101 599 1256 702 Cophen
1281 602 1346 702 (Ar-

52 744 58 751 ·
117 711 237 786 tabani
261 711 319 784 hic
344 711 436 783 filius
464 708 555 807 erat)
583 710 679 782 misit
706 709 753 783 ad
779 710 967 801 barbaros,
1006 712 1069 809 qui
1095 713 1285 806 suaderet,
1315 727 1346 789 ut

117 823 291 896 dederent
317 847 452 919 rupem.
505 820 690 895 Arimazes
722 823 801 895 loco
832 823 944 896 fretus
978 825 1137 921 superbe
1171 827 1286 900 mults
1305 853 1345 901 re

118 932 280 1033 spondit,
316 933 362 1006 ad
394 932 575 1021 ultimum,
611 959 656 1006 an
682 931 890 1006 Alexander
916 935 1040 1009 volare
1066 937 1224 1034 posset?
1259 939 1346 1012 inter·

117 1057 230 1145 rogat.
284 1042 384 1134 Quae
410 1044 574 1116 nuntiata
599 1044 684 1143 regi,
713 1046 763 1117 sic
788 1043 983 1119 accendere
1001 1046 1176 1139 animum,
1205 1060 1248 1123 ut
1265 1049 1367 1123 adli-r

117 1159 211 1249 bitis,
238 1182 320 1229 cum
347 1154 474 1258 quibus
502 1155 704 1228 consultare
731 1166 808 1229 erat
833 1156 968 1248 solitus,
1003 1157 1187 1233 indicaret
1212 1161 1344 1234 insolen-

116 1272 203 1344 tiam
235 1267 395 1357 barbari,
431 1265 606 1339 eludentis
638 1267 750 1364 ipsos,
786 1268 868 1363 quia
902 1270 1029 1367 pinnas
1064 1293 1142 1341 non
1176 1273 1343 1346 haberent

116 1380 163 1456 Se
189 1392 309 1454 autem
334 1378 500 1476 proxima
523 1388 630 1451 nocte
655 1379 873 1469 effecturum,
899 1391 942 1452 ut
958 1378 1126 1455 crederet
1144 1381 1342 1458 Macedones

117 1495 224 1568 etiam
263 1492 395 1566 volare.
453 1490 646 1582 Trecentos,
684 1491 817 1587 inquit,
857 1490 1116 1588 pernicissimos
1153 1493 1288 1571 iuvenes
1315 1515 1362 1571 est

118 1607 190 1681 sois
215 1605 352 1706 quisque
378 1602 482 1701 copiis
510 1600 681 1700 perducite
706 1603 754 1676 dd
782 1627 848 1693 nte,
888 1603 946 1701 qui
970 1605 1231 1701 perculisset
1253 1632 1343 1707 pune

119 1715 229 1791 invias
254 1741 355 1814 rupes
380 1714 472 1788 dorni
489 1739 616 1814 pecora
641 1739 739 1812 apere
761 1727 1001 1789 consueverant.
1055 1713 1112 1787 Illi
1132 1727 1363 1814 praestantest

116 1837 153 1901 et
177 1827 323 1901 levitate
351 1851 540 1925 corporum
566 1835 603 1898 et
629 1824 756 1899 ardore
779 1825 976 1898 animorum
994 1835 1147 1901 strenue
1167 1829 1342 1920 adducunt,

118 1964 206 2037 quos
232 1940 375 2012 intuens
401 1963 478 2030 reX,
514 1936 700 2029 Vobiscum,
735 1937 858 2034 inquit,
885 1962 903 2011 0
930 1937 1064 2011 invenes
1090 1952 1124 2012 et
1150 1942 1221 2015 inei
1245 1967 1342 2042 nepte

115 2053 171 2143 les,
196 2052 329 2125 urbium
355 2050 554 2124 invictorum
580 2061 654 2121 ante
679 2050 880 2123 monimento
901 2047 1072 2146 superavi,
1098 2052 1267 2127 montium
1282 2052 1343 2152 iupa

112 2162 255 2263 perenni
284 2161 360 2235 nive
396 2162 510 2235 obruta
541 2185 691 2235 eniensics
721 2187 812 2253 snm,
849 2161 1023 2258 anqustias
1051 2157 1200 2238 Ciliciae
1232 2162 1342 2255 intrusi

115 2273 235 2350 Indiae
265 2274 337 2347 sine
369 2271 562 2349 dissitudine
593 2272 661 2346 nim
687 2272 834 2374 stiporis
865 2297 941 2345 sinn
965 2297 1168 2372 perpessas.
1222 2277 1269 2353 Et
1294 2276 1345 2351 nei

116 2386 311 2460 decantanto
337 2383 427 2459 vobis
458 2384 550 2478 dedi,
584 2397 615 2459 et
643 2399 752 2460 vestra
782 2384 890 2458 nabeo.
942 2385 1058 2476 Petra,
1094 2412 1206 2486 qinein
1237 2387 1362 2479 odins

119 2523 224 2571 annin
249 2497 378 2570 aditum
404 2495 509 2588 inin,
544 2521 641 2597 quern
672 2495 807 2568 barbari
836 2495 995 2587 obsident,
1029 2509 1141 2571 cetera
1174 2502 1342 2601 nepiipnnt:

62 2688 65 2693 ,
115 2609 225 2683 nullae
252 2607 385 2709 cipiline
412 2620 497 2699 sinit,
522 2608 590 2681 nisi
615 2631 699 2706 qnae
725 2619 834 2680 casta
859 2620 972 2680 nostru
996 2619 1159 2705 spectant.
1214 2611 1369 2687 Inveni-¹⁰

38 2804 41 2809 ,
115 2722 157 2796 tis
182 2720 282 2813 viam
308 2719 340 2795 si
363 2718 507 2793 sollerter
532 2719 647 2793 rimati
660 2717 798 2819 fueritis
816 2716 927 2791 aditus
942 2719 1091 2818 ferentes
1117 2721 1171 2794 ad
1196 2747 1341 2797 centnm

113 2833 215 2909 Nidii
244 2846 311 2906 tarn
342 2830 405 2904 nite
436 2842 558 2904 nnnrn
591 2829 766 2920 contituit,
801 2853 864 2928 qno
896 2828 1002 2903 virtus
1032 2855 1101 2904 non
1126 2837 1246 2930 possit
1274 2832 1341 2909 eniti

1028 2996 1043 3027 Ο

147 3056 204 3120 §‚5‚
232 3050 337 3121 Cophen
347 3048 408 3102 dedi
417 3066 476 3102 cum
484 3048 578 3103 Modio
587 3065 634 3119 pro
643 3046 715 3118 vulg.
749 3064 797 3099 vus
818 3045 926 3116 ponitur
947 3047 1038 3100 eadem
1059 3046 1171 3105 ratione
1194 3052 1223 3108 in
1245 3050 1342 3109 oraton

116 3121 234 3191 Copton,
255 3119 316 3190 quia
333 3116 511 3171 nominativus
529 3117 597 3170 infra
614 3123 654 3169 est
665 3117 715 3170 Co·
749 3115 882 3186 pendente
899 3123 931 3169 ut
948 3131 1012 3182 vm,
1032 3123 1075 3184 11,
1097 3125 1121 3172 7.

107 3193 186 3259 pies,
208 3188 274 3241 item
295 3187 400 3256 Copten
419 3205 441 3239 c.
455 3193 487 3240 43
505 3186 546 3239 bis
567 3185 666 3254 legitur
688 3184 715 3237 in
785 3187 841 3251 §.a
876 3184 1032 3237 invictorum
1050 3196 1112 3240 ante
1130 3192 1255 3262 munim]
1277 3186 1341 3245 ests

112 3275 172 3310 mss.
189 3256 270 3326 paulo
288 3255 383 3309 certius
402 3273 480 3326 quam
498 3254 548 3308 hoo
569 3254 645 3318 loce,
670 3251 717 3306 ubi
749 3250 820 3307 Flor.
840 3250 931 3305 DFGI
956 3260 984 3305 et
1010 3252 1075 3308 edit.
1098 3255 1179 3310 Mod.
1206 3260 1342 3314 invictam

113 3325 231 3396 plerique
252 3325 352 3377 hebent
377 3323 496 3392 Copton,
521 3322 601 3375 Bern
620 3322 643 3375 B
665 3322 715 3376 Co·
750 3330 809 3390 ante
826 3338 865 3374 me
882 3323 1048 3375 munimenta.

110 3391 620 3463 pbam,Psl.1etFlor.ECopien.
784 3399 807 3442 et
836 3400 922 3443 vestro
950 3392 1041 3458 babeo]
1089 3393 1189 3448 Vestra
1222 3396 1257 3450 ad
1280 3409 1342 3449 usur

750 3475 839 3513 omnes
862 3457 922 3511 libri
939 3457 1023 3512 nostri
1039 3457 1233 3534 editionesque
1248 3474 1341 3527 reterre,

752 3528 836 3581 donec
844 3526 987 3593 Acidalius,
1001 3543 1062 3580 cum
1071 3529 1212 3599 genitivus
1224 3535 1274 3587 mei
1284 3545 1341 3604 [nt

752 3595 885 3662 cessisset,
908 3594 1009 3650 censuit
1030 3602 1245 3669 exaequandum
1264 3605 1341 3656 esssd

147 3513 183 3548 an
200 3496 277 3548 Ales.
294 3497 382 3548 volare
394 3488 495 3564 posset]
531 3491 659 3564 Sequitur
671 3493 716 3548 in-

113 3573 237 3632 terroqot,
256 3563 302 3616 sed
319 3563 369 3617 hoc
386 3581 441 3616 non
458 3561 551 3616 debuit
569 3578 601 3616 eo
618 3561 715 3628 valere,

112 3630 716 3823 ἓξὲξθῐῖῗὲὓξΐίἓὶῒωῗὲἇῗέᾞΡίθῐῗθὶἒᾶῖξιέ
750 3666 828 3719 nestri
844 3665 931 3718 babeo.
958 3664 1039 3728 Quod
1053 3673 1086 3719 ut
1100 3685 1160 3721 non
1172 3669 1340 3743 vituperamus

112 3774 136 3823 A
149 3770 227 3892 ipuot
248 3778 338 3823 tamen
359 3769 449 3835 codd,
475 3776 627 3822 nostrorum
643 3767 715 3822 Flor.
749 3733 789 3788 ita
805 3733 978 3786 mmmm
994 3750 1049 3787 ⁰⁰¹¹
1065 3743 1208 3804 putam·

112 3839 190 3907 DF,
218 3856 253 3892 on
271 3840 347 3891 Ales.
366 3839 444 3891 etiam
461 3839 548 3891 volare
565 3839 664 3905 possit,
690 3835 716 3890 G
794 3820 824 3898 ‚b
844 3824 885 3871 10·
907 3819 996 3871 aditus
1016 3819 1142 3899 [erentes
1173 3820 1339 3907 “dmi

113 3909 190 3962 esiam
207 3909 367 3977 „01,P03332,
750 3887 847 3939 Editur
868 3886 953 3940 adhuc
979 3896 1091 3958 antique
1107 3893 1248 3961 feroram,
1272 3899 1299 3946 er
1313 3903 1340 3943 st

147 4005 207 4068 §.t
233 4003 296 4072 quia
307 4002 474 4071 pinnasnon
487 4000 620 4082 trident]
650 3999 717 4053 Pin·
750 3954 1339 4095 §gesaffinaffidqffimsgffiffiffiffii

112 4069 300 4205 pgschppss
315 4070 431 4123 Bern.A
447 4069 522 4124 Lerd.
532 4067 609 4123 Voss.
624 4075 647 4122 1.
675 4067 716 4122 cf.
751 4091 1025 4212 quiffieffliummi
1041 4095 1188 4216 mimus,
1205 4091 1338 4165 ¹1er

147 4236 171 4298 s.
182 4238 206 4284 7.
241 4250 319 4311 opere
336 4235 528 4314 consueverant]
553 4231 598 4286 sie
615 4230 716 4312 codices
750 4179 864 4300 druidum
880 4177 1079 4310 pldptdinddsinsed
1096 4183 1253 4291 idum

111 4316 221 4363 omnes,
248 4309 312 4354 rtem
336 4301 464 4355 editiones
486 4301 570 4373 pnnci
605 4300 715 4354 std.
750 4314 808 4379 rum
822 4314 890 4368 quse
902 4299 1019 4352 consumo
1032 4303 1335 4359 eammssrminuionm

112 4367 286 4447 etMemlae.
324 4369 510 4424 Consueverint
526 4371 562 4423 Al
581 4387 611 4422 us
629 4384 715 4447 corre-
749 4385 777 4420 m
798 4383 859 4419 mss.
881 4383 937 4420 esse
958 4367 1044 4421 solent
1071 4368 1147 4425 disee
1168 4388 1204 4426 ex
1223 4390 1279 4445 app
1296 4378 1333 4429 Νι

112 4441 154 4489 xit
170 4443 264 4490 ceteris
280 4436 362 4492 tacito
378 4439 558 4509 probantibus.
589 4436 715 4491 Indiostr·
749 4441 793 4503 42,
812 4439 852 4488 18.
