2926 5174
497 309 545 358 na
572 308 699 360 orans
726 309 834 360 anax.
861 311 912 381 1v,
939 309 982 361 25.
1296 298 1344 369 95
1392 384 1396 391 Ι

91 506 190 585 naus,
220 522 317 568 non
351 524 441 596 spes
468 500 560 572 elicit
585 527 723 590 vocem,
750 527 821 596 qua
846 503 1047 599 prodantur
1073 508 1222 580 occulta.
1275 507 1346 582 Ve-

91 633 126 681 us
150 606 373 704 disciplina
400 634 527 706 regum
552 612 732 684 silentium
758 613 853 686 vitae
872 615 1030 711 periculo
1049 628 1228 689 sanxerat.
1266 618 1346 691 Lin-

91 745 139 819 gua
161 720 333 815 gravius
367 721 576 818 castigatur,
595 747 704 818 quam
727 723 841 795 ullum
865 724 1058 822 probrum:
1085 752 1152 799 nec
1177 752 1346 826 magnam

91 855 144 902 rem
172 829 374 902 sustineri
407 856 515 928 posse
547 831 700 906 credunt
731 833 777 906 ab
810 859 871 926 ea,
906 835 965 909 cui
995 847 1115 910 tacere
1147 864 1259 937 grave
1287 842 1343 931 sit,

91 939 165 1039 quod
188 940 350 1013 homini
383 941 589 1014 facillimum
615 944 771 1018 voluerit
797 968 877 1019 esse
901 955 1042 1018 natum.

171 1049 232 1125 Ob
270 1053 384 1124 hane
418 1076 562 1125 causam
587 1053 796 1128 Alexander
827 1055 1001 1147 omnium,
1037 1083 1128 1154 quae
1160 1058 1258 1156 apud
1282 1060 1395 1134 hore

91 1175 164 1237 stem
187 1173 441 1262 gererentur,
467 1163 621 1261 ignarus,
647 1166 775 1238 urbem
802 1162 938 1239 Gazam
963 1168 1162 1241 obsidebat.
1215 1168 1342 1244 Praee-

91 1287 136 1348 rat
155 1276 232 1348 mbi
272 1275 415 1365 Betis,
453 1274 602 1347 eximiae
635 1275 674 1346 in
708 1291 831 1374 regem
865 1303 970 1349 suum
995 1277 1097 1368 fidei,
1132 1279 1344 1377 modicoque

97 1387 249 1483 praesidio
280 1411 426 1459 muros
453 1386 605 1482 ingentis
633 1386 750 1482 operis
776 1387 956 1460 tuebatur.
994 1389 1213 1481 Alexander,
1240 1393 1344 1464 aesti-

100 1508 174 1570 mata
194 1499 380 1571 locorum
411 1496 493 1587 situ,
519 1497 577 1595 agi
603 1497 785 1570 cimiculos
812 1499 925 1589 iussit,
948 1500 1041 1571 facili
1067 1525 1110 1572 ac
1136 1502 1206 1574 levi
1233 1503 1343 1576 humo

100 1619 287 1706 acceptante
320 1607 515 1680 occultmn
540 1633 642 1706 opus,
657 1610 788 1707 quippe
814 1611 964 1682 multam
989 1612 1161 1684 harenam
1187 1613 1344 1687 vicinum

97 1743 170 1792 mare
194 1721 370 1810 evomit,
403 1745 472 1791 nec
498 1745 587 1792 saxa
613 1730 798 1817 cotesque,
831 1746 923 1817 quae
948 1722 1177 1819 interpellent
1203 1749 1342 1821 specus,

98 1829 226 1905 obstant.
291 1831 429 1929 Igitur
464 1831 508 1903 ab
543 1856 586 1904 ea
617 1841 740 1928 parte,
782 1857 891 1928 quam
926 1832 1096 1929 oppidani
1137 1835 1342 1930 conspicere

96 1966 145 2013 mn
167 1954 346 2042 possent,
379 1965 476 2039 opus
502 1966 615 2032 orsus,
643 1951 685 2013 ut
711 1968 733 2014 a
760 1966 868 2014 sensu
895 1942 970 2014 eius
997 1953 1196 2034 averteret,
1223 1955 1341 2018 turres

95 2056 176 2126 auis
202 2053 422 2128 admoveri
450 2053 555 2125 iubet.
610 2048 683 2124 Sed
709 2052 835 2125 eadem
866 2053 997 2125 humus
1022 2053 1211 2127 movendis
1237 2056 1341 2129 inuti·

96 2160 123 2233 lis
141 2166 321 2254 turribus,
340 2162 537 2237 desidente
564 2164 691 2236 sabulo
718 2165 915 2262 agilitatem
940 2174 1102 2236 rotarum
1122 2166 1341 2258 morabatur,

97 2284 120 2344 et
142 2278 316 2350 tabulata
360 2274 520 2347 turrium
552 2276 815 2374 perfringebat,
850 2275 1024 2371 multique
1059 2275 1342 2350 vulnerabantur

97 2382 218 2484 inpune,
249 2413 354 2462 cum
388 2383 485 2457 idem
510 2385 722 2483 recipiendis
749 2388 810 2483 qui
845 2385 1079 2458 admovendis
1106 2387 1264 2460 turribus
1291 2388 1340 2460 la·

96 2492 139 2569 bar
166 2525 226 2574 eos
267 2499 476 2595 fatigaret.
528 2497 626 2595 Ergo
652 2497 812 2594 receptui
839 2496 942 2593 signo
969 2496 1073 2585 data,
1108 2508 1256 2594 postero
1283 2498 1341 2572 die

96 2628 183 2684 nuos
209 2633 377 2685 corona
415 2607 623 2680 circmndari
656 2607 768 2679 iussit.
823 2605 985 2704 Ortoque
1012 2608 1105 2698 sole,
1132 2609 1341 2706 priusquam

117 2897 134 2959 l·
148 2905 167 2951 t.
197 2913 345 2969 magnam
370 2907 433 2944 rem
450 2894 585 2964 raetiam]
618 2892 703 2946 Addi·
737 2913 787 2954 τις,
807 2897 920 2966 κρατῶν
933 2895 1125 2957 τῆεΓαζαίιυν
1138 2890 1256 2949 πόλεως.
1274 2894 1341 2948 Dio-

96 2965 125 3015 lar
140 2965 163 3018 in
180 2968 243 3021 edit.
268 2964 377 3038 prino.
416 2967 444 3010 et
470 2959 599 3032 plerisque
627 2963 702 3015 codd.
738 2962 817 3014 dorus
835 2962 903 3014 hanc
920 2960 1045 3013 historiae
1062 2968 1165 3030 partem
1183 2963 1342 3020 contrahens

96 3035 158 3099 napis
165 3038 301 3100 sauneri,
311 3028 406 3103 quod
416 3045 473 3080 cum
481 3029 565 3082 Aldus
574 3029 704 3084 omisisset
737 3029 839 3083 nullum
856 3046 952 3082 nomen
969 3028 1059 3080 habet.

97 3099 187 3156 ratim
213 3105 241 3158 in
272 3103 461 3169 contextum
485 3098 598 3152 Medius.
643 3099 703 3168 Ego
773 3103 797 3175 5.
817 3104 841 3150 8.
876 3099 989 3150 vicinam
1012 3113 1085 3149 mare
1103 3098 1203 3165 evomit]
1241 3097 1341 3151 Omnes

98 3168 165 3223 nereio
178 3173 236 3243 qnid
251 3190 285 3228 eo
307 3167 439 3231 faciam,
466 3184 525 3219 nam
542 3167 570 3220 ni
585 3176 701 3238 ponatur
737 3165 798 3219 libri
824 3183 885 3218 mss.
914 3183 1029 3218 evomens
1059 3182 1109 3233 pro
1144 3166 1227 3218 verbo
1256 3165 1340 3219 finita.

94 3242 330 3310 praenarrata.
353 3236 700 3307 postea,quodfie1inon
734 3234 791 3286 Iam
820 3234 920 3303 cogitet
950 3232 984 3286 ali
1003 3231 1043 3285 uis
1076 3251 1139 3285 num
1173 3233 1341 3304 participium

91 3321 150 3373 posse
161 3320 229 3379 pata,
248 3301 445 3365 sententiam
462 3313 618 3375 corrumpet.
643 3305 699 3357 Ita·
735 3303 919 3356 subintellecta
947 3320 1029 3354 vero
1055 3301 1131 3357 finito
1157 3303 1215 3373 capi
1241 3303 1338 3374 passit3

91 3390 127 3444 lae
147 3379 314 3451 reliquorum
349 3371 482 3440 exemplo
517 3373 620 3440 delevi,
654 3374 700 3426 sed
734 3371 804 3424 aliud
829 3371 899 3424 enim
923 3370 988 3423 nihil
1016 3369 1102 3424 video.
1143 3371 1210 3425 Mox
1235 3375 1339 3426 obstant

91 3452 134 3497 aar
152 3447 225 3502 etiam
243 3449 347 3502 Bern.
372 3439 406 3493 A
431 3448 459 3492 et
475 3440 546 3494 Flor.
565 3441 586 3494 C
606 3451 698 3496 aucto·
734 3440 805 3493 edidi
829 3441 970 3511 plerosque
991 3448 1094 3493 veteres
1125 3439 1205 3494 libros
1232 3448 1338 3494 secutus

91 3511 154 3568 itate.
751 3527 781 3562 ro
812 3509 883 3562 vul.
920 3510 1063 3561 obstabant.
1111 3508 1196 3562 Miror
1228 3511 1279 3563 hoc
1309 3509 1338 3562 in

107 3581 165 3655 Cap.
181 3593 224 3654 26,
246 3589 274 3654 §-
294 3590 325 3635 7.
349 3577 449 3631 urbem
469 3576 580 3645 Gazam]
599 3577 698 3631 Mirum
733 3527 804 3630 l'lor.
908 3576 1045 3629 inventum
1071 3593 1141 3642 esse,
1173 3597 1232 3632 cum
1262 3577 1336 3630 Leid.

91 3653 238 3708 nodsnak.
258 3647 378 3712 tradit,
400 3643 429 3697 in
445 3645 625 3716 manuscriptis
643 3663 699 3699 esse
733 3649 841 3700 Voss]
869 3645 950 3699 Bern.
968 3648 994 3697 A
1017 3663 1077 3698 cum
1103 3645 1211 3716 reliquis
1235 3649 1338 3700 obstant

91 3719 164 3775 lazar
180 3724 252 3777 sicut
271 3715 389 3773 edidit.
426 3712 485 3781 Ego
500 3712 528 3766 in
544 3715 609 3767 meis
626 3713 699 3768 libris
733 3714 893 3786 praeferant.

91 3787 133 3842 ihil
149 3790 281 3846 eiusmodi
310 3783 369 3840 sed
394 3781 537 3835 scribarum
554 3782 699 3836 aberratio·
768 3787 793 3848 5.
813 3790 836 3836 9.
863 3784 994 3835 aroaeadr's
1012 3784 1118 3835 inutiles
1136 3783 1265 3852 turribus]
1293 3781 1338 3834 Sic

91 3873 128 3910 em
139 3860 243 3914 Geram
258 3847 591 3912 enonnullisenotatam
604 3850 699 3914 inveni,
733 3870 783 3921 pro
814 3853 982 3904 admovendis
1015 3850 1096 3902 Bam.
1127 3859 1240 3920 uterque
1265 3849 1337 3901 Flor.

91 3929 290 3982 ecrarissimam
301 3925 458 3994 poetarum
468 3919 577 3972 formam
587 3919 699 3971 induxe·
732 3917 864 3972 ABODH
891 3927 919 3971 et
944 3919 968 3971 E
996 3936 1012 3970 a
1037 3918 1123 3988 prima
1148 3936 1244 3982 manu,
1271 3916 1337 3968 item

91 3993 125 4047 hn
164 3996 216 4050 Sed
245 3992 348 4066 paulo
378 3993 444 4056 post
469 4005 556 4040 omnes
584 3987 644 4040 libri
672 3992 699 4055 (a
732 3988 807 4040 Leid.
824 3991 901 4040 Voss.
921 3995 932 4039 1
953 3996 981 4040 ct
999 3994 1023 4039 2.
1058 3985 1125 4038 Post
1149 4004 1197 4055 pro
1215 3986 1337 4036 maraba-

91 4080 178 4118 uornm
194 4076 347 4119 consensu
368 4072 454 4107 unum
477 4056 552 4110 Voss.
576 4064 587 4108 l
609 4072 698 4108 errare
733 4067 776 4109 tar
794 4055 821 4109 in
839 4055 920 4109 Bern.
938 4064 1065 4123 utroque,
1091 4053 1163 4106 Flor.
1186 4051 1290 4104 ABCH
1308 4060 1336 4104 et

91 4131 160 4185 besse
182 4138 266 4204 puto]
299 4131 447 4198 praeerat
471 4127 546 4177 urbi:
577 4125 636 4176 edd.
665 4126 697 4191 ei,
732 4125 806 4177 Leid.
836 4124 914 4177 Voss.
938 4131 993 4177 1.2
1025 4131 1142 4186 morata,
1175 4120 1246 4174 Flor.
1271 4118 1336 4199 G.⁸

91 4198 168 4254 silicet
182 4203 330 4255 delicatae
353 4207 436 4245 aures
453 4209 504 4245 non
521 4193 643 4246 ferebant
656 4209 698 4244 re-
732 4213 772 4264 pr.
790 4212 825 4245 m.
844 4204 974 4259 moratur,
998 4208 1063 4244 corr.
1086 4190 1238 4242 morabatur
1259 4198 1291 4240 ut
1309 4207 1336 4240 m

91 4267 231 4325 stitioaem.
731 4262 780 4315 rel.
797 4262 820 4314 F
821 4260 870 4314 lor.

111 4337 188 4410 Betis]
204 4335 376 4393 Hominem
395 4330 697 4413 vocatArrian.v11,25
767 4335 792 4396 5,
820 4336 861 4382 10.
889 4341 997 4398 postero
1021 4326 1074 4395 die]
1111 4325 1188 4380 Unus
1213 4325 1284 4379 Flor.
1313 4322 1336 4376 O

91 4400 175 4460 Barim:
198 4399 358 4470 εὐνοῦχός
377 4415 431 4461 τις,
448 4418 470 4464 ῳ
488 4398 579 4468 ὄνομα
592 4396 697 4463 ήνΒσῖ-
725 4408 846 4468 postera.
