2926 5174
491 314 540 365 mr
567 312 694 364 essars
720 312 829 364 anax.
855 311 932 381 vm,
953 308 997 362 es.
1299 291 1372 362 413

142 522 315 594 usurpare
341 497 518 570 sustinuit.
570 497 605 570 ls
632 497 783 594 benigne
823 497 966 594 quidem
998 506 1189 593 exceperat
1214 492 1375 592 Hephae·

141 610 312 698 ationem,
345 609 540 705 gratuitum
572 609 791 682 frumentum
816 609 925 707 copiis
953 608 1027 682 eius
1056 604 1265 697 admensus,
1303 632 1376 679 non

139 732 263 793 tamen
289 719 322 792 ei
346 731 567 810 occurrerat,
593 746 639 794 ne
664 720 772 792 fidem
798 721 903 793 ullius
929 719 996 792 nisi
1014 717 1115 815 regis
1143 719 1374 816 experiretur.

109 831 267 929 altaque
298 831 456 905 venienti
486 832 629 905 obviam
655 857 737 905 cum
762 843 900 905 armato
927 831 1087 904 exercitu
1113 854 1277 927 egressus
1304 838 1375 919 est;

138 942 320 1041 elephanti
345 968 486 1040 quoque
512 969 576 1042 per
601 942 742 1016 modica
766 943 955 1016 intervalla
979 942 1131 1014 militum
1156 941 1288 1037 agmini
1313 941 1375 1012 irn-

108 1053 262 1144 smixti,
307 1055 431 1152 procul
471 1056 696 1128 castellorum
743 1056 902 1128 fecerant
940 1053 1102 1152 speciem.
1167 1052 1222 1123 Ac
1259 1051 1375 1149 primo

139 1164 348 1239 Alexander
386 1193 460 1240 non
499 1167 651 1257 socium,
689 1164 755 1238 sed
791 1167 932 1239 hostem
966 1164 1162 1239 adventare
1198 1163 1375 1236 credebat.

138 1274 286 1373 lamque
321 1287 357 1349 et
391 1276 468 1374 ipse
503 1303 603 1350 arma
629 1279 757 1351 milites
784 1302 926 1374 capere,
967 1287 1003 1349 et
1030 1277 1166 1373 equites
1195 1272 1377 1347 discedere

138 1387 174 1459 in
201 1412 337 1460 cornua
361 1388 531 1478 iusserat,
557 1401 704 1486 paratus
731 1388 780 1462 ad
803 1413 970 1486 pugnam.
1010 1388 1061 1460 At
1086 1386 1207 1475 Indus,
1234 1385 1377 1482 cognito

138 1495 376 1571 Macedonum
402 1525 541 1591 errore,
579 1500 684 1573 iussis
717 1501 911 1573 subsistere
938 1499 1081 1590 ceteris,
1119 1499 1196 1597 ipse
1223 1497 1379 1569 concitat

138 1635 285 1706 equum,
313 1635 383 1706 quo
409 1611 627 1684 vehebatur:
655 1611 750 1685 idem
775 1608 983 1685 Alexander
1009 1635 1150 1706 quoque
1176 1609 1274 1697 fecit,
1301 1609 1377 1681 sive

137 1721 268 1810 hostis,
308 1721 384 1793 sive
418 1722 553 1796 amicus
580 1733 800 1813 occurreret,
839 1724 899 1796 vel
924 1747 990 1795 sua
1016 1722 1167 1811 virtute,
1199 1721 1258 1795 vel
1284 1721 1376 1793 illius

108 1833 208 1906 sfide
234 1842 346 1904 tutus.
399 1830 566 1926 Coivere,
593 1834 691 1932 quod
716 1861 763 1910 ex
788 1835 973 1932 utriusque
998 1835 1102 1906 vultu
1128 1844 1251 1931 posset
1275 1833 1376 1906 intel·

136 1944 205 2042 ligi,
232 1943 354 2016 amicis
374 1944 518 2018 animis:
545 1956 704 2020 ceterum
730 1946 806 2019 sine
824 1948 1018 2043 interprete
1038 1970 1111 2017 non
1137 1955 1280 2042 poterat
1294 1970 1375 2017 con·

136 2056 206 2127 seri
231 2079 360 2128 sermo,
398 2055 527 2153 ltaque
545 2056 706 2131 adhibito
725 2083 778 2147 eo,
805 2057 978 2130 barbarus
997 2057 1192 2130 occurrisse
1219 2082 1257 2129 se
1284 2055 1377 2128 dixit

137 2192 218 2239 cum
243 2166 417 2258 exercitu,
446 2179 543 2242 totas
569 2169 707 2268 imperii
732 2169 826 2243 vires
853 2168 1016 2266 protinus
1043 2167 1278 2258 traditurum,
1308 2192 1375 2241 nec

85 2296 122 2343 1⁰
138 2288 363 2376 expectasse,
398 2279 487 2352 dum
520 2305 584 2378 per
609 2281 755 2353 nuntios
782 2280 929 2353 daretur
954 2278 1054 2352 fides.
1108 2277 1246 2378 Corpus
1273 2304 1377 2352 suum

137 2399 173 2462 et
195 2415 349 2487 regnum
373 2392 580 2490 permittere
605 2392 671 2481 illi,
711 2417 817 2488 quem
850 2393 958 2466 sciret
996 2392 1130 2489 gloriae
1156 2393 1376 2481 militantem,

135 2500 221 2572 nihil
248 2503 361 2599 magis
388 2529 498 2600 quam
522 2504 655 2576 famam
680 2505 805 2576 timere
832 2503 1010 2602 perfidiae.

235 2611 370 2688 Laetus
396 2614 622 2712 simplicitate
649 2614 793 2689 barbari
813 2641 880 2688 rex
907 2626 943 2688 et
969 2613 1157 2688 dexteram
1181 2616 1265 2689 fidei
1291 2616 1426 2688 suae43

85 2736 119 2786 ¹1
137 2722 264 2822 pignus
293 2723 402 2816 dedit,
428 2737 467 2800 et
486 2751 635 2825 regnum
660 2728 826 2800 restituit.
865 2747 930 2798 avr
948 2726 1127 2824 elephanti
1147 2737 1259 2815 erant,
1286 2722 1376 2822 quos

138 2833 283 2908 tradidit
308 2836 537 2928 Alexandro,
569 2840 752 2935 multaque
779 2862 910 2937 pecora
935 2837 1086 2910 eximiae
1112 2835 1376 2935 magnitudinis,

136 2953 257 3020 tauros
284 2947 333 3020 ad
357 2971 400 3022 111
423 2949 535 3040 milia,
572 2950 771 3048 pretiosum
801 2950 838 3021 in
871 2974 913 3022 ea
947 2949 1093 3045 regione
1119 2959 1376 3046 acceptumque

85 3068 121 3119 ¹2
137 3057 260 3152 animis
287 3061 515 3156 regnantium
541 3071 751 3135 armentum.
792 3058 986 3148 Quaerenti
1011 3060 1231 3151 Alexandm,
1257 3061 1376 3158 plures

136 3169 368 3266 agricultores
381 3172 543 3245 haberet¹
557 3197 604 3245 an
628 3172 782 3246 milites?
809 3197 890 3244 cum
917 3170 1057 3245 duobus
1070 3173 1214 3270 regibus
1227 3170 1378 3244 bellanti

135 3419 256 3458 sermone
277 3422 333 3459 non
355 3405 494 3472 abhorret,
518 3424 571 3477 quo
593 3411 740 3477 ἐπιτρέπε-
775 3407 848 3461 mstis
874 3407 934 3460 dedi
960 3425 1008 3479 pro
1029 3408 1100 3476 vulg.
1121 3418 1242 3478 paratos.
1262 3408 1379 3478 'Neque

135 3473 203 3525 σθαι
219 3475 314 3528 mdem
330 3473 433 3527 ratione
442 3475 544 3529 dicitur.
563 3476 664 3543 (Etiam
674 3475 741 3529 Ger·
775 3476 885 3529 dubium
902 3477 965 3546 quin
983 3476 1010 3528 id
1027 3477 1120 3530 melius
1136 3479 1268 3532 referatur
1285 3478 1320 3532 ad
1337 3494 1379 3530 re-

133 3540 235 3595 meniee
257 3542 346 3597 dicere
363 3543 460 3612 possis:
488 3543 527 3596 Zu
544 3545 665 3614 regieren
682 3561 741 3597 ver·
775 3561 852 3614 gem,
871 3562 950 3616 quam
967 3546 1002 3597 ad
1020 3546 1088 3599 solos
1105 3546 1214 3616 equites.

133 3613 247 3679 stettet.)
811 3616 833 3681 ξ.
853 3619 876 3666 9.
904 3615 1001 3666 coivere
1020 3623 1174 3668 correxerat
1190 3615 1299 3681 Iunius,
1318 3631 1381 3667 nam

167 3680 191 3746 ξ.
208 3686 233 3733 8.
276 3681 374 3751 equites
405 3681 538 3735 discedere
569 3684 597 3734 in
630 3683 740 3753 cornua]
776 3681 839 3735 olim
856 3680 919 3734 editi
937 3690 965 3735 et
977 3699 1037 3736 mss.
1059 3701 1149 3736 omnes
1158 3686 1245 3736 eoiret.
1272 3681 1380 3737 Modius

132 3744 206 3800 Libri
214 3766 276 3802 mss.
294 3757 324 3801 et
341 3747 404 3801 olim
420 3749 485 3803 editi
503 3752 666 3816 descendere,
684 3768 742 3804 eor·
776 3750 859 3804 edidit
877 3753 963 3817 coire,
982 3751 1102 3821 equidem
1120 3751 1208 3804 malim
1226 3754 1318 3805 emere.

132 3825 239 3870 rexerat
266 3818 402 3870 discedere
427 3817 535 3885 Iunius,
566 3827 652 3885 recte,
680 3836 742 3871 nem
810 3821 1004 3907 imperiivires]
1032 3819 1077 3873 Sic
1085 3819 1150 3872 editi
1163 3827 1244 3884 recte,
1265 3818 1381 3872 codices·
1461 3863 1462 3866 ,

134 3885 290 3938 descendere
303 3884 358 3937 h.l.
387 3885 530 3938 robebilem
540 3887 741 3956 explicationem
777 3904 829 3958 que
854 3887 924 3941 Flor.
952 3886 1061 3952 Dect,
1094 3886 1188 3956 reliqui
1222 3886 1380 3958 integriores

133 3968 187 4005 non
212 3954 304 4006 habet.
350 3902 437 4006 llaior
462 3954 543 4008 etiam
570 3955 687 4008 confusio
713 3955 741 4007 in
775 3958 912 4026 imperium
942 3974 1002 4022 res,
1034 3955 1178 4008 deteriores
1203 3955 1276 4008 Flor.
1304 3954 1381 4008 CEH

133 4020 210 4074 codd.
226 4021 301 4076 Flor.
320 4020 370 4074 DF
372 4021 386 4074 1
403 4027 443 4087 (et
459 4023 516 4076 Pul.
527 4027 554 4090 1)
573 4036 621 4088 est,
639 4024 668 4077 in
685 4023 742 4094 qui-
776 4025 855 4077 Bern.
873 4025 897 4077 B
919 4026 965 4078 sed
983 4033 1072 4077 tamen
1095 4023 1175 4076 etiam
1191 4022 1266 4076 Leid.
1285 4023 1319 4089 (si
1336 4039 1382 4074 ve-

132 4088 182 4142 bus
199 4108 249 4160 pro
267 4107 300 4144 eo
309 4090 384 4161 quod
400 4099 441 4144 est
454 4110 530 4145 arma
539 4094 634 4146 milites
649 4109 742 4161 cepere
774 4111 834 4147 rum
850 4093 933 4146 tradit
948 4093 1042 4162 Snak.)
1061 4094 1166 4161 imperii
1183 4109 1233 4144 res.
1271 4089 1383 4145 Omittit

132 4156 181 4210 reb
198 4157 236 4212 sie
253 4157 365 4228 legitur:
384 4171 498 4215 annates
516 4163 624 4227 milites,
644 4163 741 4231 equites
775 4165 865 4232 imper.
883 4162 955 4215 Flor.
973 4162 1006 4214 B.

132 4227 307 4294 descendere,
334 4227 405 4281 unde
420 4229 492 4283 Flor.
512 4230 538 4283 G
563 4240 678 4300 utraque
703 4229 741 4281 le·
810 4231 873 4311 Cap.
884 4238 926 4296 43,
946 4234 968 4298 §.
981 4237 1020 4283 10.
1048 4232 1189 4296 dexterum]
1223 4226 1269 4280 Sic
1288 4243 1381 4281 omnes

133 4292 223 4348 ctione
232 4295 390 4350 coniuncte:
409 4315 485 4352 orme
493 4299 589 4351 milites
607 4315 700 4368 cepere
718 4307 742 4350 et
774 4309 859 4354 nostri
885 4309 994 4369 praeter
1016 4297 1090 4351 Flor.
1106 4296 1129 4361 Ι,
1157 4295 1202 4369 qui
1225 4313 1285 4349 cum
1307 4295 1382 4419 vtglgl.

133 4374 249 4418 emmens
274 4365 373 4417 milites
402 4368 548 4438 equitesque
579 4369 740 4421 descendere.
775 4372 893 4423 dextram
907 4368 995 4421 habet.
1023 4368 1094 4420 Suae
1111 4364 1327 4420 abestaFlor.C

133 4429 219 4486 Paulo
240 4441 305 4504 post
321 4444 438 4502 perotus
464 4452 496 4488 ex
519 4435 641 4490 omnibus
667 4434 740 4488 libris
773 4437 886 4492 Bern.B
905 4437 983 4492 Voss.
1001 4441 1026 4487 2.
