2926 5174
420 335 470 387 nu
497 333 622 387 nasus
650 331 925 403 saux.v111,1a.
1223 314 1297 387 377

56 505 199 602 imperio
226 505 260 578 ei
287 503 444 593 reddite,
477 499 575 576 haud
600 503 768 600 amplius,
808 527 916 599 quam
942 511 983 576 ut
1009 500 1082 574 duo
1109 527 1156 574 ex
1181 501 1297 575 tribus

19 635 41 684 u
56 615 128 689 filiis
164 641 291 688 secum
321 614 529 716 militarent,
572 613 702 711 exegit.
756 611 925 712 Satrapes
965 615 1073 688 etiam
1105 637 1203 704 eum,
1237 611 1298 710 qui

55 751 159 824 penes
186 728 308 825 ipsum
333 725 613 822 relinquebatur,
646 723 767 797 tradit.
820 723 982 799 Barbara
1008 723 1190 822 opulentia
1215 746 1296 799 con·

20 859 41 906 a
56 838 203 928 vivium,
236 863 310 935 quo
336 862 457 935 regem
483 835 694 932 accipiebat,
726 836 957 911 instruxerat.
1009 835 1052 909 Id
1079 861 1160 909 cum
1186 836 1299 908 multa

56 949 220 1022 comitate
255 950 468 1038 celebraret,
511 946 689 1020 introduci
715 973 795 1021 xxx
826 948 964 1021 nobiles
996 946 1152 1044 virgines
1184 946 1297 1020 iussit.

56 1059 149 1134 Inter
175 1086 267 1158 quas
296 1070 373 1132 erat
397 1060 469 1131 filia
494 1059 604 1157 ipsius
623 1057 775 1132 Roxane
801 1061 955 1149 nomine,
982 1058 1114 1131 eximia
1139 1058 1299 1157 corporis

21 1189 44 1238 u
57 1173 168 1270 speeie
205 1184 242 1244 et
277 1171 407 1244 decore
440 1163 584 1245 habitus
624 1171 661 1242 in
696 1169 858 1243 barbaris
893 1195 985 1243 raro.
1040 1166 1142 1258 Quae
1178 1193 1300 1266 quam·

58 1309 158 1380 quam
183 1283 281 1356 inter
308 1285 437 1357 electas
463 1290 703 1381 processerat,
736 1281 895 1354 omniurn
920 1293 1042 1354 tamen
1068 1282 1191 1354 oeulos
1218 1305 1301 1353 con·

61 1395 163 1467 vertit
196 1396 234 1467 in
268 1418 324 1485 se,
357 1393 511 1466 maxime
542 1391 653 1489 regia,
688 1394 805 1465 minus
837 1395 909 1466 iam
941 1393 1196 1491 cupiditatibus
1228 1393 1301 1465 suis

62 1505 260 1603 imperantis
287 1505 382 1577 inter
406 1503 577 1600 obsequia
609 1502 790 1595 fortunae,
826 1515 1086 1602 contraquam
1111 1530 1186 1578 nou
1212 1503 1299 1576 satis

28 1627 158 1691 ttosuta
189 1615 392 1690 mortalitas
424 1626 488 1692 est
540 1613 665 1710 ltaque
698 1616 772 1707 ille,
808 1617 869 1712 qui
900 1641 1052 1689 uxorem
1076 1615 1203 1707 Darei,
1237 1614 1299 1712 qui

61 1725 139 1800 duas
172 1727 266 1800 filias
300 1726 474 1824 virgines,
510 1726 638 1823 quibus
672 1727 788 1799 forma
821 1737 965 1825 praeter
996 1724 1171 1801 Roxanen
1204 1722 1297 1800 com·

10 1902 36 1933 ‚.
77 1840 167 1913 arari
187 1839 291 1912 nulla
313 1846 465 1936 poterat,
492 1835 590 1911 haud
617 1838 686 1909 alio
712 1838 841 1929 annno,
868 1863 976 1936 quam
1001 1839 1169 1934 parentis,
1196 1861 1296 1935 aspe-

59 1962 171 2042 xerat,
207 1961 298 2023 tunc
322 1948 361 2020 in
393 1974 551 2047 amorem
576 1949 823 2046 virgunculae,
858 1949 888 2022 si
918 1949 1038 2046 regiae
1070 1949 1172 2046 stirpi
1204 1972 1297 2020 oom-

58 2072 249 2158 pararetur,
276 2061 452 2160 ignobilis,
478 2063 529 2134 ita
547 2062 680 2134 effusus
700 2071 747 2150 et,
767 2071 808 2133 ut
827 2059 961 2134 diceret
979 2059 1026 2131 ad
1045 2057 1299 2138 stabiliendum

35 2188 38 2193 ’
58 2196 202 2272 regnum
228 2165 420 2271 pertinere,
448 2172 576 2247 Persas
597 2182 634 2245 et
654 2170 869 2246 Macedones
889 2171 1067 2245 connubio
1084 2172 1203 2270 iungi:
1229 2170 1299 2243 hoc

60 2306 122 2355 uno
148 2281 264 2358 modo
291 2293 329 2356 et
354 2283 529 2381 pudorem
552 2282 673 2373 victis,
709 2294 747 2356 et
778 2283 981 2380 superbiam
1013 2283 1207 2359 victoribus
1241 2281 1300 2356 de-

22 2395 146 2468 trahi
172 2419 295 2494 posse.
348 2394 523 2467 Achillem
550 2419 700 2491 quoque,
727 2420 749 2467 a
772 2421 843 2491 quo
860 2419 973 2493 genus
990 2395 1067 2493 ipse
1094 2394 1296 2485 deduceret,

58 2528 133 2578 cum
160 2507 310 2605 captiva
336 2506 465 2580 coisse:
491 2530 537 2578 ne
563 2505 684 2578 inferri
700 2507 801 2601 nefas
820 2507 1088 2596 arbitrarentur,
1114 2506 1165 2579 ita
1181 2505 1300 2579 matri·

54 2741 150 2797 sentire
167 2742 302 2796 volumus.
316 2739 398 2795 ¹Nam
415 2739 539 2796 Roxanes
556 2747 661 2811 patrem
729 2745 753 2810 ξ.
765 2747 808 2795 25.
825 2743 1020 2809 uullupoterut]
1038 2739 1217 2795 nonanto
1225 2741 1299 2796 Leid.

52 2807 116 2864 infra
137 2810 187 2865 lib.
201 2826 245 2875 1x,
260 2816 294 2863 31
314 2819 342 2863 et
358 2809 404 2864 lib.
418 2825 449 2876 X,
465 2818 496 2864 12
522 2811 660 2879 Oxyartem
689 2818 828 2879 potuerat,
860 2809 907 2862 sed
924 2807 994 2861 filiae
1012 2809 1150 2862 etiamtum
1168 2809 1298 2863 vivebant

51 2879 93 2932 vel
114 2888 191 2934 certe
220 2877 353 2932 simillimo
376 2879 482 2932 nomine
508 2877 660 2950 appellavit,
695 2877 749 2931 Sed
770 2886 832 2947 post
853 2876 993 2930 latinitatis
1009 2877 1079 2931 ratio
1095 2878 1236 2931 videbatur
1250 2896 1301 2949 po·

50 2943 187 3002 Diodorus
207 2956 302 3000 autem
320 2955 349 2999 et
366 2948 493 3001 Amanus
512 2965 564 3000 non
583 2946 661 3000 aliter
695 2946 795 3000 stulare
827 2947 852 2998 ti
882 2948 971 3016 repiae
1000 2948 1078 3026 stirpi
1104 2957 1300 3016 compararetur

51 3032 130 3086 quem
145 3016 314 3087 Ὀξυάρτην.
350 3015 435 3069 codd.
453 3024 543 3069 autem
561 3015 614 3068 h.l.
632 3023 661 3068 et
694 3033 744 3085 pro
761 3031 794 3067 eo
812 3015 883 3135 Quod
901 3013 978 3068 hodie
1000 3015 1104 3068 obtinet
1128 3026 1299 3084 comparetur.

804 3099 819 3135 e

49 3085 108 3139 edd.
126 3103 170 3156 pr.
189 3081 379 3139 Vindelini'ac
395 3085 516 3137 Merulae
534 3082 660 3152 singulari
694 3085 788 3154 Atque
848 3084 944 3136 derunt
959 3081 1026 3135 illud
1042 3082 1134 3136 lunius
1151 3092 1179 3136 et
1192 3083 1299 3137 Modius

47 3153 204 3208 constantia
226 3153 419 3219 Cohortaudua
438 3152 488 3206 nisi
504 3154 575 3223 quod
588 3151 660 3205 Flor.
694 3159 790 3223 estque
821 3150 848 3203 iu
873 3151 943 3206 Flor.
970 3150 1077 3222 reliquis
1107 3160 1213 3221 praeter
1238 3152 1298 3206 AB.

46 3219 101 3276 ΕΗ
118 3221 203 3275 Bern.
218 3222 244 3274 B
266 3219 415 3274 Oortaudut
434 3220 566 3286 scribunt,
589 3221 660 3272 unde
694 3219 732 3272 Hi
754 3227 843 3272 autem
864 3238 924 3274 cum
945 3218 1020 3272 Leid.
1041 3220 1118 3274 Voss.
1138 3228 1151 3273 1
1177 3220 1257 3273 Bem.
1274 3222 1301 3275 A

46 3291 81 3344 sb
98 3289 180 3344 Iunio
199 3297 231 3342 et
248 3287 343 3342 Modio
361 3289 460 3342 fuctum
477 3297 518 3342 est
535 3290 661 3342 Cohorta·
695 3298 874 3358 cornpuretur,
910 3289 957 3341 sed
994 3288 1022 3340 in
1053 3287 1180 3343 eiusmodi
1218 3289 1300 3344 rebus

44 3376 105 3423 nur,
123 3358 232 3412 scilieet
249 3373 285 3409 ne
302 3357 430 3410 barbarus
448 3357 524 3411 nimis
538 3357 661 3411 Romano
695 3365 723 3410 et
745 3356 974 3411 terminationibus
995 3356 1136 3411 verborum
1164 3375 1217 3411 non
1239 3375 1300 3413 raro

42 3427 178 3483 vocabulo
197 3423 391 3497 appellaretur,
410 3443 472 3478 nam
490 3427 569 3480 aliam
587 3424 661 3495 equi·
696 3424 778 3477 etiam
795 3425 908 3495 optimos
922 3442 979 3479 esse
991 3426 1129 3480 mendosos
1148 3426 1205 3498 plus
1219 3427 1300 3480 semel

43 3496 107 3550 dem
124 3512 237 3550 cosmam
255 3492 354 3546 nullam
371 3493 455 3548 video.
491 3494 521 3548 Si
534 3493 662 3565 syllabam
695 3492 852 3547 notavimus.
888 3493 964 3548 Sicut
980 3494 1033 3547 iam
1051 3497 1080 3547 in
1098 3513 1184 3548 amore
1201 3513 1250 3566 pro
1268 3513 1300 3550 eo

42 3582 73 3618 co
91 3581 110 3618 e
132 3578 299 3635 praegressa
320 3579 384 3616 voce
405 3565 448 3616 cui
471 3571 559 3616 ortum
581 3570 661 3632 puta-
695 3563 767 3631 quod
793 3579 884 3615 verum
910 3572 952 3616 est
982 3565 1011 3616 in
1036 3581 1150 3616 amorem
1176 3564 1256 3618 Bern.
1274 3567 1300 3619 A

40 3649 117 3698 mu,
144 3630 290 3686 invenitur
312 3630 346 3683 ali
363 3649 398 3684 ua
418 3631 487 3685 ratio
505 3649 558 3702 qua
575 3647 609 3683 ex
627 3647 660 3683 eo
696 3647 755 3683 cum
773 3630 830 3685 aliis
848 3631 1021 3687 deterioribus
1038 3631 1111 3686 Flor.
1126 3632 1202 3685 OEH
1218 3633 1299 3693 Bern.

41 3701 120 3774 quod
138 3708 183 3754 est
193 3697 333 3760 Oxiartes,
378 3708 477 3766 xartes,
495 3700 565 3753 istud
583 3716 662 3754 voca-
695 3698 817 3769 Batque
834 3699 896 3752 edit
915 3719 954 3770 pr.
972 3709 1001 3754 et
1017 3700 1122 3754 Aldina

39 3767 139 3824 bulum
156 3767 220 3822 fieri
238 3767 368 3837 potuerit,
386 3786 448 3821 nam
458 3769 531 3838 quod
543 3767 662 3838 aspirata
730 3774 752 3835 ξ.
769 3774 810 3822 26.
844 3786 928 3839 penus
945 3771 1001 3839 ipae
1019 3769 1167 3840 deduceret]
1202 3767 1300 3822 lisdem

40 3837 138 3892 addita
156 3845 217 3904 est,
242 3833 341 3888 nemini
361 3835 390 3889 in
406 3836 540 3890 codicibus
557 3835 661 3890 Latinis
696 3836 782 3889 verbis
804 3837 890 3889 utitur
919 3837 967 3891 scri
987 3845 1031 3890 tor
1054 3852 1093 3902 1v,
1109 3842 1142 3890 28
1164 3836 1208 3889 fin.
1244 3835 1300 3890 Sed

38 3907 142 3961 mirum
159 3903 309 3960 videbitur.
697 3907 799 3958 duceret
815 3905 887 3958 Flor.
905 3905 955 3957 DF
983 3905 1071 3958 IPal.
1086 3912 1110 3968 1,
1133 3912 1227 3958 eontra
1243 3906 1299 3974 ipae

76 3980 104 4037 ς.
123 3981 168 4029 23.
205 3973 322 4026 Roxane
343 3974 456 4043 nomiae]
492 3973 566 4027 Leid.
590 3971 661 4025 Flor.
697 3973 825 4027 omittunt
843 3973 914 4026 Flor.
923 3974 975 4027 ΕΗ
993 3973 1073 4025 Bern.
1085 3972 1117 4024 B.

37 4043 94 4097 AB
112 4058 246 4106 roaaene,
265 4039 345 4093 Bern.
363 4047 388 4094 A
405 4042 484 4096 Voss.
501 4050 513 4095 1
533 4058 661 4107 rouxaue,
730 4043 923 4096 arbitrarentur
939 4044 990 4112 itu]
1018 4042 1218 4093 Arbitrureutur
1234 4039 1299 4096 Aldi

38 4107 117 4166 Flor.
135 4111 159 4165 F
178 4125 289 4172 rostrae,
313 4108 381 4163 Flor.
400 4110 426 4164 G
443 4128 576 4165 roauuaae
599 4110 626 4162 h.
644 4109 662 4162 l.
696 4119 750 4177 est,
778 4127 839 4163 nam
855 4109 979 4180 princeps
996 4111 1178 4165 arbitraretur.
1214 4107 1299 4163 Codd.

36 4181 182 4246 mendose,
207 4194 274 4230 nam
295 4177 374 4246 paulo
394 4187 455 4249 post
472 4197 524 4233 non
541 4185 662 4251 peceant.
695 4179 813 4246 variant,
835 4178 891 4231 auti
910 4177 1008 4231 uissimi
1024 4178 1105 4231 Bern.
1120 4178 1146 4228 A
1163 4176 1233 4231 Flor.
1248 4178 1299 4231 AB

37 4242 187 4302 Diodorus
204 4244 334 4313 Ῥοξάνη,
351 4245 508 4301 Plutarchus
527 4258 556 4302 et
569 4247 662 4300 Arria-
695 4247 797 4302 Vossl
816 4264 875 4301 cum
892 4196 964 4300 Slor.
978 4244 1046 4299 DGI
1064 4246 1232 4311 arbitrentur,
1251 4247 1300 4299 sed

38 4329 96 4370 nus
113 4315 255 4378 Ῥωξάνη.
696 4324 831 4386 praestare
856 4323 945 4368 tamen
972 4314 1006 4366 ad
1031 4321 1151 4367 tenorem
1182 4313 1300 4384 reliquae

79 4390 105 4451 s.
129 4390 174 4438 24.
215 4399 271 4434 uon
300 4384 365 4436 satis
395 4393 474 4438 cauta
499 4385 661 4454 mortalitas]
696 4384 823 4440 orationis
839 4383 946 4437 videtur
962 4382 1153 4452 imperfectum.
1180 4381 1234 4436 Sed
1251 4385 1299 4453 ita,

39 4449 90 4507 Cf.
110 4454 147 4507 ud
164 4465 197 4520 v,
219 4457 263 4518 19,
280 4457 319 4504 lt.
696 4456 769 4526 quod
786 4452 914 4526 sequitur,
933 4452 1074 4507 molestum
1090 4449 1141 4504 fuit
1157 4458 1186 4506 et
1202 4450 1261 4506 aliis
1272 4461 1300 4509 et
