<?xml version="1.0" encoding="UTF-8"?>
<!DOCTYPE html PUBLIC "-//W3C//DTD XHTML 1.0 Transitional//EN"
    "http://www.w3.org/TR/xhtml1/DTD/xhtml1-transitional.dtd">
<html xmlns="http://www.w3.org/1999/xhtml" xml:lang="en" lang="en">
 <head>
  <title>
</title>
<meta http-equiv="Content-Type" content="text/html;charset=utf-8" />
  <meta name='ocr-system' content='tesseract 3.04.00' />
  <meta name='ocr-capabilities' content='ocr_page ocr_carea ocr_par ocr_line ocrx_word'/>
</head>
<body>
  <div class='ocr_page' id='page_1' title='image "./qcurtiirufidege01rufugoog_0278.png"; bbox 0 0 2926 5174; ppageno 0'>
   <div class='ocr_carea' id='block_1_1' title="bbox 463 302 1346 401">
    <p class='ocr_par' dir='ltr' id='par_1_1' title="bbox 463 302 1346 401">
     <span class='ocr_line' id='line_1_1' title="bbox 463 302 1346 401; baseline 0.007 -23"><span class='ocrx_word' id='word_1_1' title='bbox 463 329 511 378; x_wconf 85' lang='lat' dir='ltr'>nr</span> <span class='ocrx_word' id='word_1_2' title='bbox 538 327 665 381; x_wconf 82' lang='lat' dir='ltr'>aasrrs</span> <span class='ocrx_word' id='word_1_3' title='bbox 696 329 806 382; x_wconf 77' lang='lat' dir='ltr'>anax.</span> <span class='ocrx_word' id='word_1_4' title='bbox 832 330 882 401; x_wconf 83' lang='lat' dir='ltr'>vr,</span> <span class='ocrx_word' id='word_1_5' title='bbox 910 330 952 382; x_wconf 85' lang='lat' dir='ltr'>u.</span> <span class='ocrx_word' id='word_1_6' title='bbox 1273 302 1346 384; x_wconf 77' lang='lat'>247</span> 
     </span>
    </p>
   </div>
   <div class='ocr_carea' id='block_1_2' title="bbox 101 511 1407 1942">
    <p class='ocr_par' dir='ltr' id='par_1_2' title="bbox 103 511 1407 1053">
     <span class='ocr_line' id='line_1_2' title="bbox 107 511 1349 612; baseline 0.004 -29"><span class='ocrx_word' id='word_1_7' title='bbox 107 521 325 610; x_wconf 79' lang='lat' dir='ltr'>aggestaque</span> <span class='ocrx_word' id='word_1_8' title='bbox 359 511 469 585; x_wconf 95' lang='lat' dir='ltr'>humo</span> <span class='ocrx_word' id='word_1_9' title='bbox 501 537 522 584; x_wconf 92' lang='lat' dir='ltr'>e</span> <span class='ocrx_word' id='word_1_10' title='bbox 553 513 735 585; x_wconf 86' lang='lat' dir='ltr'>montibus</span> <span class='ocrx_word' id='word_1_11' title='bbox 770 515 954 612; x_wconf 78' lang='lat' dir='ltr'>planitiem</span> <span class='ocrx_word' id='word_1_12' title='bbox 993 515 1101 587; x_wconf 90' lang='lat' dir='ltr'>ramis</span> <span class='ocrx_word' id='word_1_13' title='bbox 1142 514 1349 612; x_wconf 83' lang='lat' dir='ltr'>impeditam</span> 
     </span>
     <span class='ocr_line' id='line_1_3' title="bbox 106 621 1407 723; baseline 0.005 -28"><span class='ocrx_word' id='word_1_14' title='bbox 106 623 327 721; x_wconf 86' lang='lat' dir='ltr'>exaggerari.</span> <span class='ocrx_word' id='word_1_15' title='bbox 374 621 450 694; x_wconf 92' lang='lat' dir='ltr'>Iam</span> <span class='ocrx_word' id='word_1_16' title='bbox 477 624 697 720; x_wconf 90' lang='lat' dir='ltr'>aliquantum</span> <span class='ocrx_word' id='word_1_17' title='bbox 724 624 921 698; x_wconf 80' lang='lat' dir='ltr'>altitudinis</span> <span class='ocrx_word' id='word_1_18' title='bbox 949 649 1040 723; x_wconf 91' lang='lat' dir='ltr'>opus</span> <span class='ocrx_word' id='word_1_19' title='bbox 1067 637 1239 717; x_wconf 89' lang='lat' dir='ltr'>creverat,</span> <span class='ocrx_word' id='word_1_20' title='bbox 1267 652 1348 700; x_wconf 90' lang='lat' dir='ltr'>cum</span> <span class='ocrx_word' id='word_1_21' title='bbox 1401 629 1407 641; x_wconf 81' lang='lat'>&#39;</span> 
     </span>
     <span class='ocr_line' id='line_1_4' title="bbox 105 732 1346 835; baseline 0.003 -29"><span class='ocrx_word' id='word_1_22' title='bbox 105 733 261 824; x_wconf 85' lang='lat' dir='ltr'>barbari,</span> <span class='ocrx_word' id='word_1_23' title='bbox 288 732 467 832; x_wconf 90' lang='lat' dir='ltr'>desperati</span> <span class='ocrx_word' id='word_1_24' title='bbox 491 734 683 832; x_wconf 84' lang='lat' dir='ltr'>regionem,</span> <span class='ocrx_word' id='word_1_25' title='bbox 712 758 820 831; x_wconf 89' lang='lat' dir='ltr'>quam</span> <span class='ocrx_word' id='word_1_26' title='bbox 847 746 1130 835; x_wconf 87' lang='lat' dir='ltr'>occupaverant,</span> <span class='ocrx_word' id='word_1_27' title='bbox 1162 761 1268 834; x_wconf 90' lang='lat' dir='ltr'>posse</span> <span class='ocrx_word' id='word_1_28' title='bbox 1293 761 1346 810; x_wconf 90' lang='lat' dir='ltr'>re·</span> 
     </span>
     <span class='ocr_line' id='line_1_5' title="bbox 104 844 1347 945; baseline 0.002 -28"><span class='ocrx_word' id='word_1_29' title='bbox 104 846 225 935; x_wconf 85' lang='lat' dir='ltr'>tineri,</span> <span class='ocrx_word' id='word_1_30' title='bbox 261 857 407 942; x_wconf 80' lang='lat' dir='ltr'>gentem</span> <span class='ocrx_word' id='word_1_31' title='bbox 439 871 541 918; x_wconf 89' lang='lat' dir='ltr'>suam</span> <span class='ocrx_word' id='word_1_32' title='bbox 573 844 751 920; x_wconf 91' lang='lat' dir='ltr'>dedidere.</span> <span class='ocrx_word' id='word_1_33' title='bbox 816 846 912 938; x_wconf 84' lang='lat' dir='ltr'>Rex,</span> <span class='ocrx_word' id='word_1_34' title='bbox 953 847 1137 920; x_wconf 88' lang='lat' dir='ltr'>obsidibus</span> <span class='ocrx_word' id='word_1_35' title='bbox 1181 849 1347 945; x_wconf 88' lang='lat' dir='ltr'>acceptis,</span> 
     </span>
     <span class='ocr_line' id='line_1_6' title="bbox 103 944 1216 1053; baseline 0.004 -26"><span class='ocrx_word' id='word_1_36' title='bbox 103 955 279 1028; x_wconf 83' lang='lat' dir='ltr'>Phradati</span> <span class='ocrx_word' id='word_1_37' title='bbox 306 981 432 1053; x_wconf 90' lang='lat' dir='ltr'>parere</span> <span class='ocrx_word' id='word_1_38' title='bbox 458 980 520 1029; x_wconf 90' lang='lat' dir='ltr'>eos</span> <span class='ocrx_word' id='word_1_39' title='bbox 546 957 658 1029; x_wconf 85' lang='lat' dir='ltr'>iussit.</span> <span class='ocrx_word' id='word_1_40' title='bbox 1059 944 1064 953; x_wconf 66' lang='grc'><strong><em>’</em></strong></span> <span class='ocrx_word' id='word_1_41' title='bbox 1211 1018 1216 1032; x_wconf 88' lang='grc'><strong>,</strong></span> 
     </span>
    </p>

    <p class='ocr_par' dir='ltr' id='par_1_3' title="bbox 101 1065 1396 1942">
     <span class='ocr_line' id='line_1_7' title="bbox 207 1065 1396 1164; baseline 0.003 -27"><span class='ocrx_word' id='word_1_42' title='bbox 207 1065 297 1139; x_wconf 91' lang='lat' dir='ltr'>lnde</span> <span class='ocrx_word' id='word_1_43' title='bbox 323 1069 447 1164; x_wconf 85' lang='lat' dir='ltr'>quinto</span> <span class='ocrx_word' id='word_1_44' title='bbox 462 1067 519 1140; x_wconf 92' lang='lat' dir='ltr'>die</span> <span class='ocrx_word' id='word_1_45' title='bbox 532 1067 569 1138; x_wconf 92' lang='lat' dir='ltr'>in</span> <span class='ocrx_word' id='word_1_46' title='bbox 583 1069 715 1140; x_wconf 88' lang='lat' dir='ltr'>stativa</span> <span class='ocrx_word' id='word_1_47' title='bbox 728 1069 931 1142; x_wconf 88' lang='lat' dir='ltr'>revertitur.</span> <span class='ocrx_word' id='word_1_48' title='bbox 969 1068 1192 1142; x_wconf 85' lang='lat' dir='ltr'>Artabazum</span> <span class='ocrx_word' id='word_1_49' title='bbox 1206 1066 1396 1158; x_wconf 89' lang='lat' dir='ltr'>deinde,18</span> 
     </span>
     <span class='ocr_line' id='line_1_8' title="bbox 103 1176 1346 1275; baseline 0.001 -25"><span class='ocrx_word' id='word_1_50' title='bbox 103 1179 287 1275; x_wconf 90' lang='lat' dir='ltr'>geminato</span> <span class='ocrx_word' id='word_1_51' title='bbox 318 1176 470 1267; x_wconf 90' lang='lat' dir='ltr'>honore,</span> <span class='ocrx_word' id='word_1_52' title='bbox 500 1189 611 1274; x_wconf 87' lang='lat' dir='ltr'>&#39;quem</span> <span class='ocrx_word' id='word_1_53' title='bbox 645 1177 786 1250; x_wconf 88' lang='lat' dir='ltr'>Dareus</span> <span class='ocrx_word' id='word_1_54' title='bbox 822 1179 997 1254; x_wconf 89' lang='lat' dir='ltr'>habuerat</span> <span class='ocrx_word' id='word_1_55' title='bbox 1023 1181 1074 1270; x_wconf 93' lang='lat' dir='ltr'>ei,</span> <span class='ocrx_word' id='word_1_56' title='bbox 1107 1181 1258 1253; x_wconf 88' lang='lat' dir='ltr'>remittit</span> <span class='ocrx_word' id='word_1_57' title='bbox 1285 1179 1346 1252; x_wconf 92' lang='lat' dir='ltr'>do·</span> 
     </span>
     <span class='ocr_line' id='line_1_9' title="bbox 102 1287 1346 1387; baseline 0.002 -28"><span class='ocrx_word' id='word_1_58' title='bbox 102 1314 212 1360; x_wconf 93' lang='lat' dir='ltr'>mum.</span> <span class='ocrx_word' id='word_1_59' title='bbox 267 1288 344 1361; x_wconf 91' lang='lat' dir='ltr'>Iam</span> <span class='ocrx_word' id='word_1_60' title='bbox 370 1288 417 1361; x_wconf 91' lang='lat' dir='ltr'>ad</span> <span class='ocrx_word' id='word_1_61' title='bbox 448 1289 575 1363; x_wconf 92' lang='lat' dir='ltr'>urbem</span> <span class='ocrx_word' id='word_1_62' title='bbox 601 1287 820 1387; x_wconf 82' lang='lat' dir='ltr'>Hyrcaniae,</span> <span class='ocrx_word' id='word_1_63' title='bbox 851 1289 889 1361; x_wconf 92' lang='lat' dir='ltr'>in</span> <span class='ocrx_word' id='word_1_64' title='bbox 915 1314 987 1386; x_wconf 90' lang='lat' dir='ltr'>qua</span> <span class='ocrx_word' id='word_1_65' title='bbox 1012 1290 1110 1387; x_wconf 84' lang='lat' dir='ltr'>regia</span> <span class='ocrx_word' id='word_1_66' title='bbox 1135 1289 1244 1364; x_wconf 92' lang='lat' dir='ltr'>Darei</span> <span class='ocrx_word' id='word_1_67' title='bbox 1269 1290 1346 1380; x_wconf 87' lang='lat' dir='ltr'>fuit,</span> 
     </span>
     <span class='ocr_line' id='line_1_10' title="bbox 101 1399 1348 1503; baseline 0.002 -31"><span class='ocrx_word' id='word_1_68' title='bbox 101 1411 255 1473; x_wconf 88' lang='lat' dir='ltr'>ventum</span> <span class='ocrx_word' id='word_1_69' title='bbox 291 1407 377 1473; x_wconf 79' lang='lat' dir='ltr'>erat.</span> <span class='ocrx_word' id='word_1_70' title='bbox 434 1399 488 1473; x_wconf 92' lang='lat' dir='ltr'>lbi</span> <span class='ocrx_word' id='word_1_71' title='bbox 523 1399 750 1473; x_wconf 82' lang='lat' dir='ltr'>Nabarzanes</span> <span class='ocrx_word' id='word_1_72' title='bbox 787 1413 933 1499; x_wconf 88' lang='lat' dir='ltr'>accepta</span> <span class='ocrx_word' id='word_1_73' title='bbox 959 1399 1030 1473; x_wconf 90' lang='lat' dir='ltr'>fide</span> <span class='ocrx_word' id='word_1_74' title='bbox 1056 1402 1225 1492; x_wconf 90' lang='lat' dir='ltr'>occurrit,</span> <span class='ocrx_word' id='word_1_75' title='bbox 1251 1400 1348 1503; x_wconf 89' lang='lat' dir='ltr'>dona</span> 
     </span>
     <span class='ocr_line' id='line_1_11' title="bbox 101 1511 1347 1609; baseline 0.002 -27"><span class='ocrx_word' id='word_1_76' title='bbox 101 1511 266 1608; x_wconf 88' lang='lat' dir='ltr'>ingentia</span> <span class='ocrx_word' id='word_1_77' title='bbox 300 1511 426 1584; x_wconf 88' lang='lat' dir='ltr'>ferens.</span> <span class='ocrx_word' id='word_1_78' title='bbox 479 1511 577 1584; x_wconf 86' lang='lat' dir='ltr'>Inter</span> <span class='ocrx_word' id='word_1_79' title='bbox 609 1536 701 1607; x_wconf 90' lang='lat' dir='ltr'>quac</span> <span class='ocrx_word' id='word_1_80' title='bbox 727 1511 868 1609; x_wconf 84' lang='lat' dir='ltr'>Bagoas</span> <span class='ocrx_word' id='word_1_81' title='bbox 901 1522 996 1603; x_wconf 79' lang='lat' dir='ltr'>erat,</span> <span class='ocrx_word' id='word_1_82' title='bbox 1027 1511 1144 1609; x_wconf 91' lang='lat' dir='ltr'>specie</span> <span class='ocrx_word' id='word_1_83' title='bbox 1176 1512 1347 1609; x_wconf 84' lang='lat' dir='ltr'>singulari</span> 
     </span>
     <span class='ocr_line' id='line_1_12' title="bbox 102 1621 1347 1720; baseline 0.003 -28"><span class='ocrx_word' id='word_1_84' title='bbox 102 1621 229 1719; x_wconf 87' lang='lat' dir='ltr'>spade,</span> <span class='ocrx_word' id='word_1_85' title='bbox 258 1632 366 1718; x_wconf 85' lang='lat' dir='ltr'>atque</span> <span class='ocrx_word' id='word_1_86' title='bbox 391 1623 428 1694; x_wconf 92' lang='lat' dir='ltr'>in</span> <span class='ocrx_word' id='word_1_87' title='bbox 453 1624 532 1720; x_wconf 91' lang='lat' dir='ltr'>ipso</span> <span class='ocrx_word' id='word_1_88' title='bbox 558 1622 647 1694; x_wconf 91' lang='lat' dir='ltr'>flore</span> <span class='ocrx_word' id='word_1_89' title='bbox 673 1624 856 1720; x_wconf 89' lang='lat' dir='ltr'>pueritiae,</span> <span class='ocrx_word' id='word_1_90' title='bbox 883 1625 940 1696; x_wconf 90' lang='lat' dir='ltr'>cui</span> <span class='ocrx_word' id='word_1_91' title='bbox 966 1634 1002 1697; x_wconf 89' lang='lat' dir='ltr'>et</span> <span class='ocrx_word' id='word_1_92' title='bbox 1015 1623 1155 1696; x_wconf 89' lang='lat' dir='ltr'>Dareus</span> <span class='ocrx_word' id='word_1_93' title='bbox 1182 1635 1347 1696; x_wconf 89' lang='lat' dir='ltr'>assuetus</span> 
     </span>
     <span class='ocr_line' id='line_1_13' title="bbox 102 1732 1346 1832; baseline 0.002 -30"><span class='ocrx_word' id='word_1_94' title='bbox 102 1732 238 1822; x_wconf 82' lang='lat' dir='ltr'>tuerat,</span> <span class='ocrx_word' id='word_1_95' title='bbox 269 1743 306 1805; x_wconf 88' lang='lat' dir='ltr'>et</span> <span class='ocrx_word' id='word_1_96' title='bbox 331 1759 417 1805; x_wconf 91' lang='lat' dir='ltr'>mox</span> <span class='ocrx_word' id='word_1_97' title='bbox 442 1732 650 1806; x_wconf 84' lang='lat' dir='ltr'>Alexander</span> <span class='ocrx_word' id='word_1_98' title='bbox 676 1735 850 1807; x_wconf 88' lang='lat' dir='ltr'>assuevit:</span> <span class='ocrx_word' id='word_1_99' title='bbox 883 1736 1028 1832; x_wconf 90' lang='lat' dir='ltr'>eiusque</span> <span class='ocrx_word' id='word_1_100' title='bbox 1054 1734 1210 1809; x_wconf 84' lang='lat' dir='ltr'>maxime</span> <span class='ocrx_word' id='word_1_101' title='bbox 1236 1733 1346 1831; x_wconf 91' lang='lat' dir='ltr'>preci·</span> 
     </span>
     <span class='ocr_line' id='line_1_14' title="bbox 102 1842 723 1942; baseline 0.002 -28"><span class='ocrx_word' id='word_1_102' title='bbox 102 1843 171 1915; x_wconf 88' lang='lat' dir='ltr'>bus</span> <span class='ocrx_word' id='word_1_103' title='bbox 198 1853 324 1915; x_wconf 92' lang='lat' dir='ltr'>motus</span> <span class='ocrx_word' id='word_1_104' title='bbox 349 1842 549 1917; x_wconf 85' lang='lat' dir='ltr'>Nabarzani</span> <span class='ocrx_word' id='word_1_105' title='bbox 574 1845 723 1942; x_wconf 86' lang='lat' dir='ltr'>ignovit.</span> 
     </span>
    </p>
   </div>
   <div class='ocr_carea' id='block_1_3' title="bbox 101 2043 1376 2509">
    <p class='ocr_par' dir='ltr' id='par_1_4' title="bbox 101 2043 1376 2509">
     <span class='ocr_line' id='line_1_15' title="bbox 101 2043 1348 2115; baseline 0.001 -20"><span class='ocrx_word' id='word_1_106' title='bbox 101 2043 234 2097; x_wconf 90' lang='lat' dir='ltr'>librorum</span> <span class='ocrx_word' id='word_1_107' title='bbox 251 2043 386 2096; x_wconf 85' lang='lat' dir='ltr'>firmatum</span> <span class='ocrx_word' id='word_1_108' title='bbox 402 2061 448 2097; x_wconf 89' lang='lat' dir='ltr'>nec</span> <span class='ocrx_word' id='word_1_109' title='bbox 465 2077 501 2086; x_wconf 92' lang='grc'>-</span> <span class='ocrx_word' id='word_1_110' title='bbox 522 2047 640 2115; x_wconf 83' lang='lat' dir='ltr'>quidem,</span> <span class='ocrx_word' id='word_1_111' title='bbox 664 2044 712 2098; x_wconf 88' lang='lat' dir='ltr'>sed</span> <span class='ocrx_word' id='word_1_112' title='bbox 745 2053 805 2099; x_wconf 87' lang='lat' dir='ltr'>tuta</span> <span class='ocrx_word' id='word_1_113' title='bbox 822 2045 969 2099; x_wconf 80' lang='lat' dir='ltr'>satisfacere</span> <span class='ocrx_word' id='word_1_114' title='bbox 987 2044 1050 2098; x_wconf 92' lang='lat' dir='ltr'>mihi</span> <span class='ocrx_word' id='word_1_115' title='bbox 1069 2044 1175 2115; x_wconf 85' lang='lat' dir='ltr'>quidem</span> <span class='ocrx_word' id='word_1_116' title='bbox 1186 2062 1239 2098; x_wconf 89' lang='lat' dir='ltr'>non</span> <span class='ocrx_word' id='word_1_117' title='bbox 1251 2049 1348 2114; x_wconf 84' lang='lat' dir='ltr'>potest.</span> 
     </span>
     <span class='ocr_line' id='line_1_16' title="bbox 101 2111 1376 2192; baseline 0 -28"><span class='ocrx_word' id='word_1_118' title='bbox 101 2113 176 2182; x_wconf 90' lang='lat' dir='ltr'>quod</span> <span class='ocrx_word' id='word_1_119' title='bbox 194 2129 290 2165; x_wconf 90' lang='lat' dir='ltr'>omnes</span> <span class='ocrx_word' id='word_1_120' title='bbox 307 2111 363 2164; x_wconf 89' lang='lat' dir='ltr'>iure</span> <span class='ocrx_word' id='word_1_121' title='bbox 379 2121 515 2183; x_wconf 88' lang='lat' dir='ltr'>respuunt.</span> <span class='ocrx_word' id='word_1_122' title='bbox 746 2115 926 2168; x_wconf 85' lang='lat' dir='ltr'>Veruntamen</span> <span class='ocrx_word' id='word_1_123' title='bbox 949 2113 971 2167; x_wconf 88' lang='lat' dir='ltr'>si</span> <span class='ocrx_word' id='word_1_124' title='bbox 994 2112 1057 2166; x_wconf 84' lang='lat' dir='ltr'>talia</span> <span class='ocrx_word' id='word_1_125' title='bbox 1080 2113 1189 2167; x_wconf 87' lang='lat' dir='ltr'>velimus</span> <span class='ocrx_word' id='word_1_126' title='bbox 1207 2111 1348 2192; x_wconf 82' lang='lat' dir='ltr'>corrigere,</span> <span class='ocrx_word' id='word_1_127' title='bbox 1374 2123 1376 2127; x_wconf 72' lang='grc'>’</span> 
     </span>
     <span class='ocr_line' id='line_1_17' title="bbox 126 2180 1349 2263; baseline -0.002 -29"><span class='ocrx_word' id='word_1_128' title='bbox 126 2184 150 2250; x_wconf 85' lang='lat'>5.</span> <span class='ocrx_word' id='word_1_129' title='bbox 162 2188 205 2234; x_wconf 83' lang='lat'>21.</span> <span class='ocrx_word' id='word_1_130' title='bbox 218 2182 274 2233; x_wconf 88' lang='lat' dir='ltr'>iam</span> <span class='ocrx_word' id='word_1_131' title='bbox 283 2182 456 2252; x_wconf 84' lang='lat' dir='ltr'>aliquantam]</span> <span class='ocrx_word' id='word_1_132' title='bbox 464 2181 553 2251; x_wconf 87' lang='lat' dir='ltr'>Vulgo</span> <span class='ocrx_word' id='word_1_133' title='bbox 562 2180 712 2234; x_wconf 90' lang='lat' dir='ltr'>diminuunt</span> <span class='ocrx_word' id='word_1_134' title='bbox 746 2182 888 2236; x_wconf 87' lang='lat' dir='ltr'>efficiemus</span> <span class='ocrx_word' id='word_1_135' title='bbox 916 2191 947 2236; x_wconf 90' lang='lat' dir='ltr'>ut</span> <span class='ocrx_word' id='word_1_136' title='bbox 970 2199 1004 2235; x_wconf 87' lang='lat' dir='ltr'>ne</span> <span class='ocrx_word' id='word_1_137' title='bbox 1029 2181 1058 2235; x_wconf 90' lang='lat' dir='ltr'>in</span> <span class='ocrx_word' id='word_1_138' title='bbox 1083 2189 1220 2263; x_wconf 88' lang='lat' dir='ltr'>posterum</span> <span class='ocrx_word' id='word_1_139' title='bbox 1262 2181 1349 2232; x_wconf 85' lang='lat' dir='ltr'>urdem</span> 
     </span>
     <span class='ocr_line' id='line_1_18' title="bbox 102 2248 1348 2321; baseline -0.001 -19"><span class='ocrx_word' id='word_1_140' title='bbox 102 2249 211 2302; x_wconf 91' lang='lat' dir='ltr'>edendo</span> <span class='ocrx_word' id='word_1_141' title='bbox 230 2250 271 2301; x_wconf 88' lang='lat' dir='ltr'>ali</span> <span class='ocrx_word' id='word_1_142' title='bbox 288 2251 431 2316; x_wconf 74' lang='lat' dir='ltr'>cantelam,</span> <span class='ocrx_word' id='word_1_143' title='bbox 449 2248 712 2315; x_wconf 81' lang='lat' dir='ltr'>utestinFlor.BF,</span> <span class='ocrx_word' id='word_1_144' title='bbox 746 2259 848 2305; x_wconf 90' lang='lat' dir='ltr'>certum</span> <span class='ocrx_word' id='word_1_145' title='bbox 876 2251 940 2321; x_wconf 89' lang='lat' dir='ltr'>quid</span> <span class='ocrx_word' id='word_1_146' title='bbox 965 2249 1091 2305; x_wconf 81' lang='lat' dir='ltr'>constitut</span> <span class='ocrx_word' id='word_1_147' title='bbox 1116 2249 1208 2321; x_wconf 90' lang='lat' dir='ltr'>possit.</span> <span class='ocrx_word' id='word_1_148' title='bbox 1277 2265 1348 2318; x_wconf 78' lang='lat' dir='ltr'>espe-</span> 
     </span>
     <span class='ocr_line' id='line_1_19' title="bbox 103 2317 1348 2390; baseline 0 -20"><span class='ocrx_word' id='word_1_149' title='bbox 103 2318 131 2370; x_wconf 89' lang='lat' dir='ltr'>in</span> <span class='ocrx_word' id='word_1_150' title='bbox 149 2317 226 2370; x_wconf 90' lang='lat' dir='ltr'>Flor.</span> <span class='ocrx_word' id='word_1_151' title='bbox 244 2317 272 2371; x_wconf 93' lang='lat' dir='ltr'><strong>D</strong></span> <span class='ocrx_word' id='word_1_152' title='bbox 342 2319 442 2389; x_wconf 82' lang='lat' dir='ltr'>iamque</span> <span class='ocrx_word' id='word_1_153' title='bbox 459 2319 665 2388; x_wconf 83' lang='lat' dir='ltr'>aliquantalum,</span> <span class='ocrx_word' id='word_1_154' title='bbox 684 2317 713 2369; x_wconf 87' lang='lat' dir='ltr'>in</span> <span class='ocrx_word' id='word_1_155' title='bbox 747 2321 806 2372; x_wconf 90' lang='lat' dir='ltr'>rari</span> <span class='ocrx_word' id='word_1_156' title='bbox 824 2319 971 2390; x_wconf 87' lang='lat' dir='ltr'>antiquitus</span> <span class='ocrx_word' id='word_1_157' title='bbox 989 2319 1022 2372; x_wconf 90' lang='lat' dir='ltr'>de</span> <span class='ocrx_word' id='word_1_158' title='bbox 1057 2318 1168 2372; x_wconf 89' lang='lat' dir='ltr'>nentiali</span> <span class='ocrx_word' id='word_1_159' title='bbox 1181 2319 1348 2372; x_wconf 86' lang='lat' dir='ltr'>fonnausur·</span> 
     </span>
     <span class='ocr_line' id='line_1_20' title="bbox 102 2384 1350 2509; baseline -0.002 -70"><span class='ocrx_word' id='word_1_160' title='bbox 102 2386 177 2440; x_wconf 88' lang='lat' dir='ltr'>Flor.</span> <span class='ocrx_word' id='word_1_161' title='bbox 196 2384 223 2439; x_wconf 86' lang='lat' dir='ltr'>E</span> <span class='ocrx_word' id='word_1_162' title='bbox 240 2385 323 2438; x_wconf 90' lang='lat' dir='ltr'>Bern.</span> <span class='ocrx_word' id='word_1_163' title='bbox 339 2385 362 2437; x_wconf 94' lang='lat' dir='ltr'><strong>B</strong></span> <span class='ocrx_word' id='word_1_164' title='bbox 380 2405 489 2457; x_wconf 81' lang='lat' dir='ltr'>namque</span> <span class='ocrx_word' id='word_1_165' title='bbox 507 2388 713 2457; x_wconf 62' lang='lat' dir='ltr'>aliquantulam·</span> <span class='ocrx_word' id='word_1_166' title='bbox 746 2397 838 2509; x_wconf 71' lang='lat' dir='ltr'>patum</span> <span class='ocrx_word' id='word_1_167' title='bbox 855 2404 912 2442; x_wconf 87' lang='lat' dir='ltr'>csse</span> <span class='ocrx_word' id='word_1_168' title='bbox 929 2405 945 2440; x_wconf 86' lang='lat' dir='ltr'>a</span> <span class='ocrx_word' id='word_1_169' title='bbox 964 2388 1000 2440; x_wconf 94' lang='lat' dir='ltr'>ud</span> <span class='ocrx_word' id='word_1_170' title='bbox 1041 2386 1255 2442; x_wconf 83' lang='lat' dir='ltr'>riacianumolim</span> <span class='ocrx_word' id='word_1_171' title='bbox 1263 2385 1350 2456; x_wconf 84' lang='lat' dir='ltr'>Caper</span> 
     </span>
    </p>
   </div>
   <div class='ocr_carea' id='block_1_4' title="bbox 91 2453 1349 4511">
    <p class='ocr_par' dir='ltr' id='par_1_5' title="bbox 91 2453 1349 3556">
     <span class='ocr_line' id='line_1_21' title="bbox 102 2453 1349 2524; baseline -0.002 -16"><span class='ocrx_word' id='word_1_172' title='bbox 102 2457 152 2508; x_wconf 90' lang='lat' dir='ltr'>sed</span> <span class='ocrx_word' id='word_1_173' title='bbox 170 2453 338 2523; x_wconf 85' lang='lat' dir='ltr'>integerrimi</span> <span class='ocrx_word' id='word_1_174' title='bbox 356 2456 518 2524; x_wconf 83' lang='lat' dir='ltr'>aliquantum</span> <span class='ocrx_word' id='word_1_175' title='bbox 535 2462 622 2522; x_wconf 89' lang='lat' dir='ltr'>recte,</span> <span class='ocrx_word' id='word_1_176' title='bbox 647 2471 712 2524; x_wconf 92' lang='lat' dir='ltr'>quo·</span> <span class='ocrx_word' id='word_1_177' title='bbox 765 2456 938 2519; x_wconf 74' lang='lat' dir='ltr'>acueratsed</span> <span class='ocrx_word' id='word_1_178' title='bbox 971 2456 1068 2510; x_wconf 81' lang='lat' dir='ltr'>rehlius</span> <span class='ocrx_word' id='word_1_179' title='bbox 1077 2456 1122 2510; x_wconf 92' lang='lat' dir='ltr'>lib.</span> <span class='ocrx_word' id='word_1_180' title='bbox 1131 2471 1195 2523; x_wconf 86' lang='lat' dir='ltr'>vm,</span> <span class='ocrx_word' id='word_1_181' title='bbox 1204 2463 1230 2522; x_wconf 87' lang='lat'>4,</span> <span class='ocrx_word' id='word_1_182' title='bbox 1238 2461 1271 2509; x_wconf 80' lang='lat'>24</span> <span class='ocrx_word' id='word_1_183' title='bbox 1280 2455 1349 2507; x_wconf 90' lang='lat' dir='ltr'>hanc</span> 
     </span>
     <span class='ocr_line' id='line_1_22' title="bbox 102 2522 1348 2604; baseline -0.002 -28"><span class='ocrx_word' id='word_1_184' title='bbox 102 2524 177 2576; x_wconf 88' lang='lat' dir='ltr'>niam</span> <span class='ocrx_word' id='word_1_185' title='bbox 206 2541 269 2576; x_wconf 91' lang='lat' dir='ltr'>cum</span> <span class='ocrx_word' id='word_1_186' title='bbox 295 2522 467 2576; x_wconf 82' lang='lat' dir='ltr'>admiratione</span> <span class='ocrx_word' id='word_1_187' title='bbox 495 2524 609 2604; x_wconf 81' lang='lat' dir='ltr'>quadam</span> <span class='ocrx_word' id='word_1_188' title='bbox 626 2539 712 2575; x_wconf 85' lang='lat' dir='ltr'>susce·</span> <span class='ocrx_word' id='word_1_189' title='bbox 746 2525 930 2579; x_wconf 83' lang='lat' dir='ltr'>auctoritatem</span> <span class='ocrx_word' id='word_1_190' title='bbox 939 2524 1036 2596; x_wconf 89' lang='lat' dir='ltr'>eripuit</span> <span class='ocrx_word' id='word_1_191' title='bbox 1045 2525 1148 2578; x_wconf 88' lang='lat' dir='ltr'>codices</span> <span class='ocrx_word' id='word_1_192' title='bbox 1159 2543 1220 2579; x_wconf 86' lang='lat' dir='ltr'>suos</span> <span class='ocrx_word' id='word_1_193' title='bbox 1235 2529 1348 2576; x_wconf 88' lang='lat' dir='ltr'>secutus.</span> 
     </span>
     <span class='ocr_line' id='line_1_23' title="bbox 99 2589 1349 2673; baseline -0.002 -27"><span class='ocrx_word' id='word_1_194' title='bbox 99 2601 168 2663; x_wconf 85' lang='lat' dir='ltr'>ptae</span> <span class='ocrx_word' id='word_1_195' title='bbox 186 2591 228 2644; x_wconf 89' lang='lat' dir='ltr'>rei</span> <span class='ocrx_word' id='word_1_196' title='bbox 246 2598 344 2642; x_wconf 90' lang='lat' dir='ltr'>narrat.</span> <span class='ocrx_word' id='word_1_197' title='bbox 379 2591 432 2644; x_wconf 86' lang='lat' dir='ltr'>Sed</span> <span class='ocrx_word' id='word_1_198' title='bbox 454 2593 577 2646; x_wconf 73' lang='lat' dir='ltr'>dubitant</span> <span class='ocrx_word' id='word_1_199' title='bbox 595 2589 715 2671; x_wconf 83' lang='lat' dir='ltr'>possitne</span> <span class='ocrx_word' id='word_1_200' title='bbox 780 2594 913 2646; x_wconf 76' lang='lat' dir='ltr'>Phradati</span> <span class='ocrx_word' id='word_1_201' title='bbox 924 2611 1023 2663; x_wconf 86' lang='lat' dir='ltr'>parere</span> <span class='ocrx_word' id='word_1_202' title='bbox 1041 2611 1083 2646; x_wconf 82' lang='lat' dir='ltr'>eoa</span> <span class='ocrx_word' id='word_1_203' title='bbox 1101 2595 1188 2673; x_wconf 79' lang='lat' dir='ltr'>iussit]</span> <span class='ocrx_word' id='word_1_204' title='bbox 1220 2591 1283 2645; x_wconf 87' lang='lat' dir='ltr'>Non</span> <span class='ocrx_word' id='word_1_205' title='bbox 1337 2621 1349 2633; x_wconf 93' lang='lat'>-</span> 
     </span>
     <span class='ocr_line' id='line_1_24' title="bbox 99 2659 1348 2733; baseline -0.003 -18"><span class='ocrx_word' id='word_1_206' title='bbox 99 2664 283 2732; x_wconf 82' lang='lat' dir='ltr'>aliquantam,</span> <span class='ocrx_word' id='word_1_207' title='bbox 302 2675 424 2730; x_wconf 88' lang='lat' dir='ltr'>cumpro</span> <span class='ocrx_word' id='word_1_208' title='bbox 442 2659 567 2714; x_wconf 89' lang='lat' dir='ltr'>adverbio</span> <span class='ocrx_word' id='word_1_209' title='bbox 585 2667 634 2727; x_wconf 85' lang='lat' dir='ltr'>art,</span> <span class='ocrx_word' id='word_1_210' title='bbox 653 2676 712 2712; x_wconf 92' lang='lat' dir='ltr'>cum</span> <span class='ocrx_word' id='word_1_211' title='bbox 746 2662 785 2715; x_wconf 91' lang='lat' dir='ltr'>tui</span> <span class='ocrx_word' id='word_1_212' title='bbox 812 2680 866 2716; x_wconf 90' lang='lat' dir='ltr'>non</span> <span class='ocrx_word' id='word_1_213' title='bbox 891 2662 1004 2733; x_wconf 86' lang='lat' dir='ltr'>probare</span> <span class='ocrx_word' id='word_1_214' title='bbox 1025 2661 1197 2714; x_wconf 86' lang='lat' dir='ltr'>Freinshemri</span> <span class='ocrx_word' id='word_1_215' title='bbox 1224 2675 1299 2712; x_wconf 89' lang='lat' dir='ltr'>emen</span> <span class='ocrx_word' id='word_1_216' title='bbox 1336 2689 1348 2701; x_wconf 92' lang='lat'><strong>·</strong></span> 
     </span>
     <span class='ocr_line' id='line_1_25' title="bbox 98 2727 1347 2805; baseline -0.003 -23"><span class='ocrx_word' id='word_1_217' title='bbox 98 2729 228 2800; x_wconf 84' lang='lat' dir='ltr'>genitivo</span> <span class='ocrx_word' id='word_1_218' title='bbox 272 2728 420 2782; x_wconf 76' lang='lat' dir='ltr'>altitudinis</span> <span class='ocrx_word' id='word_1_219' title='bbox 456 2729 552 2783; x_wconf 88' lang='lat' dir='ltr'>coniun</span> <span class='ocrx_word' id='word_1_220' title='bbox 573 2727 587 2780; x_wconf 89' lang='lat'>&#39;.</span> <span class='ocrx_word' id='word_1_221' title='bbox 630 2727 711 2796; x_wconf 73' lang='lat' dir='ltr'>‘Opus</span> <span class='ocrx_word' id='word_1_222' title='bbox 745 2730 844 2783; x_wconf 88' lang='lat' dir='ltr'>tionem</span> <span class='ocrx_word' id='word_1_223' title='bbox 868 2730 936 2782; x_wconf 90' lang='lat' dir='ltr'>hanc</span> <span class='ocrx_word' id='word_1_224' title='bbox 958 2748 1007 2801; x_wconf 83' lang='lat' dir='ltr'>pru</span> <span class='ocrx_word' id='word_1_225' title='bbox 1024 2729 1095 2799; x_wconf 85' lang='lat' dir='ltr'>vulg.</span> <span class='ocrx_word' id='word_1_226' title='bbox 1113 2728 1244 2800; x_wconf 86' lang='lat' dir='ltr'>scriptura</span> <span class='ocrx_word' id='word_1_227' title='bbox 1261 2728 1347 2805; x_wconf 71' lang='lat' dir='ltr'>Pira-</span> 
     </span>
     <span class='ocr_line' id='line_1_26' title="bbox 96 2795 1347 2867; baseline -0.005 -16"><span class='ocrx_word' id='word_1_228' title='bbox 96 2803 175 2853; x_wconf 87' lang='lat' dir='ltr'>enim</span> <span class='ocrx_word' id='word_1_229' title='bbox 192 2798 252 2849; x_wconf 86' lang='lat' dir='ltr'>fere</span> <span class='ocrx_word' id='word_1_230' title='bbox 275 2811 389 2849; x_wconf 88' lang='lat' dir='ltr'>crescere</span> <span class='ocrx_word' id='word_1_231' title='bbox 415 2797 523 2852; x_wconf 82' lang='lat' dir='ltr'>dicimus</span> <span class='ocrx_word' id='word_1_232' title='bbox 576 2795 712 2867; x_wconf 90' lang='lat' dir='ltr'>&#39;quantum</span> <span class='ocrx_word' id='word_1_233' title='bbox 746 2801 803 2852; x_wconf 90' lang='lat' dir='ltr'>dati</span> <span class='ocrx_word' id='word_1_234' title='bbox 831 2801 935 2853; x_wconf 80' lang='lat' dir='ltr'>tradere</span> <span class='ocrx_word' id='word_1_235' title='bbox 969 2815 1011 2851; x_wconf 84' lang='lat' dir='ltr'>eos</span> <span class='ocrx_word' id='word_1_236' title='bbox 1039 2799 1124 2850; x_wconf 78' lang='lat' dir='ltr'>iussit.</span> <span class='ocrx_word' id='word_1_237' title='bbox 1174 2795 1347 2849; x_wconf 84' lang='lat' dir='ltr'>Coustmctro</span> 
     </span>
     <span class='ocr_line' id='line_1_27' title="bbox 95 2862 1347 2936; baseline -0.007 -14"><span class='ocrx_word' id='word_1_238' title='bbox 95 2867 126 2922; x_wconf 88' lang='lat' dir='ltr'>in</span> <span class='ocrx_word' id='word_1_239' title='bbox 146 2862 336 2929; x_wconf 83' lang='lat' dir='ltr'>altitudinem,</span> <span class='ocrx_word' id='word_1_240' title='bbox 354 2873 400 2918; x_wconf 91' lang='lat' dir='ltr'>aut</span> <span class='ocrx_word' id='word_1_241' title='bbox 416 2864 442 2918; x_wconf 90' lang='lat' dir='ltr'>in</span> <span class='ocrx_word' id='word_1_242' title='bbox 461 2866 575 2936; x_wconf 86' lang='lat' dir='ltr'>aliquam</span> <span class='ocrx_word' id='word_1_243' title='bbox 592 2863 711 2917; x_wconf 90' lang='lat' dir='ltr'>altitudi·</span> <span class='ocrx_word' id='word_1_244' title='bbox 745 2866 815 2919; x_wconf 88' lang='lat' dir='ltr'>enim</span> <span class='ocrx_word' id='word_1_245' title='bbox 831 2867 972 2919; x_wconf 83' lang='lat' dir='ltr'>verborum</span> <span class='ocrx_word' id='word_1_246' title='bbox 989 2866 1138 2919; x_wconf 83' lang='lat' dir='ltr'>soloecaet</span> <span class='ocrx_word' id='word_1_247' title='bbox 1155 2863 1289 2933; x_wconf 87' lang='lat' dir='ltr'>inelegans</span> <span class='ocrx_word' id='word_1_248' title='bbox 1297 2869 1347 2914; x_wconf 87' lang='lat' dir='ltr'>est.</span> 
     </span>
     <span class='ocr_line' id='line_1_28' title="bbox 94 2931 1347 3003; baseline -0.007 -13"><span class='ocrx_word' id='word_1_249' title='bbox 94 2955 163 2991; x_wconf 88' lang='lat' dir='ltr'>nem</span> <span class='ocrx_word' id='word_1_250' title='bbox 183 2940 293 3001; x_wconf 82' lang='lat' dir='ltr'>(ut1V,</span> <span class='ocrx_word' id='word_1_251' title='bbox 322 2938 360 2985; x_wconf 87' lang='grc'><strong>10,</strong></span> <span class='ocrx_word' id='word_1_252' title='bbox 378 2935 406 2986; x_wconf 86' lang='lat' dir='ltr'>in</span> <span class='ocrx_word' id='word_1_253' title='bbox 432 2936 580 3002; x_wconf 87' lang='lat' dir='ltr'>modicam).</span> <span class='ocrx_word' id='word_1_254' title='bbox 614 2932 658 2986; x_wconf 89' lang='lat' dir='ltr'>Ita</span> <span class='ocrx_word' id='word_1_255' title='bbox 678 2949 711 2985; x_wconf 91' lang='lat' dir='ltr'>ue</span> <span class='ocrx_word' id='word_1_256' title='bbox 745 2935 799 2989; x_wconf 85' lang='lat' dir='ltr'>Sed</span> <span class='ocrx_word' id='word_1_257' title='bbox 822 2933 849 2987; x_wconf 90' lang='lat' dir='ltr'>in</span> <span class='ocrx_word' id='word_1_258' title='bbox 866 2933 939 2986; x_wconf 84' lang='lat' dir='ltr'>libris</span> <span class='ocrx_word' id='word_1_259' title='bbox 956 2933 1030 2986; x_wconf 91' lang='lat' dir='ltr'>mstis</span> <span class='ocrx_word' id='word_1_260' title='bbox 1056 2932 1120 2986; x_wconf 92' lang='lat' dir='ltr'>nihil</span> <span class='ocrx_word' id='word_1_261' title='bbox 1137 2931 1194 3003; x_wconf 90' lang='lat' dir='ltr'>opis</span> <span class='ocrx_word' id='word_1_262' title='bbox 1212 2939 1263 2996; x_wconf 91' lang='lat' dir='ltr'>est,</span> <span class='ocrx_word' id='word_1_263' title='bbox 1281 2947 1347 2999; x_wconf 91' lang='lat' dir='ltr'>quo·</span> 
     </span>
     <span class='ocr_line' id='line_1_29' title="bbox 93 2950 1348 3083; baseline -0.01 -22"><span class='ocrx_word' id='word_1_264' title='bbox 93 3003 244 3060; x_wconf 85' lang='lat' dir='ltr'>Acidalius</span> <span class='ocrx_word' id='word_1_265' title='bbox 266 3017 326 3052; x_wconf 89' lang='lat' dir='ltr'>cum</span> <span class='ocrx_word' id='word_1_266' title='bbox 348 3001 403 3054; x_wconf 87' lang='lat' dir='ltr'>aliis</span> <span class='ocrx_word' id='word_1_267' title='bbox 420 3004 448 3055; x_wconf 91' lang='lat' dir='ltr'>in</span> <span class='ocrx_word' id='word_1_268' title='bbox 466 3004 631 3083; x_wconf 69' lang='lat' dir='ltr'>aliquantum</span> <span class='ocrx_word' id='word_1_269' title='bbox 649 2950 710 3054; x_wconf 80' lang='lat' dir='ltr'>diti·</span> <span class='ocrx_word' id='word_1_270' title='bbox 746 3021 805 3056; x_wconf 91' lang='lat' dir='ltr'>rum</span> <span class='ocrx_word' id='word_1_271' title='bbox 831 3020 891 3072; x_wconf 89' lang='lat' dir='ltr'>pars</span> <span class='ocrx_word' id='word_1_272' title='bbox 918 3001 1002 3054; x_wconf 84' lang='lat' dir='ltr'>ultera</span> <span class='ocrx_word' id='word_1_273' title='bbox 1020 3000 1113 3053; x_wconf 89' lang='lat' dir='ltr'>ordine</span> <span class='ocrx_word' id='word_1_274' title='bbox 1130 3008 1236 3053; x_wconf 91' lang='lat' dir='ltr'>tantum</span> <span class='ocrx_word' id='word_1_275' title='bbox 1252 2998 1348 3050; x_wconf 85' lang='lat' dir='ltr'>verbo·</span> 
     </span>
     <span class='ocr_line' id='line_1_30' title="bbox 93 3069 1212 3129; baseline -0.009 1"><span class='ocrx_word' id='word_1_276' title='bbox 93 3075 205 3129; x_wconf 83' lang='lat' dir='ltr'>tudinis</span> <span class='ocrx_word' id='word_1_277' title='bbox 226 3069 416 3122; x_wconf 86' lang='lat' dir='ltr'>emendandum</span> <span class='ocrx_word' id='word_1_278' title='bbox 434 3079 543 3124; x_wconf 85' lang='lat' dir='ltr'>censurt.</span> <span class='ocrx_word' id='word_1_279' title='bbox 569 3071 629 3123; x_wconf 86' lang='lat' dir='ltr'>Hoc</span> <span class='ocrx_word' id='word_1_280' title='bbox 646 3069 710 3123; x_wconf 92' lang='lat' dir='ltr'>mihi</span> <span class='ocrx_word' id='word_1_281' title='bbox 744 3089 803 3124; x_wconf 91' lang='lat' dir='ltr'>rum</span> <span class='ocrx_word' id='word_1_282' title='bbox 821 3078 924 3123; x_wconf 88' lang='lat' dir='ltr'>mutato</span> <span class='ocrx_word' id='word_1_283' title='bbox 942 3087 984 3123; x_wconf 82' lang='lat' dir='ltr'>eoa</span> <span class='ocrx_word' id='word_1_284' title='bbox 1002 3072 1106 3123; x_wconf 85' lang='lat' dir='ltr'>tradere</span> <span class='ocrx_word' id='word_1_285' title='bbox 1123 3069 1212 3121; x_wconf 86' lang='lat' dir='ltr'>habet.</span> 
     </span>
     <span class='ocr_line' id='line_1_31' title="bbox 93 3135 1348 3219; baseline -0.008 -22"><span class='ocrx_word' id='word_1_286' title='bbox 93 3143 213 3215; x_wconf 88' lang='lat' dir='ltr'>quidem</span> <span class='ocrx_word' id='word_1_287' title='bbox 234 3135 370 3205; x_wconf 88' lang='lat' dir='ltr'>displicet,</span> <span class='ocrx_word' id='word_1_288' title='bbox 397 3139 448 3192; x_wconf 90' lang='lat' dir='ltr'>etsi</span> <span class='ocrx_word' id='word_1_289' title='bbox 471 3139 561 3192; x_wconf 85' lang='lat' dir='ltr'>Livius</span> <span class='ocrx_word' id='word_1_290' title='bbox 580 3138 647 3192; x_wconf 80' lang='lat' dir='ltr'>dixit</span> <span class='ocrx_word' id='word_1_291' title='bbox 665 3137 710 3190; x_wconf 91' lang='lat' dir='ltr'>lib.</span> <span class='ocrx_word' id='word_1_292' title='bbox 781 3140 1010 3219; x_wconf 66' lang='lat' dir='ltr'>Cap.18,5.22.</span> <span class='ocrx_word' id='word_1_293' title='bbox 1036 3155 1111 3219; x_wconf 74' lang='lat' dir='ltr'>quem</span> <span class='ocrx_word' id='word_1_294' title='bbox 1128 3139 1235 3190; x_wconf 85' lang='lat' dir='ltr'>Dareus</span> <span class='ocrx_word' id='word_1_295' title='bbox 1253 3135 1348 3188; x_wconf 78' lang='lat' dir='ltr'>babue-</span> 
     </span>
     <span class='ocr_line' id='line_1_32' title="bbox 91 3201 1348 3278; baseline -0.006 -18"><span class='ocrx_word' id='word_1_296' title='bbox 91 3226 183 3278; x_wconf 71' lang='grc' dir='ltr'><strong>χιιι,</strong></span> <span class='ocrx_word' id='word_1_297' title='bbox 206 3213 259 3274; x_wconf 86' lang='grc'><strong>15,</strong></span> <span class='ocrx_word' id='word_1_298' title='bbox 279 3211 294 3256; x_wconf 81' lang='grc'>5</span> <span class='ocrx_word' id='word_1_299' title='bbox 317 3207 407 3260; x_wconf 82' lang='lat' dir='ltr'>dextra</span> <span class='ocrx_word' id='word_1_300' title='bbox 419 3226 488 3277; x_wconf 82' lang='lat' dir='ltr'>para</span> <span class='ocrx_word' id='word_1_301' title='bbox 507 3209 564 3260; x_wconf 84' lang='lat' dir='ltr'>labe</span> <span class='ocrx_word' id='word_1_302' title='bbox 582 3217 664 3260; x_wconf 83' lang='lat' dir='ltr'>terrae</span> <span class='ocrx_word' id='word_1_303' title='bbox 682 3208 710 3258; x_wconf 87' lang='lat' dir='ltr'>in</span> <span class='ocrx_word' id='word_1_304' title='bbox 744 3209 799 3278; x_wconf 87' lang='lat' dir='ltr'>rat]</span> <span class='ocrx_word' id='word_1_305' title='bbox 835 3207 961 3276; x_wconf 77' lang='lat' dir='ltr'>Plerique</span> <span class='ocrx_word' id='word_1_306' title='bbox 984 3205 1044 3259; x_wconf 86' lang='lat' dir='ltr'>librr</span> <span class='ocrx_word' id='word_1_307' title='bbox 1065 3214 1093 3258; x_wconf 86' lang='lat' dir='ltr'>et</span> <span class='ocrx_word' id='word_1_308' title='bbox 1114 3223 1194 3258; x_wconf 89' lang='lat' dir='ltr'>manu</span> <span class='ocrx_word' id='word_1_309' title='bbox 1211 3201 1303 3273; x_wconf 87' lang='lat' dir='ltr'>scripti</span> <span class='ocrx_word' id='word_1_310' title='bbox 1320 3208 1348 3254; x_wconf 89' lang='lat' dir='ltr'>ct</span> 
     </span>
     <span class='ocr_line' id='line_1_33' title="bbox 91 3270 1348 3351; baseline -0.009 -17"><span class='ocrx_word' id='word_1_311' title='bbox 91 3283 273 3351; x_wconf 82' lang='lat' dir='ltr'>aliquantum</span> <span class='ocrx_word' id='word_1_312' title='bbox 292 3274 436 3329; x_wconf 80' lang='lat' dir='ltr'>altitudinis</span> <span class='ocrx_word' id='word_1_313' title='bbox 455 3279 544 3329; x_wconf 83' lang='lat' dir='ltr'>diruta</span> <span class='ocrx_word' id='word_1_314' title='bbox 564 3285 638 3328; x_wconf 89' lang='lat' dir='ltr'>erat:</span> <span class='ocrx_word' id='word_1_315' title='bbox 654 3293 710 3327; x_wconf 89' lang='lat' dir='ltr'>ma·</span> <span class='ocrx_word' id='word_1_316' title='bbox 745 3276 809 3329; x_wconf 89' lang='lat' dir='ltr'>editi</span> <span class='ocrx_word' id='word_1_317' title='bbox 827 3274 984 3329; x_wconf 87' lang='lat' dir='ltr'>nominatim</span> <span class='ocrx_word' id='word_1_318' title='bbox 1000 3274 1228 3328; x_wconf 86' lang='lat' dir='ltr'>Freinshemianae</span> <span class='ocrx_word' id='word_1_319' title='bbox 1253 3270 1348 3325; x_wconf 91' lang='lat' dir='ltr'>editio·</span> 
     </span>
     <span class='ocr_line' id='line_1_34' title="bbox 91 3339 1348 3421; baseline -0.006 -22"><span class='ocrx_word' id='word_1_320' title='bbox 91 3349 136 3421; x_wconf 83' lang='lat' dir='ltr'>gis</span> <span class='ocrx_word' id='word_1_321' title='bbox 162 3359 250 3417; x_wconf 86' lang='lat' dir='ltr'>posse</span> <span class='ocrx_word' id='word_1_322' title='bbox 274 3340 416 3413; x_wconf 82' lang='lat' dir='ltr'>genitivum</span> <span class='ocrx_word' id='word_1_323' title='bbox 442 3342 549 3415; x_wconf 88' lang='lat' dir='ltr'>adiungi</span> <span class='ocrx_word' id='word_1_324' title='bbox 576 3351 641 3414; x_wconf 88' lang='lat' dir='ltr'>puto</span> <span class='ocrx_word' id='word_1_325' title='bbox 664 3343 710 3397; x_wconf 92' lang='lat' dir='ltr'>ubi</span> <span class='ocrx_word' id='word_1_326' title='bbox 745 3362 791 3398; x_wconf 89' lang='lat' dir='ltr'>nes</span> <span class='ocrx_word' id='word_1_327' title='bbox 809 3363 886 3415; x_wconf 83' lang='lat' dir='ltr'>quam</span> <span class='ocrx_word' id='word_1_328' title='bbox 904 3343 1044 3410; x_wconf 88' lang='lat' dir='ltr'>exhibent,</span> <span class='ocrx_word' id='word_1_329' title='bbox 1067 3345 1113 3396; x_wconf 86' lang='lat' dir='ltr'>sed</span> <span class='ocrx_word' id='word_1_330' title='bbox 1131 3361 1203 3415; x_wconf 79' lang='lat' dir='ltr'>quem</span> <span class='ocrx_word' id='word_1_331' title='bbox 1221 3339 1348 3395; x_wconf 85' lang='lat' dir='ltr'>Modiana</span> 
     </span>
     <span class='ocr_line' id='line_1_35' title="bbox 91 3408 1345 3486; baseline -0.006 -16"><span class='ocrx_word' id='word_1_332' title='bbox 91 3420 273 3486; x_wconf 83' lang='lat' dir='ltr'>aliquantam</span> <span class='ocrx_word' id='word_1_333' title='bbox 299 3408 367 3463; x_wconf 91' lang='lat' dir='ltr'>inter</span> <span class='ocrx_word' id='word_1_334' title='bbox 391 3412 514 3466; x_wconf 88' lang='lat' dir='ltr'>adiectivi</span> <span class='ocrx_word' id='word_1_335' title='bbox 541 3419 569 3465; x_wconf 93' lang='lat' dir='ltr'>et</span> <span class='ocrx_word' id='word_1_336' title='bbox 593 3410 711 3464; x_wconf 84' lang='lat' dir='ltr'>adverbii</span> <span class='ocrx_word' id='word_1_337' title='bbox 744 3413 844 3480; x_wconf 85' lang='lat' dir='ltr'>editio,</span> <span class='ocrx_word' id='word_1_338' title='bbox 869 3412 943 3467; x_wconf 88' lang='lat' dir='ltr'>codd.</span> <span class='ocrx_word' id='word_1_339' title='bbox 967 3411 1041 3465; x_wconf 92' lang='lat' dir='ltr'>Leid.</span> <span class='ocrx_word' id='word_1_340' title='bbox 1064 3416 1141 3467; x_wconf 86' lang='lat' dir='ltr'>Voss.</span> <span class='ocrx_word' id='word_1_341' title='bbox 1169 3419 1182 3464; x_wconf 90' lang='grc'><strong>1</strong></span> <span class='ocrx_word' id='word_1_342' title='bbox 1213 3411 1294 3465; x_wconf 90' lang='lat' dir='ltr'>Bern.</span> <span class='ocrx_word' id='word_1_343' title='bbox 1320 3410 1345 3462; x_wconf 88' lang='lat' dir='ltr'>A</span> 
     </span>
     <span class='ocr_line' id='line_1_36' title="bbox 91 3479 866 3556; baseline 0 -21"><span class='ocrx_word' id='word_1_344' title='bbox 91 3479 326 3556; x_wconf 75' lang='lat' dir='ltr'>significationem</span> <span class='ocrx_word' id='word_1_345' title='bbox 349 3480 474 3548; x_wconf 83' lang='lat' dir='ltr'>fluctuet,</span> <span class='ocrx_word' id='word_1_346' title='bbox 498 3488 528 3533; x_wconf 92' lang='lat' dir='ltr'>ut</span> <span class='ocrx_word' id='word_1_347' title='bbox 546 3481 615 3551; x_wconf 89' lang='lat' dir='ltr'>apud</span> <span class='ocrx_word' id='word_1_348' title='bbox 634 3480 709 3534; x_wconf 86' lang='lat' dir='ltr'>Caes.</span> <span class='ocrx_word' id='word_1_349' title='bbox 743 3483 814 3535; x_wconf 86' lang='lat' dir='ltr'>Flor.</span> <span class='ocrx_word' id='word_1_350' title='bbox 833 3487 866 3535; x_wconf 89' lang='lat' dir='ltr'>A.</span> 
     </span>
    </p>

    <p class='ocr_par' dir='ltr' id='par_1_6' title="bbox 91 3548 1345 4243">
     <span class='ocr_line' id='line_1_37' title="bbox 91 3548 1344 3618; baseline -0.006 -10"><span class='ocrx_word' id='word_1_351' title='bbox 91 3554 159 3609; x_wconf 85' lang='lat' dir='ltr'>bell.</span> <span class='ocrx_word' id='word_1_352' title='bbox 185 3548 261 3604; x_wconf 88' lang='lat' dir='ltr'>Gall.</span> <span class='ocrx_word' id='word_1_353' title='bbox 279 3562 313 3612; x_wconf 85' lang='lat' dir='ltr'>v,</span> <span class='ocrx_word' id='word_1_354' title='bbox 333 3554 363 3601; x_wconf 89' lang='lat'>10</span> <span class='ocrx_word' id='word_1_355' title='bbox 380 3550 432 3603; x_wconf 78' lang='lat' dir='ltr'>Hie</span> <span class='ocrx_word' id='word_1_356' title='bbox 450 3551 488 3603; x_wconf 86' lang='lat' dir='ltr'>ali</span> <span class='ocrx_word' id='word_1_357' title='bbox 506 3560 613 3603; x_wconf 83' lang='lat' dir='ltr'>uantum</span> <span class='ocrx_word' id='word_1_358' title='bbox 631 3551 707 3602; x_wconf 89' lang='lat' dir='ltr'>itine·</span> <span class='ocrx_word' id='word_1_359' title='bbox 776 3553 835 3604; x_wconf 88' lang='lat' dir='ltr'>Iam</span> <span class='ocrx_word' id='word_1_360' title='bbox 860 3553 898 3603; x_wconf 88' lang='lat' dir='ltr'>ad</span> <span class='ocrx_word' id='word_1_361' title='bbox 921 3550 1009 3602; x_wconf 84' lang='lat' dir='ltr'>urbem</span> <span class='ocrx_word' id='word_1_362' title='bbox 1038 3550 1130 3618; x_wconf 76' lang='lat' dir='ltr'>Hyrc.]</span> <span class='ocrx_word' id='word_1_363' title='bbox 1173 3550 1344 3602; x_wconf 88' lang='lat' dir='ltr'>Zadracarta</span> 
     </span>
     <span class='ocr_line' id='line_1_38' title="bbox 91 3616 1344 3700; baseline -0.004 -28"><span class='ocrx_word' id='word_1_364' title='bbox 91 3626 132 3677; x_wconf 77' lang='lat' dir='ltr'>ris</span> <span class='ocrx_word' id='word_1_365' title='bbox 147 3618 329 3700; x_wconf 74' lang='lat' dir='ltr'>propresais,</span> <span class='ocrx_word' id='word_1_366' title='bbox 355 3624 382 3669; x_wconf 93' lang='lat' dir='ltr'>et</span> <span class='ocrx_word' id='word_1_367' title='bbox 407 3619 475 3699; x_wconf 87' lang='lat' dir='ltr'>apud</span> <span class='ocrx_word' id='word_1_368' title='bbox 518 3617 598 3670; x_wconf 81' lang='lat' dir='ltr'>ivium</span> <span class='ocrx_word' id='word_1_369' title='bbox 624 3632 649 3682; x_wconf 89' lang='lat'>1,</span> <span class='ocrx_word' id='word_1_370' title='bbox 673 3622 706 3669; x_wconf 79' lang='lat'>25</span> <span class='ocrx_word' id='word_1_371' title='bbox 742 3619 858 3690; x_wconf 88' lang='lat' dir='ltr'>appellat</span> <span class='ocrx_word' id='word_1_372' title='bbox 890 3617 1030 3686; x_wconf 86' lang='lat' dir='ltr'>Arrianus,</span> <span class='ocrx_word' id='word_1_373' title='bbox 1062 3618 1208 3688; x_wconf 86' lang='lat' dir='ltr'>eademque</span> <span class='ocrx_word' id='word_1_374' title='bbox 1238 3616 1344 3668; x_wconf 89' lang='lat' dir='ltr'>videtur</span> 
     </span>
     <span class='ocr_line' id='line_1_39' title="bbox 91 3684 1343 3758; baseline -0.006 -17"><span class='ocrx_word' id='word_1_375' title='bbox 91 3696 149 3746; x_wconf 72' lang='lat' dir='ltr'>tam</span> <span class='ocrx_word' id='word_1_376' title='bbox 173 3691 343 3758; x_wconf 76' lang='lat' dir='ltr'>aliquantam</span> <span class='ocrx_word' id='word_1_377' title='bbox 359 3689 439 3754; x_wconf 75' lang='lat' dir='ltr'>spatii</span> <span class='ocrx_word' id='word_1_378' title='bbox 456 3688 609 3756; x_wconf 69' lang='lat' dir='ltr'>aufugerat,</span> <span class='ocrx_word' id='word_1_379' title='bbox 628 3693 707 3755; x_wconf 87' lang='lat' dir='ltr'>atque</span> <span class='ocrx_word' id='word_1_380' title='bbox 740 3705 797 3741; x_wconf 86' lang='lat' dir='ltr'>esse</span> <span class='ocrx_word' id='word_1_381' title='bbox 821 3705 900 3758; x_wconf 90' lang='lat' dir='ltr'>quam</span> <span class='ocrx_word' id='word_1_382' title='bbox 921 3694 1012 3740; x_wconf 88' lang='lat' dir='ltr'>noster</span> <span class='ocrx_word' id='word_1_383' title='bbox 1033 3704 1055 3740; x_wconf 88' lang='lat' dir='ltr'>e.</span> <span class='ocrx_word' id='word_1_384' title='bbox 1075 3694 1105 3741; x_wconf 80' lang='lat'>13</span> <span class='ocrx_word' id='word_1_385' title='bbox 1125 3689 1213 3739; x_wconf 83' lang='lat' dir='ltr'>Arvas</span> <span class='ocrx_word' id='word_1_386' title='bbox 1232 3684 1343 3737; x_wconf 87' lang='lat' dir='ltr'>dixerat.</span> 
     </span>
     <span class='ocr_line' id='line_1_40' title="bbox 91 3755 1343 3826; baseline -0.007 -13"><span class='ocrx_word' id='word_1_387' title='bbox 91 3774 181 3825; x_wconf 79' lang='lat' dir='ltr'>mx,</span> <span class='ocrx_word' id='word_1_388' title='bbox 206 3761 260 3820; x_wconf 88' lang='lat'>18,</span> <span class='ocrx_word' id='word_1_389' title='bbox 289 3758 317 3804; x_wconf 82' lang='grc'><strong>17</strong></span> <span class='ocrx_word' id='word_1_390' title='bbox 344 3770 411 3808; x_wconf 91' lang='lat' dir='ltr'>nunc</span> <span class='ocrx_word' id='word_1_391' title='bbox 436 3755 526 3808; x_wconf 82' lang='lat' dir='ltr'>editur</span> <span class='ocrx_word' id='word_1_392' title='bbox 543 3756 706 3825; x_wconf 84' lang='lat' dir='ltr'>aliquantum</span> <span class='ocrx_word' id='word_1_393' title='bbox 742 3757 868 3811; x_wconf 88' lang='lat' dir='ltr'>Ceterum</span> <span class='ocrx_word' id='word_1_394' title='bbox 885 3758 989 3826; x_wconf 80' lang='lat' dir='ltr'>ianque</span> <span class='ocrx_word' id='word_1_395' title='bbox 1006 3755 1033 3808; x_wconf 93' lang='lat' dir='ltr'>in</span> <span class='ocrx_word' id='word_1_396' title='bbox 1051 3755 1103 3808; x_wconf 89' lang='lat' dir='ltr'>suis</span> <span class='ocrx_word' id='word_1_397' title='bbox 1114 3755 1187 3808; x_wconf 90' lang='lat' dir='ltr'>libris</span> <span class='ocrx_word' id='word_1_398' title='bbox 1196 3770 1252 3807; x_wconf 90' lang='lat' dir='ltr'>esse</span> <span class='ocrx_word' id='word_1_399' title='bbox 1261 3769 1343 3804; x_wconf 89' lang='lat' dir='ltr'>anno-</span> 
     </span>
     <span class='ocr_line' id='line_1_41' title="bbox 91 3819 1343 3894; baseline -0.005 -17"><span class='ocrx_word' id='word_1_400' title='bbox 91 3828 177 3883; x_wconf 84' lang='lat' dir='ltr'>&#39;olim</span> <span class='ocrx_word' id='word_1_401' title='bbox 200 3826 243 3877; x_wconf 89' lang='lat' dir='ltr'>ad</span> <span class='ocrx_word' id='word_1_402' title='bbox 265 3820 338 3889; x_wconf 81' lang='lat' dir='ltr'>aliq.)</span> <span class='ocrx_word' id='word_1_403' title='bbox 356 3823 408 3874; x_wconf 86' lang='lat' dir='ltr'>iam</span> <span class='ocrx_word' id='word_1_404' title='bbox 424 3825 574 3877; x_wconf 79' lang='lat' dir='ltr'>altitudinis</span> <span class='ocrx_word' id='word_1_405' title='bbox 592 3824 704 3875; x_wconf 78' lang='lat' dir='ltr'>excitata</span> <span class='ocrx_word' id='word_1_406' title='bbox 726 3823 925 3894; x_wconf 38' lang='lat' dir='ltr'>‚tatSnakenb</span> <span class='ocrx_word' id='word_1_407' title='bbox 945 3825 1016 3894; x_wconf 91' lang='lat' dir='ltr'>quod</span> <span class='ocrx_word' id='word_1_408' title='bbox 1034 3823 1061 3876; x_wconf 92' lang='lat' dir='ltr'>in</span> <span class='ocrx_word' id='word_1_409' title='bbox 1077 3823 1142 3875; x_wconf 89' lang='lat' dir='ltr'>meis</span> <span class='ocrx_word' id='word_1_410' title='bbox 1157 3840 1211 3875; x_wconf 89' lang='lat' dir='ltr'>non</span> <span class='ocrx_word' id='word_1_411' title='bbox 1228 3819 1343 3884; x_wconf 85' lang='lat' dir='ltr'>invenio,</span> 
     </span>
     <span class='ocr_line' id='line_1_42' title="bbox 91 3879 1345 3973; baseline -0.01 -23"><span class='ocrx_word' id='word_1_412' title='bbox 91 3879 178 3950; x_wconf 69' lang='lat' dir='ltr'>iram</span> <span class='ocrx_word' id='word_1_413' title='bbox 203 3891 316 3944; x_wconf 87' lang='lat' dir='ltr'>moenia.</span> <span class='ocrx_word' id='word_1_414' title='bbox 349 3889 417 3943; x_wconf 88' lang='lat' dir='ltr'>Tum</span> <span class='ocrx_word' id='word_1_415' title='bbox 440 3892 572 3961; x_wconf 79' lang='lat' dir='ltr'>desperati</span> <span class='ocrx_word' id='word_1_416' title='bbox 590 3890 704 3943; x_wconf 87' lang='lat' dir='ltr'>scriben-</span> <span class='ocrx_word' id='word_1_417' title='bbox 738 3901 766 3946; x_wconf 89' lang='lat' dir='ltr'>ct</span> <span class='ocrx_word' id='word_1_418' title='bbox 790 3895 861 3973; x_wconf 86' lang='lat' dir='ltr'>quod</span> <span class='ocrx_word' id='word_1_419' title='bbox 883 3893 962 3946; x_wconf 87' lang='lat' dir='ltr'>etiam</span> <span class='ocrx_word' id='word_1_420' title='bbox 978 3892 1077 3944; x_wconf 84' lang='lat' dir='ltr'>Aldum</span> <span class='ocrx_word' id='word_1_421' title='bbox 1103 3899 1131 3944; x_wconf 91' lang='lat' dir='ltr'>et</span> <span class='ocrx_word' id='word_1_422' title='bbox 1153 3889 1284 3942; x_wconf 87' lang='lat' dir='ltr'>Merulam</span> <span class='ocrx_word' id='word_1_423' title='bbox 1308 3885 1345 3938; x_wconf 89' lang='lat' dir='ltr'>sic</span> 
     </span>
     <span class='ocr_line' id='line_1_43' title="bbox 91 3953 1344 4038; baseline -0.006 -25"><span class='ocrx_word' id='word_1_424' title='bbox 91 3968 161 4018; x_wconf 68' lang='lat' dir='ltr'>dum</span> <span class='ocrx_word' id='word_1_425' title='bbox 192 3967 257 4012; x_wconf 86' lang='lat' dir='ltr'>erat</span> <span class='ocrx_word' id='word_1_426' title='bbox 279 3966 386 4038; x_wconf 80' lang='lat' dir='ltr'>propter</span> <span class='ocrx_word' id='word_1_427' title='bbox 402 3960 520 4013; x_wconf 90' lang='lat' dir='ltr'>codicum</span> <span class='ocrx_word' id='word_1_428' title='bbox 538 3975 704 4026; x_wconf 80' lang='lat' dir='ltr'>consensum3</span> <span class='ocrx_word' id='word_1_429' title='bbox 739 3961 850 4016; x_wconf 86' lang='lat' dir='ltr'>edidrsse</span> <span class='ocrx_word' id='word_1_430' title='bbox 867 3961 958 4028; x_wconf 85' lang='lat' dir='ltr'>tradit,</span> <span class='ocrx_word' id='word_1_431' title='bbox 977 3959 1150 4029; x_wconf 88' lang='lat' dir='ltr'>suspicionem</span> <span class='ocrx_word' id='word_1_432' title='bbox 1167 3955 1262 4010; x_wconf 89' lang='lat' dir='ltr'>erroris</span> <span class='ocrx_word' id='word_1_433' title='bbox 1279 3953 1344 4033; x_wconf 82' lang='lat' dir='ltr'>mihi</span> 
     </span>
     <span class='ocr_line' id='line_1_44' title="bbox 91 4026 1343 4100; baseline -0.009 -14"><span class='ocrx_word' id='word_1_434' title='bbox 91 4029 268 4086; x_wconf 72' lang='lat' dir='ltr'>recentiores</span> <span class='ocrx_word' id='word_1_435' title='bbox 294 4027 401 4081; x_wconf 87' lang='lat' dir='ltr'>edrtores</span> <span class='ocrx_word' id='word_1_436' title='bbox 426 4032 561 4097; x_wconf 79' lang='lat' dir='ltr'>desperato</span> <span class='ocrx_word' id='word_1_437' title='bbox 584 4043 704 4080; x_wconf 88' lang='lat' dir='ltr'>correxe-</span> <span class='ocrx_word' id='word_1_438' title='bbox 738 4030 835 4098; x_wconf 76' lang='lat' dir='ltr'>inficit,</span> <span class='ocrx_word' id='word_1_439' title='bbox 860 4028 983 4100; x_wconf 88' lang='lat' dir='ltr'>quoniam</span> <span class='ocrx_word' id='word_1_440' title='bbox 1009 4028 1035 4080; x_wconf 92' lang='lat' dir='ltr'>in</span> <span class='ocrx_word' id='word_1_441' title='bbox 1062 4026 1102 4079; x_wconf 87' lang='lat' dir='ltr'>his</span> <span class='ocrx_word' id='word_1_442' title='bbox 1121 4033 1194 4078; x_wconf 89' lang='lat' dir='ltr'>certo</span> <span class='ocrx_word' id='word_1_443' title='bbox 1213 4031 1343 4093; x_wconf 81' lang='lat' dir='ltr'>repentur</span> 
     </span>
     <span class='ocr_line' id='line_1_45' title="bbox 91 4089 1343 4167; baseline -0.009 -15"><span class='ocrx_word' id='word_1_444' title='bbox 91 4108 171 4164; x_wconf 83' lang='lat' dir='ltr'>rant,</span> <span class='ocrx_word' id='word_1_445' title='bbox 190 4095 307 4167; x_wconf 90' lang='lat' dir='ltr'>quodre</span> <span class='ocrx_word' id='word_1_446' title='bbox 324 4094 629 4163; x_wconf 89' lang='lat' dir='ltr'>rehenderenonaudco,</span> <span class='ocrx_word' id='word_1_447' title='bbox 646 4113 705 4149; x_wconf 87' lang='lat' dir='ltr'>cum</span> <span class='ocrx_word' id='word_1_448' title='bbox 739 4101 800 4152; x_wconf 88' lang='lat' dir='ltr'>iam.</span> <span class='ocrx_word' id='word_1_449' title='bbox 845 4098 899 4152; x_wconf 88' lang='lat' dir='ltr'>Sed</span> <span class='ocrx_word' id='word_1_450' title='bbox 928 4114 979 4167; x_wconf 91' lang='lat' dir='ltr'>pro</span> <span class='ocrx_word' id='word_1_451' title='bbox 1005 4113 1037 4149; x_wconf 90' lang='lat' dir='ltr'>co</span> <span class='ocrx_word' id='word_1_452' title='bbox 1067 4095 1093 4146; x_wconf 92' lang='lat' dir='ltr'>in</span> <span class='ocrx_word' id='word_1_453' title='bbox 1125 4093 1198 4147; x_wconf 86' lang='lat' dir='ltr'>Flor.</span> <span class='ocrx_word' id='word_1_454' title='bbox 1225 4089 1343 4144; x_wconf 83' lang='lat' dir='ltr'>DEFHI</span> 
     </span>
     <span class='ocr_line' id='line_1_46' title="bbox 91 4113 1215 4243; baseline -0.006 -22"><span class='ocrx_word' id='word_1_455' title='bbox 91 4168 177 4232; x_wconf 88' lang='lat' dir='ltr'>illud,</span> <span class='ocrx_word' id='word_1_456' title='bbox 198 4164 273 4234; x_wconf 87' lang='lat' dir='ltr'>quod</span> <span class='ocrx_word' id='word_1_457' title='bbox 290 4113 368 4228; x_wconf 77' lang='lat' dir='ltr'>edidi,</span> <span class='ocrx_word' id='word_1_458' title='bbox 385 4163 479 4218; x_wconf 91' lang='lat' dir='ltr'>idoneo</span> <span class='ocrx_word' id='word_1_459' title='bbox 497 4164 618 4243; x_wconf 84' lang='lat' dir='ltr'>exemplo</span> <span class='ocrx_word' id='word_1_460' title='bbox 636 4163 705 4216; x_wconf 90' lang='lat' dir='ltr'>tucri</span> <span class='ocrx_word' id='word_1_461' title='bbox 739 4167 818 4221; x_wconf 88' lang='lat' dir='ltr'>Bern.</span> <span class='ocrx_word' id='word_1_462' title='bbox 836 4169 860 4221; x_wconf 89' lang='lat' dir='ltr'>B</span> <span class='ocrx_word' id='word_1_463' title='bbox 879 4166 936 4218; x_wconf 89' lang='lat' dir='ltr'>Pal.</span> <span class='ocrx_word' id='word_1_464' title='bbox 957 4172 968 4216; x_wconf 95' lang='lat'>1</span> <span class='ocrx_word' id='word_1_465' title='bbox 989 4163 1086 4233; x_wconf 88' lang='lat' dir='ltr'>legitur</span> <span class='ocrx_word' id='word_1_466' title='bbox 1105 4165 1215 4215; x_wconf 85' lang='lat' dir='ltr'>tandem.</span> 
     </span>
    </p>

    <p class='ocr_par' dir='ltr' id='par_1_7' title="bbox 91 4228 1345 4511">
     <span class='ocr_line' id='line_1_47' title="bbox 91 4228 1342 4315; baseline -0.007 -26"><span class='ocrx_word' id='word_1_467' title='bbox 91 4252 153 4289; x_wconf 90' lang='lat' dir='ltr'>non</span> <span class='ocrx_word' id='word_1_468' title='bbox 175 4230 285 4302; x_wconf 88' lang='lat' dir='ltr'>possim.</span> <span class='ocrx_word' id='word_1_469' title='bbox 317 4230 384 4286; x_wconf 89' lang='lat' dir='ltr'>Nam</span> <span class='ocrx_word' id='word_1_470' title='bbox 408 4233 588 4286; x_wconf 89' lang='lat' dir='ltr'>Ruddimanm</span> <span class='ocrx_word' id='word_1_471' title='bbox 614 4240 704 4286; x_wconf 91' lang='lat' dir='ltr'>aucto·</span> <span class='ocrx_word' id='word_1_472' title='bbox 773 4239 795 4315; x_wconf 94' lang='lat'>5.</span> <span class='ocrx_word' id='word_1_473' title='bbox 815 4243 857 4290; x_wconf 78' lang='grc'>23.</span> <span class='ocrx_word' id='word_1_474' title='bbox 893 4243 1012 4287; x_wconf 81' lang='lat' dir='ltr'>assuetus</span> <span class='ocrx_word' id='word_1_475' title='bbox 1024 4231 1129 4300; x_wconf 83' lang='lat' dir='ltr'>fuerat]</span> <span class='ocrx_word' id='word_1_476' title='bbox 1166 4228 1211 4282; x_wconf 90' lang='lat' dir='ltr'>Sic</span> <span class='ocrx_word' id='word_1_477' title='bbox 1236 4245 1283 4281; x_wconf 92' lang='lat' dir='ltr'>nos</span> <span class='ocrx_word' id='word_1_478' title='bbox 1308 4245 1342 4280; x_wconf 89' lang='lat' dir='ltr'>ex</span> 
     </span>
     <span class='ocr_line' id='line_1_48' title="bbox 91 4296 1341 4374; baseline -0.006 -18"><span class='ocrx_word' id='word_1_479' title='bbox 91 4303 168 4356; x_wconf 74' lang='lat' dir='ltr'>ritas</span> <span class='ocrx_word' id='word_1_480' title='bbox 189 4301 220 4352; x_wconf 91' lang='lat' dir='ltr'>in</span> <span class='ocrx_word' id='word_1_481' title='bbox 240 4299 323 4368; x_wconf 85' lang='lat' dir='ltr'>amplo</span> <span class='ocrx_word' id='word_1_482' title='bbox 343 4300 431 4355; x_wconf 89' lang='lat' dir='ltr'>talium</span> <span class='ocrx_word' id='word_1_483' title='bbox 448 4301 646 4374; x_wconf 87' lang='lat' dir='ltr'>participiorum</span> <span class='ocrx_word' id='word_1_484' title='bbox 664 4301 704 4353; x_wconf 91' lang='lat' dir='ltr'>in·</span> <span class='ocrx_word' id='word_1_485' title='bbox 737 4304 810 4357; x_wconf 85' lang='lat' dir='ltr'>Lerd.</span> <span class='ocrx_word' id='word_1_486' title='bbox 829 4305 908 4358; x_wconf 88' lang='lat' dir='ltr'>Voss.</span> <span class='ocrx_word' id='word_1_487' title='bbox 929 4310 940 4353; x_wconf 91' lang='lat'>1</span> <span class='ocrx_word' id='word_1_488' title='bbox 960 4300 1040 4352; x_wconf 89' lang='lat' dir='ltr'>Bern.</span> <span class='ocrx_word' id='word_1_489' title='bbox 1059 4303 1083 4350; x_wconf 85' lang='lat' dir='ltr'>A</span> <span class='ocrx_word' id='word_1_490' title='bbox 1101 4298 1172 4351; x_wconf 89' lang='lat' dir='ltr'>Flor.</span> <span class='ocrx_word' id='word_1_491' title='bbox 1190 4296 1268 4350; x_wconf 86' lang='lat' dir='ltr'>ABG</span> <span class='ocrx_word' id='word_1_492' title='bbox 1292 4314 1341 4366; x_wconf 91' lang='lat' dir='ltr'>pra</span> 
     </span>
     <span class='ocr_line' id='line_1_49' title="bbox 91 4365 1340 4447; baseline -0.003 -25"><span class='ocrx_word' id='word_1_493' title='bbox 91 4371 159 4423; x_wconf 87' lang='lat' dir='ltr'>dice</span> <span class='ocrx_word' id='word_1_494' title='bbox 192 4365 276 4418; x_wconf 86' lang='lat' dir='ltr'>etiam</span> <span class='ocrx_word' id='word_1_495' title='bbox 297 4367 341 4421; x_wconf 93' lang='lat' dir='ltr'>hoc</span> <span class='ocrx_word' id='word_1_496' title='bbox 356 4369 545 4436; x_wconf 86' lang='lat' dir='ltr'>enumerantis,</span> <span class='ocrx_word' id='word_1_497' title='bbox 572 4387 634 4439; x_wconf 86' lang='lat' dir='ltr'>pag.</span> <span class='ocrx_word' id='word_1_498' title='bbox 653 4376 701 4423; x_wconf 82' lang='lat'>301</span> <span class='ocrx_word' id='word_1_499' title='bbox 739 4390 770 4426; x_wconf 91' lang='lat' dir='ltr'>co</span> <span class='ocrx_word' id='word_1_500' title='bbox 796 4373 867 4443; x_wconf 91' lang='lat' dir='ltr'>quod</span> <span class='ocrx_word' id='word_1_501' title='bbox 889 4369 977 4422; x_wconf 91' lang='lat' dir='ltr'>editur</span> <span class='ocrx_word' id='word_1_502' title='bbox 1004 4365 1154 4447; x_wconf 88' lang='lat' dir='ltr'>legiturque</span> <span class='ocrx_word' id='word_1_503' title='bbox 1179 4365 1208 4417; x_wconf 91' lang='lat' dir='ltr'>in</span> <span class='ocrx_word' id='word_1_504' title='bbox 1233 4365 1340 4434; x_wconf 85' lang='lat' dir='ltr'>reliquis</span> 
     </span>
     <span class='ocr_line' id='line_1_50' title="bbox 91 4433 1345 4511; baseline -0.004 -20"><span class='ocrx_word' id='word_1_505' title='bbox 91 4436 210 4491; x_wconf 68' lang='lat' dir='ltr'>Toum</span> <span class='ocrx_word' id='word_1_506' title='bbox 229 4433 365 4508; x_wconf 81' lang='lat' dir='ltr'>editLips.</span> <span class='ocrx_word' id='word_1_507' title='bbox 385 4447 522 4494; x_wconf 90' lang='lat' dir='ltr'>auctorum</span> <span class='ocrx_word' id='word_1_508' title='bbox 539 4438 604 4491; x_wconf 89' lang='lat' dir='ltr'>locis</span> <span class='ocrx_word' id='word_1_509' title='bbox 623 4436 703 4490; x_wconf 89' lang='lat' dir='ltr'>desti·</span> <span class='ocrx_word' id='word_1_510' title='bbox 728 4444 825 4511; x_wconf 84' lang='lat' dir='ltr'>suerat</span> <span class='ocrx_word' id='word_1_511' title='bbox 860 4448 994 4504; x_wconf 82' lang='lat' dir='ltr'>assuetas;</span> <span class='ocrx_word' id='word_1_512' title='bbox 1031 4453 1059 4488; x_wconf 86' lang='lat'>111</span> <span class='ocrx_word' id='word_1_513' title='bbox 1093 4435 1132 4488; x_wconf 86' lang='lat' dir='ltr'>lus</span> <span class='ocrx_word' id='word_1_514' title='bbox 1165 4433 1345 4487; x_wconf 86' lang='lat' dir='ltr'>deterioribus</span> 
     </span>
    </p>
   </div>
   <div class='ocr_carea' id='block_1_5' title="bbox 0 0 1468 5174">
    <p class='ocr_par' dir='ltr' id='par_1_8' title="bbox 0 0 1468 5174">
     <span class='ocr_line' id='line_1_51' title="bbox 0 0 1468 5174; baseline 0 4"><span class='ocrx_word' id='word_1_515' title='bbox 0 0 1468 5174; x_wconf 95' lang='lat' dir='ltr'> </span> 
     </span>
    </p>
   </div>
  </div>
 </body>
</html>
