2984 5176
531 316 580 368 nu
608 315 960 385 ereremum-11,
989 313 1031 366 11.
1319 297 1392 371 303

150 499 265 576 Darei
289 499 432 598 fluerat)
457 499 686 592 Arachosios,
705 525 857 598 quorum
882 501 981 598 regio
1008 499 1054 573 ad
1081 498 1271 573 Ponticum
1297 526 1395 575 mare

152 613 324 711 pertinet,
350 613 501 712 subegit.
540 611 595 685 Ibi
622 612 811 705 exercitus,
838 613 898 710 qui
925 613 992 685 sub
1006 611 1243 688 Parmenione
1268 613 1395 703 fuerat,

152 725 320 799 occurrit
381 720 456 798 Sex
492 723 588 796 milia
618 720 857 797 Macedonum
900 733 1003 798 erant
1035 733 1072 797 et
1104 744 1150 797 cc
1184 724 1322 797 nobiles
1357 732 1395 796 et

152 837 313 934 quinque
343 835 442 909 milia
476 831 695 910 Graecorum
729 860 811 908 cum
846 836 1024 933 equitibus
1059 855 1125 925 ne,
1157 835 1256 908 haud
1288 834 1396 907 dubie

120 948 267 1021 orobur
293 947 453 1021 omnium
478 946 608 1021 virium
632 946 736 1044 regis.
771 946 977 1020 Arachosiis
1004 946 1110 1019 datus
1136 944 1268 1020 Menon
1295 971 1395 1045 prae·

151 1071 230 1151 tor,
263 1080 306 1135 Ν
343 1058 487 1134 milibus
526 1056 687 1156 peditum
727 1067 764 1130 et
796 1079 847 1131 nc
888 1057 1067 1154 equitibus
1104 1059 1141 1129 in
1180 1058 1396 1156 praesidium

151 1170 299 1245 relictis.

258 1280 342 1380 Ipse
373 1306 440 1355 rex
470 1281 667 1372 nationem,
701 1305 748 1355 ne
779 1279 938 1354 finitimis
969 1278 1113 1377 quidem
1148 1280 1234 1353 satis
1260 1282 1444 1372 notam,12

154 1393 289 1493 quippe
313 1393 413 1467 nullo
439 1393 651 1466 commercio
676 1392 859 1465 volentem
884 1401 1027 1465 mutuos
1056 1417 1162 1482 usus,
1189 1417 1271 1465 cum
1297 1417 1397 1469 exer·

120 1506 232 1579 coitu
256 1504 414 1578 intravit
459 1501 758 1601 Parapamisadae
784 1504 1018 1601 appellantur,
1045 1514 1187 1602 agreste
1212 1504 1396 1577 hominum

152 1641 287 1716 genus,
322 1625 359 1689 et
395 1616 488 1688 inter
527 1614 700 1689 barbaros
738 1615 894 1687 maxime
927 1614 1159 1688 inconditum.
1220 1614 1397 1689 Locorum

121 1727 334 1825 assperitas
358 1725 544 1801 hominum
570 1751 712 1824 quoque
738 1726 880 1823 ingenia
894 1725 1097 1800 duraverat
1132 1722 1398 1815 Gelidissimum

154 1827 420 1938 Septentrionis
450 1862 557 1911 axem
592 1863 639 1912 ex
675 1863 808 1936 magna
841 1847 943 1936 parte
978 1847 1160 1935 spectant3
1199 1836 1397 1912 Bactrianis

154 1949 204 2024 ad
238 1946 470 2024 Occidentem
505 1951 684 2025 coniuncti
718 1959 819 2040 sunt3
854 1946 1049 2023 meridiana
1083 1949 1182 2048 regio
1218 1949 1265 2022 ad
1298 1975 1397 2025 mare

190 2167 231 2221 od
246 2166 383 2221 Ponticum
400 2183 480 2221 more.
506 2166 624 2222 Dubium
641 2182 699 2221 esse
715 2183 761 2221 ne·
796 2182 885 2221 omnes
902 2171 1009 2236 praeter
1025 2164 1096 2219 Flor.
1107 2164 1155 2219 GI.
1172 2165 1263 2237 Vulgo
1282 2167 1398 2221 ducentis

153 2242 216 2357 pprt
234 2252 269 2289 ex
285 2234 316 2288 iis
353 2251 404 2288 uae
420 2242 576 2306 sequuntur,
595 2235 660 2316 quin
669 2243 761 2289 auctor
797 2236 854 2303 (sed
871 2234 944 2288 Mod.
962 2243 991 2288 et
1008 2233 1065 2304 ipse
1082 2233 1154 2302 DC).

188 2303 278 2358 dicum
290 2303 346 2357 inte
366 2303 459 2371 exerit,
477 2304 676 2358 etsiPontrcum
689 2321 762 2358 mare
830 2307 852 2372 ξ.
878 2309 902 2356 5.
943 2306 1068 2357 nolentem
1094 2313 1194 2356 mutuos
1220 2321 1290 2357 usus.
1334 2302 1399 2357 Non

154 2390 178 2428 c.
198 2379 234 2427 14
258 2372 377 2427 Pontum
402 2372 527 2427 euxinum
555 2373 700 2444 signifieat,
733 2380 762 2427 et
795 2373 930 2427 vulteum
947 2372 1004 2427 aliis
1021 2371 1143 2442 genum
1157 2380 1317 2427 commutare
1329 2389 1399 2426 mer·

154 2456 178 2496 c
204 2446 238 2495 18
273 2439 437 2520 Hyrcanium
466 2440 574 2496 videtur
606 2441 761 2511 significare.
797 2458 854 2508 ces,
880 2458 1022 2512 earumque
1043 2442 1267 2511 exponendarum
1284 2448 1312 2495 et
1330 2440 1399 2496 acei-

153 2509 253 2581 Neque
270 2525 340 2562 emm
358 2509 430 2580 quod
439 2508 567 2565 Gedrosia
581 2510 663 2564 etiam
680 2509 762 2564 inter·
795 2510 951 2581 piendamm
982 2528 1032 2563 usu
1062 2509 1194 2579 coniungi.
1237 2510 1301 2564 Non
1330 2509 1399 2563 male

153 2586 205 2646 eet,
224 2577 344 2650 impedit,
357 2576 532 2650 quippequae
543 2578 617 2650 regio
626 2579 763 2632 cumAre·
797 2579 904 2649 quidem
920 2578 1055 2632 Acidalius
1082 2580 1203 2631 colentem
1219 2578 1326 2645 maluit,
1352 2578 1400 2632 sed

152 2645 252 2702 chosiis
277 2646 327 2700 sub
353 2664 406 2700 uno
427 2647 562 2717 praefecto
579 2647 718 2702 coniuncta
734 2654 763 2700 et
795 2665 849 2701 non
875 2665 941 2717 opus
967 2654 1014 2700 est.
1050 2645 1145 2701 Gentis
1167 2645 1236 2700 illius
1258 2663 1354 2700 nomen
1371 2646 1399 2699 in

153 2714 300 2770 maximam
317 2722 420 2786 partem
437 2716 541 2769 deserta
557 2715 645 2769 fucrit.
797 2716 874 2769 codd.
893 2714 1049 2769 terribiliter
1065 2725 1219 2785 corruptum
1236 2723 1291 2768 est:
1309 2733 1397 2784 porc·

189 2784 486 2838 amedee-occurrit
516 2783 606 2854 Vulgo
623 2786 762 2839 exercitum
796 2785 950 2837 medesidem
968 2800 1002 2836 ex
1017 2783 1099 2838 Bern.
1112 2783 1139 2835 A
1155 2783 1227 2836 Flor.
1244 2782 1304 2849 AB,
1316 2799 1399 2852 pero·

153 2884 191 2895 -
207 2853 358 2921 occupavit,
384 2853 432 2906 sed
499 2852 525 2906 d.
542 2871 603 2907 mss.
629 2853 664 2906 ad
681 2871 762 2908 unum
795 2855 867 2905 stede
875 2853 948 2920 fides
966 2868 1000 2905 ex
1016 2851 1089 2904 Flor.
1109 2850 1169 2916 OE,
1190 2853 1399 2919 parodemieides

153 2937 249 2977 omnes
267 2922 395 2986 mercica&
413 2921 520 2989 hebent,
539 2938 588 2976 nee
598 2928 687 2975 tamen
698 2924 762 2992 fue·
797 2938 831 2974 ex
839 2919 993 2987 nonnul,
1007 2920 1223 2989 parodemceides
1240 2935 1274 2971 ex
1282 2918 1353 2972 Flor.
1364 2918 1398 2986 G,

154 2999 221 3044 rent
251 2989 316 3042 eide
324 3005 435 3042 numero
453 2989 547 3061 plurali
557 2989 622 3044 velis
633 2990 761 3061 cogitare)
797 2986 850 3042 alia
879 2988 992 3043 ludibria
1017 2992 1255 3058 repraesentantur.
1298 2988 1400 3042 Verum

153 3057 205 3113 nisi
224 3058 248 3111 F
259 3056 330 3112 or.0
348 3065 377 3110 et
387 3058 468 3112 Bern
477 3058 511 3113 Β.
528 3058 673 3113 Praeterea
690 3077 763 3112 eser-
785 3075 858 3137 mor
875 3075 897 3111 c.
909 3063 949 3123 18,
959 3064 990 3111 31
1010 3074 1087 3136 mons
1095 3057 1288 3136 Peropomisue
1301 3055 1399 3110 rectius

153 3129 236 3183 citum
262 3128 396 3195 eoeperit
421 3144 534 3207 prorsus
556 3145 574 3181 e
595 3144 625 3180 re
650 3127 763 3181 alienum
796 3126 902 3196 legrtur.
920 3125 1278 3196 ItaqueDrodorrsenptura
1286 3130 1399 3197 Παρο-

152 3203 206 3264 est,
224 3212 286 3250 cum
302 3212 356 3250 non
372 3194 512 3249 verisimile
529 3195 677 3250 sittentum
686 3213 763 3250 exer-
797 3196 951 3263 πιέμισον
969 3197 1034 3277 opor
1051 3193 1152 3260 relicta,
1170 3191 1312 3247 Arrianum
1327 3210 1400 3248 secu·

154 3263 241 3319 citum
258 3261 307 3317 ulli
324 3263 395 3318 casui
412 3271 460 3318 eut
476 3262 578 3318 itineris
594 3264 764 3319 faciendieut
797 3272 840 3317 tus
849 3265 1080 3334 Paropomzeodae
1091 3280 1150 3316 cum
1159 3261 1250 3316 Modio
1259 3270 1287 3316 et
1295 3261 1401 3316 Freins-

152 3330 262 3404 imperii
278 3330 424 3404 accipiendi
440 3333 606 3387 commissum
623 3350 688 3387 esse.
710 3337 763 3387 Ita·
796 3332 883 3386 hemio
909 3351 963 3386 non
986 3333 1207 3402 Paropamise'doe
1233 3331 1401 3387 scribendum

154 3419 209 3474 qne
226 3399 271 3455 vel
287 3400 364 3455 unius
382 3399 476 3456 codicis
493 3401 629 3456 Leidensis
648 3401 763 3456 auetori-
797 3401 893 3456 ceneri.
928 3402 1008 3473 Apud
1025 3401 1184 3455 Stralnnem
1206 3399 1267 3454 libri
1288 3400 1399 3455 variant

155 3478 241 3525 tatem
258 3476 363 3523 secutus
379 3487 450 3524 nunc
469 3469 560 3550 scripsi
584 3472 712 3525 exercitus
729 3501 764 3511 —
796 3470 866 3525 Vide
877 3470 1021 3525 Tzschuck.
1039 3469 1182 3524 edMelam
1198 3484 1242 3533 111,
1262 3477 1312 3538 7‚6
1330 3470 1401 3542 apud

154 3538 280 3593 oceania
303 3536 507 3602 Quodtreditur
518 3557 546 3591 rn
554 3539 596 3593 Bo
635 3540 763 3593 secundo
797 3555 875 3610 quem
892 3540 1094 3608 Paropamisum
1111 3545 1228 3593 montem
1245 3537 1357 3610 scripsit.

154 3607 229 3662 idem
244 3607 282 3661 ad
298 3623 381 3678 marg.
398 3607 491 3661 eedem
503 3624 584 3660 manu
635 3607 764 3678 scriptum
832 3611 855 3675 ς.
864 3615 887 3660 7.
909 3609 1307 3677 GelidissimamSeptent-ioois.
1318 3607 1401 3662 Grae·

154 3693 229 3743 ene,
258 3692 313 3729 non
338 3682 446 3730 notatur
463 3677 497 3729 de
514 3684 606 3730 nostro
630 3676 712 3729 Bern.
729 3676 763 3739 Α,
798 3694 857 3731 cum
875 3676 1031 3748 scriptorem
1042 3675 1180 3747 expressit,
1199 3693 1278 3745 quem
1287 3677 1401 3730 cundem

156 3761 322 3816 quemquam
352 3744 458 3798 eosdem
483 3760 540 3797 esse
574 3744 656 3798 libros
686 3761 764 3815 saepe
798 3743 930 3798 Diodorus
949 3752 1053 3798 secutus
1071 3752 1119 3810 est,
1138 3750 1202 3799 c82
1221 3741 1279 3810 ἡδὲ
1287 3745 1401 3797 τούτων

156 3810 282 3884 comperi·
309 3812 460 3882 Asperum
477 3812 567 3866 refert.
593 3812 658 3866 Noli
675 3820 765 3866 autem
797 3812 875 3885 χώρα
884 3819 973 3865 κεῖται
981 3817 1033 3880 μὲν
1043 3811 1091 3867 ὑπ’
1106 3811 1193 3868 αὐτὰς
1206 3811 1257 3867 τὰς
1273 3813 1400 3885 ἄρκτους,
1451 3832 1454 3836 ’

155 3898 295 3937 occanere
312 3897 371 3934 eam
383 3881 531 3935 cheensem
539 3897 672 3952 spernere,
693 3881 764 3951 quod
797 3880 930 3935 Nimirum
940 3881 1035 3935 milites
1044 3879 1199 3948 Alexandri,
1217 3898 1277 3934 cum
1294 3888 1401 3950 septen·

156 3950 203 4005 ille
224 3948 359 4004 exereitus
381 3966 436 4002 non
462 3950 562 4003 directo
592 3951 764 4003 exadversum
797 3949 909 4004 trionem
926 3967 1016 4004 versus
1033 3949 1260 4020 proficiscerentur
1281 3949 1315 4001 ab
1333 3950 1402 4002 Are·

155 4019 237 4074 Alex.
259 4016 350 4085 venit,
366 4018 429 4072 ¹sed
456 4017 531 4072 illum
557 4026 692 4072 assecutus
723 4026 764 4071 est
799 4019 901 4086 chosiis,
920 4018 1026 4072 insolito
1044 4017 1142 4088 frigore
1160 4016 1262 4087 decepti
1279 4016 1331 4071 iam
1344 4032 1401 4071 sese

154 4085 660 4210 ...f-se

154 4233 279 4280 noestam
293 4230 562 4292 mssmmemtoenen,
590 4225 663 4294 quod
684 4173 764 4276 dtiam
799 4174 922 4278 adcurate
950 4196 1036 4277 Periz.
1066 4223 1095 4277 in
1123 4221 1177 4277 Vin
1197 4221 1251 4276 'ciis
1282 4172 1402 4277 detinuit

232 4309 268 4347 eo
290 4292 368 4373 quod
390 4299 433 4346 est
460 4294 583 4362 conimqi
609 4310 630 4347 s.
653 4294 765 4362 adiungi
798 4293 922 4347 adversm
940 4291 1058 4363 iniquam
1076 4291 1172 4347 Clerici
1189 4307 1333 4345 censuram.

152 4311 265 4429 ἔξω,
282 4360 346 4415 vide
361 4375 405 4414 ex.
421 4377 462 4442 gr.
479 4367 576 4428 walt
594 4368 663 4414 extr.
697 4360 765 4414 Post
833 4364 871 4414 od
883 4362 1043 4415 occidentem.
1061 4361 1133 4415 Flor.
1145 4358 1236 4414 DFGI
1253 4360 1316 4415 edit.
1326 4360 1401 4416 Mod.

154 4439 249 4486 autem
281 4444 340 4493 aem
370 4430 499 4500 emetitur
524 4431 652 4485 amoenus
680 4427 765 4485 nostri
798 4430 832 4485 eb
850 4432 994 4500 occidente,
1021 4430 1092 4501 quod
1114 4429 1210 4485 eodem
1231 4429 1316 4500 redit,
1342 4448 1401 4493 uun
