2926 5174
436 327 485 376 nn
511 324 638 377 ansus
664 324 775 376 Anax.
801 325 852 395 ru,
879 323 921 372 co.
1233 305 1304 378 155

69 517 291 610 pervenerat
352 507 494 606 Itaque,
529 533 747 606 quamquam
779 507 931 582 validior
966 519 1059 600 erat,
1093 517 1214 583 tamen
1239 510 1309 584 lor·

69 635 155 696 tuna
186 621 347 720 partium
381 619 542 710 territis,
577 620 749 717 perculsis
774 618 976 717 languidius
1002 620 1171 694 instabat.
1224 618 1309 694 Par·

35 760 38 765 ·
69 733 183 808 menio
207 730 404 829 ignorabat
429 729 573 826 quidem
598 756 744 805 causam
775 757 841 805 sua
866 741 996 830 sponte
1021 755 1164 829 pugnae
1189 732 1310 806 remis·

45 864 145 935 asae,
180 842 245 918 sed
278 842 467 916 occasione
497 842 664 916 vincendi
696 853 840 916 strenue
873 852 929 915 est
963 867 1060 917 usus.
1118 842 1310 917 Thessalos

71 956 201 1052 equites
227 952 278 1026 ad
305 978 346 1027 se
372 953 494 1027 vocari
518 953 628 1027 iubet.
675 953 810 1054 Ecquid
833 951 961 1046 uidetis,
986 954 1112 1051 inquit,
1138 952 1226 1044 tatus,
1252 953 1314 1054 qui

64 1065 213 1167 suracim
239 1065 342 1139 modo
369 1065 547 1165 iqutzbuut,
574 1065 700 1164 pedem
730 1066 854 1166 referre
879 1063 983 1138 subdo
1003 1090 1133 1162 pauore
1152 1064 1311 1165 puuut

72 1176 138 1253 toa?
164 1174 348 1251 Mutuum
372 1177 465 1251 nobs
491 1174 629 1278 quoque
642 1174 732 1275 requ
756 1174 861 1249 uodri
875 1175 1130 1275 fortunaverit.
1187 1172 1312 1251 Ouuiu

72 1289 249 1365 Persarum
275 1287 378 1361 caede
403 1299 506 1362 atrata
531 1301 617 1362 suut.
672 1283 765 1369 Quid
789 1283 947 1358 cessatis?
977 1310 1024 1359 aa
1048 1309 1090 1358 aa
1104 1285 1312 1388 suqurudus

52 1399 200 1499 squiduu
219 1422 329 1496 pares
355 1397 458 1471 estus?
489 1396 588 1472 Vera
613 1397 731 1473 dicere
756 1395 958 1486 videbatur,
972 1405 1010 1470 et
1035 1421 1117 1494 spes
1143 1398 1312 1494 languen-

50 1521 122 1582 .tes
155 1532 298 1605 quoque
332 1518 529 1582 erexerat·
562 1506 721 1583 Subditis
756 1506 952 1580 calcaribus
982 1532 1155 1606 proruere
1185 1508 1224 1581 in
1249 1507 1311 1581 ho·
1414 1540 1419 1547 ·

77 1631 176 1694 stem:
202 1628 240 1693 et
265 1621 318 1692 illi
344 1620 417 1692 iam
439 1641 515 1692 non
541 1620 688 1710 sensim,
715 1617 780 1692 sed
806 1617 915 1690 citato
941 1617 1059 1716 gradu
1083 1615 1309 1708 recedebant,

77 1756 134 1805 nec
168 1731 361 1828 quicquam
391 1730 513 1828 fugae,
547 1731 615 1804 nisi
654 1728 752 1826 quod
788 1726 950 1801 nondum
983 1739 1085 1826 terga
1116 1738 1311 1821 verterant,

80 1841 202 1915 deerat.
240 1840 435 1914 Parmenio
461 1850 593 1931 tamen,
605 1841 751 1938 ignarus
778 1863 954 1936 quaenam
980 1839 1017 1911 in
1044 1838 1173 1938 dextro
1200 1864 1313 1912 cornu

59 1953 214 2026 rfortuna
239 1951 337 2050 regis
365 1961 476 2041 esset,
508 1952 679 2050 repressit
705 1974 810 2023 suos:
846 1946 1031 2040 Mazaeus,
1058 1950 1143 2023 dato
1169 1974 1312 2047 pugnae
1410 1962 1416 1977 “

81 2064 197 2160 spatio,
222 2089 299 2136 non
326 2071 427 2135 recto
452 2062 598 2153 itinere,
634 2059 699 2134 sed
729 2061 863 2133 maiore
890 2068 927 2131 et
953 2062 999 2134 ob
1026 2060 1064 2133 id
1088 2061 1221 2134 tutiore
1248 2061 1312 2134 cir·

82 2174 205 2246 cumitu
230 2173 357 2271 Tigrin
391 2182 552 2271 superat,
589 2181 626 2246 et
659 2171 846 2270 Babylona
877 2196 958 2244 cum
992 2173 1148 2268 reliquiis
1181 2160 1313 2246 devicti

83 2285 249 2357 exercitus
275 2285 398 2356 intrat.

62 2408 72 2457 8
174 2392 314 2468 Dareus
341 2393 463 2493 paucis
488 2394 594 2490 fugae
620 2392 808 2466 comitibus
835 2391 883 2464 ad
900 2391 1039 2490 Lycum
1064 2417 1207 2468 amnem
1231 2397 1377 2469 con-61·

84 2505 253 2576 tenderat:
285 2529 356 2600 quo
383 2505 532 2578 traiecto
558 2503 737 2576 dubitavit
762 2529 808 2576 an
836 2505 993 2577 solveret
1009 2515 1167 2602 pontem,
1181 2506 1313 2604 quippe

83 2613 212 2688 hostem
251 2617 325 2688 iam
365 2615 477 2688 affore
515 2616 757 2687 nuntiabatur.
824 2611 897 2688 Sed
931 2625 986 2687 tot
1020 2616 1116 2688 milia
1156 2641 1313 2707 suorum,

86 2785 109 2846 l,
135 2781 205 2850 quod
229 2798 263 2833 ne
290 2779 397 2833 Modius
429 2780 536 2851 quidem
561 2779 678 2852 recipere
712 2797 755 2832 sus
772 2788 822 2844 est,
840 2779 959 2832 codicum
976 2780 1133 2860 scripturam
1149 2798 1209 2835 cum
1225 2787 1315 2834 menta

85 2862 152 2900 ausus
168 2857 216 2901 est.
252 2848 408 2918 Tantopere
424 2849 453 2902 in
470 2849 542 2929 vulg.
559 2851 633 2918 aequi
649 2866 677 2902 ac
712 2847 827 2901 auctoris
844 2864 964 2917 pugnare
985 2849 1147 2902 existimans.
1182 2848 1237 2901 Sed
1254 2865 1315 2901 cau·

85 2915 173 2983 placuit
198 2935 285 2970 sonus.
321 2915 376 2970 Sed
402 2933 462 2970 eum
489 2919 595 2987 quidem
617 2917 679 2970 fidei
712 2932 756 2968 sae
772 2915 887 2969 bonitati
904 2934 997 2985 parum
1016 2917 1132 2970 confidit.
1167 2916 1239 2969 Nam
1254 2932 1316 2984 spa·

86 3000 132 3035 non
147 2987 334 3055 praeferemus.
368 2985 438 3037 Item
459 2985 538 3055 paulo
558 2993 621 3064 post
637 2995 678 3038 ta·
713 2986 777 3038 tium
804 2986 868 3035 dare
894 2986 976 3036 alicui
998 2985 1038 3035 rei
1063 3002 1117 3037 non
1142 2992 1248 3036 tantum
1274 2991 1316 3036 est

88 3067 137 3129 meu
152 3055 263 3120 furtum
287 3070 343 3105 non
354 3055 429 3172 ,sm
452 3064 537 3106 tamen
558 3072 586 3106 m
604 3053 678 3106 mstis
712 3059 870 3121 tempusue
896 3051 1049 3104 facultatem
1072 3053 1106 3104 ad
1128 3051 1243 3122 aliquam
1259 3067 1317 3104 rem

90 3116 176 3186 legitur
190 3121 286 3174 nostris
306 3120 354 3190 qui
372 3137 414 3172 em
430 3121 677 3175 omnibusetSnak.
714 3119 861 3172 faciendam
878 3119 1045 3188 permittere,
1073 3120 1119 3172 sed
1136 3120 1216 3172 etiam
1233 3119 1316 3172 inter-

92 3183 156 3238 Leid.
171 3187 240 3242 Voss.
259 3196 285 3243 2.
760 3187 799 3241 ito
821 3194 942 3256 tempore
968 3187 1148 3241 laxamentum
1174 3186 1251 3241 alicui
1277 3187 1317 3242 rei

123 3256 141 3321 §-
157 3261 178 3308 5.
210 3259 306 3326 ecquid
322 3258 431 3324 uidetis,
457 3258 553 3326 inquit]
588 3257 678 3337 Vulgo
731 3272 784 3308 are.
818 3254 879 3308 Hoc
905 3273 982 3309 sensu
1002 3274 1057 3309 non
1081 3257 1161 3311 semel
1184 3257 1254 3327 apud
1270 3255 1317 3309 Li-

93 3324 181 3398 chuid,
198 3327 297 3394 inquit,
316 3327 424 3377 videtis:
440 3341 491 3395 ego
510 3342 570 3377 eum
586 3326 678 3378 Modro
712 3324 784 3376 vium
801 3323 911 3392 legimus
929 3326 987 3377 irae
1003 3327 1117 3394 spatium
1135 3328 1200 3379 dare
1218 3340 1250 3391 11,
1269 3330 1317 3393 563

92 3406 115 3440 1n
128 3391 211 3444 ordine
233 3394 378 3446 verborum
400 3401 504 3446 secutus
526 3410 583 3446 sum
604 3394 679 3448 codd.
712 3408 781 3457 vm,
808 3399 840 3445 32
861 3395 883 3460 ἓ.
904 3399 944 3459 14,
963 3393 997 3445 ad
1019 3411 1098 3463 quem
1124 3393 1211 3448 locum
1231 3392 1317 3446 Drak.

93 3464 115 3508 et
128 3460 239 3514 meliores
261 3469 291 3513 et
313 3460 402 3530 plures
424 3478 540 3514 numero.
575 3461 629 3515 Sed
651 3461 679 3514 in
713 3461 989 3528 Ovid.Heroid.7,73
1005 3461 1098 3515 laudat
1115 3465 1151 3515 da
1168 3465 1242 3516 breve
1258 3478 1318 3516 suc·

93 3529 209 3581 exarando
225 3531 307 3582 verbo
326 3530 426 3598 ecquid,
444 3536 476 3582 ut
492 3530 547 3582 fere
563 3529 620 3582 fieri
637 3547 680 3583 so·
712 3531 791 3582 vitiae
808 3548 821 3582 c
841 3531 923 3582 atium
936 3532 999 3599 peta
1018 3532 1077 3599 ique
1095 3541 1204 3600 tuaeque
1218 3538 1317 3584 etcou-

94 3590 131 3660 let,
145 3597 213 3675 varie
279 3604 368 3650 catur:
395 3607 418 3649 et
444 3599 509 3665 quid
529 3597 600 3651 Flor.
618 3598 678 3663 AB,
712 3547 867 3676 ferriuiudct
888 3597 975 3651 Bossii
996 3549 1113 3652 lxercit.
1136 3599 1261 3670 philolog.
1283 3599 1319 3652 ad

95 3663 387 3787 tttltttl‘l‘
400 3668 468 3786 ltt
484 3667 679 3786 ttttlttt
713 3665 1103 3788 dlssuiplsslfflstttlit
1121 3669 1244 3788 duait
1257 3666 1317 3787 lt?

98 3795 154 3849 let
168 3799 236 3852 Flor.
258 3808 366 3870 praeter
387 3801 415 3853 H
440 3800 560 3855 omnibus
582 3801 680 3871 legitur
714 3802 788 3868 cr'piti
814 3805 856 3854 ira
878 3773 1024 3870 pdrscveret
1046 3805 1209 3872 spatiumque
1225 3754 1316 3870 qldtius

100 3878 136 3930 pro
150 3867 217 3936 vulg.
233 3869 322 3920 vincit.
714 3871 801 3922 animo
820 3873 869 3922 det.
887 3870 937 3923 Est
955 3871 1036 3940 igitur
1053 3873 1079 3923 h.
1097 3870 1114 3922 l.
1134 3874 1194 3923 doto
1207 3884 1316 3936 paquaa

108 3933 145 3997 >t
161 3940 183 3986 t.
216 3939 328 3988 nondum
346 3947 418 4004 terqa
436 3953 525 3989 omnes
542 3935 602 3988 libri
619 3954 679 3990 mss.
714 3939 799 4004 spatio
821 3937 891 3990 idem
909 3939 964 3991 fere
981 3946 1063 4006 atque
1085 3955 1144 3990 cum
1161 3953 1251 4007 pugna
1268 3935 1316 3989 ali-

103 3993 174 4068 Vulgo
189 4001 292 4056 inverso
309 4003 399 4057 ordine
414 4005 496 4058 verba
512 4003 679 4058 collocantur.
715 4006 838 4074 quamdiu
855 4006 962 4059 remissa
979 4013 1056 4058 esset.

128 4068 191 4145 §.l
233 4073 296 4125 dato
326 4089 432 4140 puqaue
467 4073 567 4151 spatio]
603 4073 682 4126 Hanc
752 4074 857 4142 Tipria]
892 4074 1021 4127 Extrema
1038 4073 1115 4124 litera
1137 4090 1155 4122 a
1176 4069 1247 4124 Flor.
1266 4070 1315 4124 AB
1386 4112 1388 4117 2

103 4145 200 4188 ammam
216 4139 290 4190 codd.
309 4148 336 4192 et
353 4139 495 4192 editionum
513 4149 681 4209 antiquarum
713 4140 795 4194 Bern.
813 4142 848 4198 A.
883 4141 950 4195 Mox
972 4142 1135 4208 Babylonem
1152 4138 1227 4191 Leid.
1244 4138 1317 4194 Flor.

105 4193 225 4256 ludunum
240 4206 324 4258 Aldus
347 4206 445 4275 primus
465 4207 504 4260 ita
519 4208 633 4261 mutavit
649 4215 681 4259 ut
715 4209 831 4277 Aflssern.
846 4210 881 4275 A,
900 4211 1067 4262 Bubitlonum
1085 4207 1165 4259 Vosa‘
1175 4214 1203 4273 .1,
1221 4204 1324 4275 reliqui-

107 4266 153 4342 duo
160 4273 241 4340 suque
257 4275 343 4342 spatio
359 4275 509 4344 corrigeret,
527 4291 613 4345 neque
621 4276 681 4328 Mo·
715 4277 884 4330 Bubiloua'um
907 4293 927 4329 s.
945 4276 1137 4340 Betilienum,
1162 4291 1230 4326 unus
1246 4273 1317 4327 Flor.

106 4329 152 4386 llus
166 4344 319 4409 quamquam
333 4342 449 4394 codicum
465 4360 571 4394 suorum
586 4343 682 4397 acorri-
715 4344 919 4397 BBubtlouem.
954 4342 1025 4397 Vide
1042 4342 1076 4394 ad
1093 4355 1143 4410 111,
1162 4349 1196 4409 4,
1215 4348 1240 4394 2.
1274 4355 1316 4410 1V,

108 4411 153 4454 mus
167 4414 287 4474 patronus
305 4410 337 4460 ab
354 4408 421 4462 illius
437 4408 532 4464 iudicio
549 4410 621 4465 abire
634 4428 682 4464 au·
716 4417 768 4479 25,
786 4419 810 4466 2.
