2984 5176
540 307 589 358 ur
617 306 745 359 ossrrs
771 306 880 360 anax.
907 309 944 378 v,
971 308 1015 361 rs.
1321 297 1394 368 203

122 509 138 558 s
259 489 368 564 Hunc
402 491 540 564 exitum
573 490 700 564 habuit
732 493 831 590 regia
865 494 975 568 totius
1003 493 1159 571 Orientis
1166 554 1176 589 ,
1211 500 1306 574 unde
1341 507 1446 576 tot23

152 610 284 700 gentes
310 610 418 675 antea
442 602 521 674 iura
546 602 729 699 petebant,
755 605 872 700 patria
896 614 953 678 tot
977 631 1112 706 regum,
1135 610 1261 684 unicus
1289 638 1397 709 quon·

153 712 241 787 dam
268 710 438 788 Graeciae
462 723 589 804 terror,
615 715 739 788 molita
763 717 859 788 mille
884 718 1031 790 navium
1056 720 1207 795 classem
1233 732 1270 795 et
1297 746 1396 796 exer·

152 825 267 915 citus,
303 825 433 922 quibus
459 822 605 924 Europa
629 825 803 899 inundata
829 836 899 919 est,
927 830 1157 905 contabulato
1183 834 1273 907 mari
1298 835 1396 908 moli·

153 937 242 1027 bus,
276 935 517 1035 perfossisque
551 935 748 1027 montibus,
781 939 818 1010 in
845 964 997 1034 quorum
1023 966 1150 1039 specus
1176 947 1308 1020 fretum
1333 946 1395 1019 im·

118 1047 307 1120 amissum
337 1056 402 1120 est
454 1048 510 1120 Ac
540 1073 587 1121 nc
613 1057 688 1120 tam
719 1049 829 1147 longa
861 1049 1004 1146 quidem
1030 1063 1158 1146 aetate,
1186 1083 1276 1154 quae
1304 1060 1395 1131 exci-

150 1158 255 1231 dium
295 1157 370 1230 eius
410 1168 534 1233 secuta
568 1170 641 1250 est,
681 1160 887 1233 resurrexit.
955 1161 1056 1236 Alias
1096 1166 1204 1240 urbes
1238 1169 1396 1245 habuere

151 1268 393 1344 Macedonum
418 1295 538 1368 reges,
574 1295 662 1368 quas
695 1297 791 1344 nunc
816 1271 953 1344 habent
978 1272 1120 1347 Parthi:
1155 1278 1261 1352 huius
1290 1284 1394 1354 vesti·

151 1382 254 1481 genn
278 1407 353 1455 non
378 1381 608 1472 inveniretur,
634 1383 703 1455 nisi
726 1381 868 1458 Araxes
895 1386 1009 1458 amnis
1036 1387 1251 1465 ostenderet.
1287 1390 1396 1465 Haud

151 1494 282 1594 procul
305 1493 493 1567 moenibus
518 1493 691 1567 fluxerat:
718 1494 801 1568 inde
828 1495 952 1569 urbem
979 1498 1087 1572 fuisse
1113 1524 1168 1573 xx
1194 1502 1323 1577 stadiis
1346 1503 1395 1576 di·

103 1627 135 1676 ro
152 1614 314 1680 stantem
346 1604 499 1677 credunt
536 1605 666 1702 magis,
708 1632 816 1703 quam
847 1607 983 1698 sciunt,
1020 1613 1170 1686 accolae.
1229 1615 1395 1691 Pudebat

151 1715 388 1807 Macedones,
428 1725 504 1789 tam
538 1717 758 1814 praeclaram
790 1720 916 1793 urbem
948 1745 970 1792 a
1001 1724 1276 1801 comissabundo
1309 1754 1393 1827 rege

151 1828 312 1904 deletam
343 1852 433 1902 esse.
484 1826 610 1924 Itaque
635 1853 693 1901 res
719 1829 756 1901 in
789 1831 921 1904 serium
946 1856 1051 1906 versa
1077 1845 1147 1926 est,
1183 1848 1220 1909 et
1245 1839 1394 1939 impera-

151 1949 289 2014 verunt
322 1940 406 2032 sibi,
436 1950 479 2013 ut
510 1939 696 2013 crederent
727 1942 788 2015 illo
815 1942 1039 2040 potissimum
1065 1945 1173 2019 modo
1199 1948 1308 2022 luisse
1335 1950 1394 2024 de·

105 2073 133 2121 11
150 2053 308 2127 leudam.
367 2051 506 2150 Ipsum,
540 2063 583 2125 ut
615 2053 770 2149 primum
808 2064 997 2150 gravatam
1031 2056 1203 2131 ebrietate
1237 2071 1395 2136 mentem

152 2167 254 2264 quies
280 2163 447 2255 reddidit,
472 2163 691 2261 poenituisse
718 2174 869 2256 constat,
897 2177 934 2238 et
960 2165 1107 2260 dixisse,
1134 2172 1286 2245 maiores
1311 2200 1394 2272 poe-

150 2302 219 2352 nas
247 2272 393 2351 Graecis
419 2273 549 2347 Persas
576 2274 724 2347 daturos
750 2276 878 2366 fuisse,
905 2277 935 2349 si
960 2277 1078 2374 ipsum
1103 2281 1140 2352 in
1168 2283 1256 2357 solio
1283 2286 1393 2384 regia·

105 2408 135 2457 ra
152 2415 224 2489 que
253 2386 387 2462 Xerxis
422 2387 626 2484 conspicere
659 2387 771 2460 coacti
806 2398 936 2462 essent.
995 2388 1147 2467 Postero
1180 2393 1237 2469 die
1272 2395 1393 2496 Lycio,

150 2499 306 2591 itineris,
333 2523 404 2596 quo
429 2495 617 2573 Persidem
641 2499 855 2590 intraverat,
887 2499 985 2593 duci,
1020 2525 1100 2576 xxx
1126 2507 1263 2581 talenta
1298 2509 1393 2584 dono

151 2610 264 2689 dedit

255 2722 351 2799 Hine
381 2722 420 2796 in
444 2722 627 2821 regionem
652 2720 791 2798 Mediae
817 2725 976 2816 transiit,
1011 2728 1074 2800 ubi
1106 2732 1393 2829 supplementum

147 2984 262 3041 Delevit
288 2985 387 3068 primus
414 2982 529 3040 Modius.
572 2983 627 3037 Sed
655 2983 755 3037 habent
790 2984 854 3040 alios
872 2986 1033 3067 antiquiores
1051 2987 1101 3042 acri
1120 2995 1201 3068 tores⁸
1209 3007 1263 3042 non
1280 2994 1414 3042 comme'

147 3055 513 3125 etiamomsssum-uqsrum
521 3052 645 3120 Bern.B,
658 3071 755 3122 aquom
789 3057 1071 3120 morem,Amm1anus
1115 3056 1252 3110 arcclhnus
1269 3066 1392 3125 xxm,6

146 3122 223 3179 Ποῖ.
241 3122 343 3177 DFHI.
790 3122 911 3176 extitisse
928 3141 975 3176 sua
991 3132 1080 3178 aetate
1096 3124 1187 3178 tradit.

147 3192 255 3333 vlf&
269 3195 357 3328 3333:
374 3191 756 3314 ghffi‘ggamgmgmffi‘bffi
826 3229 849 3294 §-
873 3232 914 3279 10.
967 3228 1115 3280 raeclaram
1140 3229 1196 3280 arb.
1224 3247 1242 3281 α
1269 3231 1393 3282 comissa-

148 3328 353 3384 mser·
378 3330 499 3396 a,
528 3346 593 3399 ,a
619 3326 757 3382 sur-<10
791 3295 1394 3421 nstris,{salutariae-aus

791 3434 900 3485 clarum.
934 3432 1140 3487 Comissebarsdo
1158 3434 1248 3505 scripsi
1266 3433 1293 3488 in
1310 3435 1394 3489 varie-

791 3506 849 3552 tata
867 3499 987 3554 codicum
1004 3501 1085 3555 hicet
1100 3508 1171 3570 vm,
1194 3511 1242 3571 36,
1266 3509 1298 3558 18
1316 3513 1345 3559 et
1361 3520 1394 3558 rx

146 3602 235 3677 pund
271 3611 303 3657 ω
320 3602 368 3658 lib·
385 3618 471 3670 mn,
490 3609 506 3656 ὁ
524 3609 553 3657 et
571 3608 612 3655 10.
792 3576 868 3635 extr,
888 3586 999 3639 quorum
1017 3570 1111 3641 optimi
1127 3572 1153 3624 h.
1169 3572 1186 3624 l.
1197 3575 1393 3642 comeaaburrdo,

182 3674 223 3726 m.
244 3674 372 3726 emim
395 3671 548 3743 Sioprimus
560 3668 758 3725 Modiuwlim
791 3636 887 3757 ἒείἰᾳιιί
922 3640 1081 3759 permiseras
1121 3640 1269 3762 erpbibcnt,
1286 3659 1393 3763 Gpectin-

418 3740 424 3753 .
661 3738 668 3750 ·
810 3723 855 3758 um
888 3724 921 3759 ve
950 3723 992 3760 res
1026 3725 1143 3778 gramma
1156 3727 1209 3763 reos
1243 3727 1260 3762 a
1311 3728 1393 3764 raecrs

146 3742 284 3865 mg
289 3758 379 3863 JK
392 3736 758 3862 mffiufflgbiffidfflmm
791 3773 876 3828 verbis
894 3781 997 3856 seipas,
1016 3778 1158 3845 κωμάζειν
1175 3777 1331 3832 derivantes.
1350 3779 1392 3832 Cf.

183 3882 210 3945 3.
231 3884 256 3932 9.
282 3894 316 3931 ue
332 3894 365 3931 ne
383 3886 436 3931 tum
453 3879 532 3947 lorsqu
567 3877 665 3946 uidem]
692 3877 758 3929 Tam
792 3842 876 3899 Μ·
893 3845 927 3896 “d
944 3844 1001 3897 Lm·
1019 3859 1067 3913 η’
1087 3854 1112 3913 ⁷²
1130 3852 1155 3900 ⁵·

146 3944 244 4003 addidi
260 3962 295 4000 cx
316 3945 380 4000 edit.
397 3944 474 4000 Mod.
498 3895 676 3998 cribrorum
697 3962 759 3998 mas.
826 3950 850 4011 S.
870 3951 910 3999 11.
948 3947 1059 4001 Graecis
1089 3948 1189 4002 Persas
1215 3965 1305 4028 omnes
1331 3948 1393 4004 libri

147 4032 267 4088 quorum
288 4012 385 4068 notitia
405 4013 552 4068 accuratior
574 4021 616 4067 est
642 4013 757 4067 omnium
790 4013 862 4068 Flor.
880 4023 908 4067 et
924 4014 1005 4069 Bern.
1019 4015 1053 4083 B,
1072 4033 1131 4070 cum
1147 4016 1176 4069 in
1192 4016 1270 4070 editis
1286 4027 1394 4088 practer

146 4082 510 4140 commutandae
528 4099 611 4136 acne
629 4091 682 4135 tum
700 4084 758 4152 qai·
791 4082 865 4135 Mod.
882 4083 982 4137 Persas
1007 4085 1119 4138 Graecis
1145 4084 1188 4138 sit.
1222 4085 1292 4138 Item
1349 4087 1392 4140 ulo

147 4156 209 4208 dem
227 4153 316 4222 lorsqu.
790 4160 852 4221 post
868 4153 894 4204 si
910 4153 996 4220 basum
1018 4155 1047 4205 irr
1064 4155 1129 4206 solio
1152 4155 1276 4233 reisque
1321 4157 1391 4208 ereis

184 4222 265 4275 auur
287 4221 379 4291 taliq.
400 4237 454 4273 aon
479 4221 649 4290 inreuiretrrr]
689 4218 758 4272 Rem
792 4221 940 4299 conspicere
967 4223 1050 4274 coacti
1072 4231 1156 4275 essent
1179 4172 1241 4274 iibri
1262 4241 1322 4276 mss.
1349 4240 1391 4277 re-

147 4288 229 4344 nimia
246 4296 341 4361 suget:
362 4304 425 4342 nam
441 4287 554 4359 vestigia
570 4287 660 4358 regiae
677 4287 758 4341 etiam
791 4287 917 4355 ctissime,
940 4305 1001 4341 nam
1026 4291 1169 4359 respicere,
1213 4292 1266 4343 uod
1286 4299 1392 4361 praeter

149 4357 231 4413 hodie
256 4362 370 4424 extant,
400 4364 429 4410 et
449 4357 514 4410 urbs
537 4354 687 4427 Persepolis
713 4356 757 4409 diu
791 4356 944 4409 Modianam
962 4365 1062 4410 celeras
1080 4374 1198 4412 omnese
1219 4358 1391 4414 'uonesobai-

149 4434 213 4499 post
234 4425 419 4481 Alexandrum
438 4423 584 4498 aparuit,
611 4442 704 4496 quam,
726 4433 758 4478 ut
792 4425 847 4493 det,
865 4442 919 4479 non
936 4433 978 4478 eat
995 4425 1071 4480 huius
1088 4426 1146 4481 loci.

148 3397 205 3453 auia
220 3407 417 3453 commemorat.
435 3399 502 3452 Iura
514 3407 612 3467 petere,
631 3397 676 3464 [tin
687 3397 758 3457 aeut

148 3468 237 3533 talen,
267 3465 377 3521 Liviana
401 3465 501 3520 locutio
526 3473 568 3519 est
590 3466 624 3517 de
646 3463 757 3518 subditis

150 3534 158 3549 ⁹
236 3533 244 3548 ⁸
270 3542 327 3602 ,ut
345 3536 379 3588 de
398 3533 567 3605 Carthaginis
585 3541 632 3586 aut
650 3532 757 3603 Capuae
