2926 5174
469 297 519 347 nn
545 295 671 348 cnsms
702 295 811 349 mcx.
838 298 887 369 vr,
913 297 956 350 rr.
1276 281 1348 355 273

91 480 322 573 ¹corumittam,
345 495 382 555 ut
406 481 583 556 dauruatus
609 481 707 555 etium
732 482 988 558 urea-smteutia
1013 482 1138 557 uidear.
1178 484 1345 585 Equidem

111 592 206 666 corius
232 592 384 666 criminis
407 618 484 667 reus
509 593 582 686 sim,
607 619 673 668 uou
698 593 802 668 uideo.
847 594 938 669 luter
964 594 1151 670 couiurutos
1176 621 1270 670 remo
1297 622 1348 670 me

109 704 281 795 uomiuat,·
307 703 347 778 ae
373 729 424 776 me
448 703 673 779 Nicomachus
698 704 783 778 uibil
806 706 909 797 dirit-
945 705 1120 783 Cebalinus
1139 708 1222 806 plus
1247 734 1349 809 quam

91 817 463 892 umbraticorum
481 817 599 915 potuit.
653 817 761 918 Atqui
784 818 1019 894 coniurationis
1045 832 1144 918 caput
1167 844 1220 892 me
1235 819 1347 920 fuisse

110 931 211 1004 credit
234 931 321 1003 rea!
346 929 457 1006 Potuit
482 954 558 1028 erqo
582 928 735 1004 Dimuus
760 955 835 1004 eum
855 929 1047 1029 praeterire,
1074 955 1171 1029 quem
1196 931 1348 1031 sequeba-

112 1041 185 1116 tur?
204 1041 411 1141 pracsertim
435 1065 511 1113 cum
536 1041 818 1141 quuereutisocios
844 1043 897 1116 uel
909 1042 1004 1144 falso
1020 1042 1152 1144 fuerim
1176 1043 1348 1117 uomiuau-

93 1155 189 1246 tdus,
221 1178 290 1253 quo
314 1152 456 1254 facilius
488 1153 546 1252 qui
580 1154 795 1251 temptabatur
823 1166 937 1252 posset
963 1154 1096 1251 impelli.
1150 1153 1233 1229 Nou
1258 1156 1346 1227 euim

117 1267 227 1339 detecto
253 1264 412 1366 facinore
437 1288 555 1338 uoouu
580 1289 689 1337 meum
711 1265 901 1362 praeteriit,
936 1277 974 1338 ut
990 1278 1105 1363 posset
1128 1263 1238 1339 uideri
1261 1266 1348 1340 coeth

111 1377 313 1476 pepercisse:
346 1373 586 1467 Nicomachus,
621 1400 718 1475 quem
752 1378 927 1451 taciturum
952 1400 1079 1449 urcaua
1104 1376 1145 1449 cle
1169 1377 1342 1476 semetipso

117 1489 272 1579 rodebat,
318 1490 500 1590 coufessus,
550 1486 627 1560 aliis
666 1487 859 1580 uomiuatis,
900 1513 951 1560 me
995 1514 1099 1562 uuum
1137 1488 1349 1564 subtrahebat.

97 1595 252 1691 8Quaeso,
282 1599 523 1689 commilitoues,
548 1597 581 1671 si
599 1595 775 1674 Cebalinus
800 1625 852 1673 rue
877 1625 944 1674 uou
969 1600 1100 1691 adisset,
1126 1599 1210 1673 uiltil
1233 1627 1285 1675 me
1311 1603 1353 1676 ou

120 1711 292 1784 cmiurutis
319 1713 404 1784 scire
429 1707 587 1801 uoluisset,
613 1735 695 1782 uum
720 1710 815 1784 bodie
841 1709 983 1784 elicerem
1009 1736 1156 1802 causam,
1181 1711 1270 1788 uubo
1297 1739 1349 1786 me

96 1822 322 1896 rmmtmmet
357 1820 507 1896 Dimuus
541 1845 621 1893 saue
648 1832 677 1893 et
701 1821 823 1896 uiueret
847 1822 973 1914 adbuc,
999 1837 1030 1896 et
1053 1823 1140 1896 uelut
1164 1823 1248 1896 mibi
1266 1850 1350 1922 par-

119 1949 211 2008 ceret:
239 1934 326 2035 quial
351 1930 467 2006 ceteri?
501 1931 560 2030 qui
584 1933 625 2006 cte
651 1956 689 2006 se
711 1933 951 2031 corq‘itebuutur,
977 1960 1029 2008 rue
1054 1933 1203 2009 uidelicet
1225 1935 1352 2008 subtra-

117 2043 204 2119 beutl
231 2046 392 2144 Matique
418 2057 465 2118 est
489 2043 669 2136 columitas,
696 2048 818 2145 atsere
843 2044 972 2138 uarius,
999 2071 1075 2120 cum
1100 2071 1160 2120 suo
1185 2045 1350 2143 supplicio

91 2175 107 2221 t
121 2157 294 2249 crucietur,
332 2152 507 2255 acquiescit
536 2155 651 2230 alieuo.
711 2157 777 2232 Tot
807 2157 929 2232 saucii
958 2184 999 2232 ue
1024 2157 1061 2232 iu
1087 2157 1259 2259 equuleum
1284 2159 1354 2257 qui·

119 2269 189 2342 dem
214 2266 367 2368 impositi
396 2293 509 2346 oerum
531 2267 749 2368 satebuuturl
783 2268 889 2368 Atqui
922 2294 1016 2346 uenio
1043 2269 1159 2368 parcit
1188 2268 1355 2361 morituro,

119 2405 172 2454 uec
198 2381 359 2481 cuiquam
384 2382 573 2474 moriturus,
599 2394 636 2454 ut
660 2381 786 2479 opiuor.

149 2568 171 2633 §-
191 2572 214 2618 6.
251 2574 333 2634 caput
350 2582 389 2618 me
400 2566 500 2635 fuisse]
526 2567 630 2620 Fecisse
647 2573 721 2619 men·
750 2577 880 2637 parceret.
917 2567 993 2632 Quae
1010 2585 1080 2621 nunc
1097 2567 1211 2637 vulgaris
1228 2570 1299 2624 facta
1315 2576 1357 2623 est

119 2635 183 2686 dese
197 2633 321 2704 plerique
343 2651 433 2688 omnes
455 2637 528 2690 codd.
546 2637 667 2689 Meorum
690 2653 720 2689 ec
755 2636 832 2690 lectio
850 2646 872 2688 et
885 2637 955 2689 uiuat
963 2639 1049 2689 adbuc
1058 2647 1081 2689 et
1090 2638 1149 2688 uelit
1158 2639 1221 2690 mibi
1233 2656 1355 2709 parcere,

117 2701 195 2755 Snak.
213 2721 283 2755 unus
297 2700 484 2775 Flor.unod
499 2721 590 2758 verum
607 2711 648 2758 est
665 2703 720 2757 sine
754 2707 788 2759 ab
805 2704 875 2758 Aldo
893 2711 943 2769 cst,
965 2721 993 2757 rc
1013 2713 1071 2758 erte
1087 2705 1115 2757 in
1132 2722 1185 2758 uno
1204 2707 1293 2760 codice
1311 2724 1356 2760 no-

117 2771 195 2825 dubio
214 2772 307 2838 habet,
316 2773 416 2840 fuisse.
755 2782 810 2827 stro
828 2773 900 2826 Flor.
926 2773 959 2826 G.
1009 2772 1076 2827 eteri
1093 2773 1163 2827 siout
1180 2784 1243 2828 unte
1257 2776 1356 2828 Aldum

148 2841 195 2910 qui
223 2842 407 2909 temptabatur.
459 2841 504 2896 Sic
538 2841 607 2895 edidi
641 2841 719 2896 miru-
755 2844 884 2896 edebat-ur
900 2843 1112 2895 uiueret-uelut
1128 2873 1163 2882 —
1174 2860 1296 2911 parcere,
1313 2842 1356 2896 vel

115 2916 156 2962 tus
193 2927 239 2962 cur
273 2925 415 2962 consensus
450 2911 569 2965 codicum
604 2911 720 2964 omnium
750 2921 885 2983 parceret,
908 2911 951 2963 vel
970 2920 1122 2978 parcerent,
1147 2927 1199 2980 qua
1216 2911 1355 2982 scriptura,

114 2985 168 3031 tem
193 2978 238 3029 diu
268 2977 405 3047 neglectus
434 2979 522 3032 fuerit.
561 2979 633 3034 Olim
661 2981 721 3032 ede·
755 2981 833 3034 modo
846 2988 969 3049 parceret
986 2995 1001 3031 e
1017 2978 1092 3031 Leid.
1105 2977 1176 3031 Flor.
1189 2978 1276 3032 CDFI
1293 2997 1355 3049 pro-

114 3047 193 3100 betur
227 3047 364 3099 terrebatur
387 3065 403 3099 a
424 3047 565 3102 Vindelico
600 3056 628 3102 et
662 3047 720 3102 Me·
755 3050 846 3115 betur,
868 3047 933 3100 nihil
950 3063 1000 3116 ego
1017 3045 1122 3113 melius,
1146 3046 1211 3099 nihil
1228 3047 1353 3101 sincerius

113 3116 178 3182 rula,
198 3123 256 3168 turn
265 3114 352 3166 Aldus
369 3118 511 3181 verebatur,
523 3117 556 3169 de
572 3117 722 3171 con‘ecturu
757 3117 850 3170 iudico.
885 3115 957 3169 Dicit
979 3115 1060 3182 enim,
1087 3114 1109 3167 si
1126 3115 1237 3168 Dimnus
1254 3116 1356 3169 viveret

113 3185 215 3254 opinor,
233 3202 289 3237 non
307 3199 322 3235 e
340 3183 412 3238 libris
429 3186 570 3238 veteribus.
606 3137 719 3250 (buoda
754 3194 782 3239 et
800 3185 874 3256 quusi
890 3183 953 3237 mihi
970 3191 1099 3255 parceret,
1117 3183 1180 3254 quid
1190 3193 1290 3239 ceteros
1307 3203 1356 3255 pu-

113 3270 139 3305 se
161 3261 302 3305 retentum
323 3251 514 3308 Freinshemius
537 3262 564 3307 et
585 3253 719 3308 Snakenb.
754 3255 817 3308 tatis
839 3254 957 3308 facturos
979 3253 1052 3306 esse?
1093 3251 1214 3324 Cumque
1236 3253 1280 3306 ille
1303 3271 1357 3308 non

112 3321 269 3375 defendunt.
294 3319 348 3372 Sed
366 3323 511 3376 abutuntur
530 3341 546 3376 ο
579 3341 618 3377 rs.
640 3323 720 3377 Oete·
755 3322 866 3394 amplius
883 3321 998 3388 viveret,
1016 3340 1068 3393 quo
1085 3321 1113 3374 id
1130 3321 1181 3376 alio
1198 3322 1272 3377 verbi
1289 3329 1356 3375 tcm-

111 3409 170 3444 rum
189 3391 267 3443 codd.
277 3389 361 3442 nostri
379 3390 430 3444 hoc
439 3391 546 3461 quidem
564 3409 612 3446 oco
621 3407 720 3458 omnes,
755 3409 820 3463 pore
846 3389 924 3463 quarn
941 3391 1103 3470 Imperfecto
1128 3399 1242 3461 poterat·
1258 3391 1357 3461 signifi-

111 3459 175 3513 alibi
198 3457 321 3510 meliores
340 3458 459 3512 scribunt
477 3462 660 3529 temptabatur,
687 3459 721 3512 de
756 3462 832 3514 cure?
855 3461 973 3513 Accedat
990 3459 1139 3529 1giturhoe
1156 3460 1304 3530 exemplum
1323 3462 1357 3513 ad

113 3546 166 3598 qua
179 3526 314 3580 scribendi
328 3527 431 3580 ratione
443 3528 571 3582 ridendus
584 3528 722 3582 Bentleius
757 3529 843 3584 Taciti
853 3529 939 3582 locum
949 3528 1018 3580 Ann.
1028 3543 1072 3596 111,
1083 3535 1124 3597 11,
1144 3546 1197 3599 quo
1206 3529 1233 3582 in
1246 3547 1356 3599 gramm.

111 3599 145 3650 sd
164 3596 280 3649 Terent.
298 3594 405 3649 Phornn
424 3603 449 3663 3,
468 3605 493 3664 3,
514 3605 554 3651 19.
709 3622 711 3625 ·
758 3602 781 3667 §.
801 3605 850 3652 529
869 3599 903 3651 ad
920 3597 964 3650 fin.
981 3615 1043 3650 usus
1060 3616 1125 3651 sum.

147 3669 171 3734 §-
192 3673 216 3716 7.
234 3665 614 3735 Nicomachus—causemur]
633 3664 722 3734 Vulgo
793 3671 815 3736 ξ.
835 3674 875 3720 10.
910 3683 943 3718 ue
960 3668 988 3718 iu
1006 3669 1090 3735 equul.
1108 3668 1211 3746 quidem
1234 3668 1357 3734 impositi.

113 3735 145 3786 de
164 3731 324 3787 coniectura
341 3732 452 3787 Acidalii
469 3734 556 3786 editur
573 3736 621 3787 secl
637 3734 723 3786 Nico·
756 3736 842 3790 Miror
858 3737 885 3788 h.
902 3734 920 3786 l.
939 3752 996 3788 curn
1015 3735 1042 3788 in
1060 3735 1133 3789 libris
1149 3754 1209 3789 mss.
1228 3742 1358 3805 quantum

112 3806 206 3856 mucha
224 3819 285 3854 cum
303 3799 330 3852 in
348 3801 419 3855 libris
437 3820 497 3855 mss.
517 3811 546 3855 et
564 3802 627 3856 olim
644 3801 721 3854 editis
757 3805 809 3859 scio
827 3803 948 3858 omnibus
966 3802 1001 3856 sit
1013 3806 1223 3873 uec-quidem,
1242 3801 1358 3855 editores

112 3871 236 3925 omnibus
255 3869 361 3939 legatur
369 3870 555 3925 Nicomachus.
587 3870 657 3923 Illud
675 3874 723 3923 sed
755 3882 858 3927 veteres
880 3871 926 3942 qui
947 3888 1005 3924 eum
1027 3871 1185 3925 locutionem
1203 3888 1256 3924 non
1274 3869 1358 3922 refor-

112 3957 222 4020 prorsus
240 3936 335 3991 inutile
352 3945 401 4006 cst,
420 3957 478 3992 cum
496 3939 643 3993 sexcenties
659 3939 720 3991 sub·
755 3943 865 4009 mident,
883 3950 973 3993 tumen
991 3947 1146 3993 constanter
1162 3957 1237 3992 ue—
1254 3939 1358 4008 quidem

113 4007 283 4077 intelligutur
310 4006 355 4059 ubi
381 4007 510 4062 centraria
540 4015 719 4079 opponuntur.
755 4013 886 4081 probasse.
922 4008 1007 4061 Recte
1015 4026 1086 4072 vero,
1101 4007 1224 4078 quoniam
1232 4023 1285 4059 non
1296 4014 1359 4060 sunt

113 4077 280 4130 Nicomacho
307 4090 369 4128 vero
393 4094 463 4130 nunc
490 4084 517 4128 ct
543 4094 593 4146 ego
621 4075 719 4145 recepi,
756 4081 808 4134 duo
826 4080 891 4146 colu,
910 4095 941 4131 ac
958 4076 980 4128 si
997 4086 1094 4143 essent,
1112 4084 1201 4129 tamen
1219 4074 1255 4127 ric
1269 4073 1358 4143 potius

115 4163 175 4199 cum
193 4143 222 4197 in
240 4143 330 4214 priore
346 4144 459 4198 editione
477 4145 596 4199 codicum
607 4144 720 4213 scriptu·
756 4153 841 4202 oratio
858 4146 1025 4219 procederet:
1043 4152 1085 4198 tot
1102 4144 1198 4197 conscii
1210 4142 1357 4211 negabunt,

116 4231 174 4266 ram
192 4227 347 4279 servassem,
365 4220 494 4293 tamquam
505 4212 634 4335 oppositio
644 4213 721 4266 ficret
755 4235 787 4270 ac
804 4235 835 4270 ue
853 4217 881 4270 in
895 4212 1095 4284 equul.quidem
1112 4211 1148 4264 im
1184 4210 1227 4265 siti
1236 4211 1359 4264 latebun-

117 4281 188 4336 inter
206 4281 334 4335 Dimnum
350 4289 378 4334 et
394 4282 522 4335 Nmomac
542 4301 593 4336 um.
619 4282 720 4334 Verum
755 4294 807 4339 tur.
842 4285 887 4339 Sic
907 4282 976 4335 enirn
1002 4289 1096 4335 auctor
1119 4298 1149 4333 so
1159 4287 1195 4334 et.
1231 4279 1360 4333 Ceterum

117 4365 148 4403 ee
160 4350 184 4404 si
199 4358 271 4403 esset
280 4349 355 4402 aliter
364 4351 549 4404 conformanda
559 4359 617 4404 crat
626 4349 719 4404 oratio.
754 4354 860 4409 Modius
877 4370 909 4405 ue
918 4354 946 4405 iu
956 4352 1061 4472 epuuleo
1076 4350 1178 4418 quidem
1182 4349 1266 4417 positi
1274 4347 1358 4416 dedit,

151 4424 178 4486 S.
197 4425 221 4474 e.
247 4428 281 4471 set
302 4419 393 4472 vireret
413 4423 498 4474 adbuc
521 4430 544 4474 et
568 4422 635 4474 uolut
656 4420 720 4473 mibi
754 4422 822 4478 sicut
844 4438 911 4475 unus
934 4420 968 4472 ha
986 4426 1015 4471 et
1036 4417 1108 4474 Flor.
1127 4416 1165 4486 G;
1192 4416 1248 4488 ipse
1269 4423 1359 4472 autem

1116 4507 1148 4557 18
