2926 5174
419 319 468 368 ou
495 317 621 369 oasrrs
647 320 756 372 Atax.
783 317 903 389 v111,5.
1201 293 1274 365 363

10 501 222 575 ‘oraculum
250 500 413 592 eludens,
448 503 590 576 veriora
616 530 655 577 se
680 506 770 603 regi,
804 529 911 603 quam
935 512 1075 599 patrem
1101 498 1192 588 eius,
1224 522 1276 569 re·
1321 554 1324 562 .

10 611 227 711 rspondisse
255 613 406 686 dicebat.
458 612 534 686 Iam
558 625 701 688 tantum
726 617 800 690 irae
826 623 1040 712 conceperat
1065 636 1141 700 rex,
1168 634 1276 706 quan·

33 735 109 797 tum
136 723 204 796 vix
232 724 373 797 sobrius
399 726 491 797 serre
517 726 701 823 potuisset.
746 725 939 799 Enimvero
966 725 1050 796 olim
1075 748 1174 795 mero
1184 717 1277 794 *sen-

10 836 131 909 rsibus
158 836 285 926 victis,
312 862 358 909 ex
384 838 476 909 lecto
503 849 649 934 repente
675 839 847 936 prosiluit.
900 835 1055 909 Attoniti
1082 832 1200 923 amici,
1232 856 1278 904 ne

33 947 159 1044 positis
187 947 345 1043 quidem,
371 948 435 1021 sed
453 948 599 1021 abiectis
625 951 770 1046 poculis,
798 957 1026 1044 consurgunt,
1052 946 1090 1018 in
1110 953 1279 1019 eventum

10 1058 91 1146 irei,
119 1083 234 1154 quam
261 1068 363 1130 tanto
389 1058 526 1158 impetu
551 1072 696 1133 acturus
724 1070 834 1148 esset,
871 1059 1008 1132 intenti.
1061 1053 1278 1145 Alexander,

33 1180 136 1268 rapta
170 1162 301 1242 lancea
332 1195 379 1242 ex
410 1172 575 1244 manibus
607 1172 789 1269 armigeri,
830 1168 962 1243 Clitum
998 1169 1115 1243 adhuc
1154 1166 1279 1240 eadem

34 1281 175 1378 linguae
203 1280 482 1378 intemperantia
507 1283 684 1356 liuentem
710 1293 895 1381 percutere
922 1290 1087 1370 conatus,
1115 1307 1137 1353 a
1162 1277 1279 1351 Ptole-

10 1410 130 1466 tmeeo
161 1403 201 1466 et
222 1390 396 1465 Perdicca
420 1394 609 1467 inhibetur.
662 1393 822 1467 Medium
848 1392 1025 1491 complexi
1047 1402 1084 1464 et
1105 1391 1279 1465 obluctari

39 1514 331 1600 perseverantem
351 1505 599 1594 morabantur;
626 1504 861 1605 Lysimachus
883 1517 920 1579 et
938 1503 1145 1577 Leonnatus
1173 1501 1279 1576 etiem

11 1633 24 1680 t
36 1615 196 1689 lanceam
233 1618 467 1691 abstulerant.
520 1615 583 1689 llle
616 1618 767 1689 militum
803 1616 912 1690 fidem
941 1618 1151 1714 implorans,
1186 1639 1279 1687 com·

34 1726 208 1824 prehendi
236 1753 276 1800 se
303 1753 325 1800 a
350 1729 522 1827 proximis
549 1730 752 1819 amicorum,
785 1726 881 1825 quod
906 1727 1025 1800 Dareo
1052 1753 1167 1825 nuper
1192 1726 1280 1799 acci·
1312 1759 1316 1765 ·

34 1837 150 1928 disset,
181 1840 375 1931 exclamat,
403 1841 614 1939 signumque
641 1841 729 1913 tuba
755 1840 841 1930 dari,
868 1849 909 1912 ut
928 1838 975 1912 ad
994 1839 1127 1938 regiam
1152 1838 1279 1911 armati

10 1951 178 2039 ³coircnt,
209 1950 321 2022 iubet.
374 1949 466 2023 Tum
493 1977 581 2024 vero
607 1951 833 2024 Ptolemaeus
861 1961 896 2024 et
915 1950 1102 2023 Perdiccas
1129 1950 1278 2049 genibus

34 2060 196 2134 advoluti
221 2072 340 2151 orant,
365 2088 411 2135 ne
428 2064 466 2135 in
486 2073 562 2135 tam
589 2063 773 2161 praecipiti
790 2062 843 2135 ira
868 2071 1084 2160 perseveret,
1111 2061 1279 2159 spatium·

35 2199 97 2269 que
127 2173 260 2271 potius
288 2173 406 2245 animo
434 2172 513 2246 det:
546 2175 665 2247 onmia
696 2184 842 2271 postero
870 2172 927 2246 die
959 2173 1085 2246 iustius
1111 2183 1278 2245 executu-

10 2302 117 2358 trum.
175 2283 256 2358 Sed
291 2285 432 2358 clausae
467 2296 570 2358 erant
610 2311 734 2374 aures,
774 2285 1006 2383 obstrepente
1039 2285 1101 2356 ira.
1154 2282 1279 2381 ltaque

34 2397 213 2496 impotens
252 2396 361 2468 animi
400 2399 578 2495 procurrit
611 2398 647 2470 in
681 2397 799 2495 regiae
835 2397 1068 2485 vestibulum,
1107 2406 1145 2468 et
1182 2396 1280 2494 vigili

35 2509 230 2582 excubanti
257 2508 363 2579 hasta
389 2509 518 2598 ablata,
545 2509 705 2582 constitit
731 2510 767 2580 iu
793 2508 903 2597 aditu,
931 2534 1001 2605 quo
1028 2532 1174 2580 necesse
1201 2517 1279 2580 erat
1389 2544 1394 2556 ·

10 2619 93 2711 this,
119 2620 186 2718 qui
215 2618 324 2691 simul
350 2631 597 2708 coenaverant,
625 2620 755 2717 egredi.
801 2618 976 2693 Abierant
1002 2618 1119 2691 ceteri.
1167 2617 1279 2692 Clitus

34 2731 178 2805 ultimus
219 2730 299 2800 sine
333 2730 465 2803 lumine
500 2731 631 2803 exibat.
686 2728 801 2819 Quem
835 2756 919 2821 rex,
962 2730 1124 2827 quisnam
1159 2729 1279 2802 esset?

35 2841 246 2940 interrogat.
287 2838 477 2913 Eminebat
503 2842 611 2930 etiarn
636 2843 789 2914 in”voce
815 2842 967 2930 sceleris,
994 2841 1092 2937 quod
1118 2839 1279 2936 parabat,
1330 2878 1334 2888 ·

10 2956 217 3027 *atrocitas
269 2949 317 3023 Et
350 2952 409 3026 ille
443 2954 514 3026 iam
548 2978 621 3026 non
658 2978 762 3039 suae,
798 2951 862 3024 sed
897 2952 990 3050 regis
1026 2953 1099 3024 irae
1133 2976 1279 3042 memor,

10 3060 165 3138 toltum
195 3089 290 3153 esse,
317 3074 354 3135 et
381 3064 426 3136 de
452 3065 618 3136 convivio
645 3064 742 3137 exire
770 3063 964 3160 respondit.
1005 3062 1104 3136 Haec
1131 3064 1279 3137 dicentis

36 3173 121 3249 letus
142 3177 259 3248 hasta
278 3174 474 3247 transfixit:
494 3175 746 3270 morientisque
767 3176 938 3273 sauguine
957 3201 1134 3273 aspersus,
1153 3175 1281 3268 Innn,

34 3283 154 3384 inquit,
185 3287 238 3360 ud
263 3285 457 3384 Philippum
484 3299 513 3358 et
537 3286 792 3362 Parmenionem
818 3299 847 3359 et
872 3287 1031 3360 Attalum.

46 3467 138 3540 '§.43.
162 3471 230 3523 olim
241 3485 311 3521 mero
325 3470 443 3523 semibus
458 3471 544 3541 vietis]
574 3470 642 3524 Olim
677 3470 705 3522 in
727 3469 835 3523 Frons
857 3487 915 3524 vero
938 3473 998 3524 olim
1020 3475 1088 3526 enim
1109 3490 1182 3540 vero,
1209 3479 1237 3524 et
1255 3471 1283 3525 in

32 3554 78 3609 pm
96 3541 214 3604 dudum,
240 3536 343 3607 pridem
359 3556 379 3590 s.
396 3538 448 3592 iam
466 3540 572 3604 dudum,
591 3538 642 3593 iam
677 3539 748 3592 Flor.
767 3537 793 3592 G
812 3540 881 3592 Olim
899 3543 967 3593 enim
984 3559 1043 3594 vero
1061 3559 1139 3595 mero.

12 3607 145 3678 ,putem
172 3625 231 3661 non
256 3623 316 3658 raro
337 3606 446 3675 ponitur
468 3606 595 3661 eCurtio
614 3617 643 3661 et
712 3610 735 3677 ξ.
745 3614 786 3660 48.
822 3610 980 3678 obstrepente
997 3612 1050 3678 ira]
1079 3611 1164 3665 Codd.
1177 3608 1282 3680 plurimi

30 3677 148 3757 supparis
157 3677 220 3730 fere
229 3673 327 3727 aetatis
335 3674 517 3745 scriptoribus,
532 3675 641 3743 Seneca,
677 3678 859 3746 obstrepentes,
877 3679 1013 3742 mendose,
1051 3680 1102 3732 uod
1117 3679 1198 3748 vulgo
1210 3685 1283 3732 reste

31 3743 208 3810 Quintiliano.
246 3741 642 3813 cf.1v‚asA29ppnt,ottm
676 3744 765 3798 editur
793 3745 819 3797 in
841 3745 912 3798 Flor.
931 3746 1006 3800 CEH
1030 3697 1152 3800 Pernss
1177 3750 1281 3799 Vosa2

27 3812 176 3868 Persarum
200 3812 296 3892 opibus
314 3813 425 3880 infermi,
450 3815 545 3893 quippe
561 3832 642 3866 orere
676 3813 750 3867 libris
768 3813 831 3866 alias
849 3813 955 3867 minime
971 3815 1047 3869 bonis
1064 3814 1205 3884 reperitur.

27 3892 51 3935 et
66 3885 182 3952 superbe
209 3882 386 3947 imperitatum
407 3884 458 3935 sibi
481 3899 536 3934 esse
554 3885 642 3934 crede·
711 3889 732 3948 ξ.
743 3889 784 3935 49.
812 3886 949 3951 procurrit
967 3885 995 3935 in
1012 3885 1101 3953 repiee
1119 3884 1281 3962 vestibulum!

27 3950 105 4018 bunt,
132 3954 173 4005 ed
196 3965 273 4016 spem
290 3951 413 4002 aduentus
432 3951 488 4002 eius
507 3960 642 4002 erexerant
676 3950 722 4004 Sic
744 3950 878 4020 aptissime
900 3951 960 4004 libri
984 3951 1030 4020 qui
1053 3960 1082 4004 et
1107 3950 1171 4003 alias
1189 3950 1282 4021 optimr

24 4021 139 4073 enimes.
177 4017 260 4071 Infra
281 4032 337 4085 cap.
351 4024 384 4071 20
410 4019 547 4087 elicuitque
574 4020 642 4071 irem
676 4029 817 4073 censentur
834 4020 908 4073 Laid.
923 4021 1027 4073 Vossl
1050 4019 1120 4073 Flor.
1140 4019 1198 4086 AB,
1222 4035 1283 4071 nam

23 4088 184 4142 Alexandri
204 4102 287 4155 quam
304 4087 377 4139 olim
392 4088 642 4155 animocoperenen
676 4088 815 4157 vulgatum
833 4090 968 4158 percurrit
991 4087 1064 4140 nulla
1085 4084 1188 4140 ratione
1212 4104 1283 4140 com-

15 4166 143 4221 putarat,
173 4161 273 4224 potest
297 4154 358 4207 olim
383 4154 510 4224 explicari
536 4157 641 4208 dentum.
676 4158 824 4210 mendetur.
850 4157 947 4226 Neque
964 4153 1034 4208 enim
1048 4155 1162 4209 debebat
1177 4173 1209 4208 eo
1224 4173 1282 4209 cur-

21 4223 81 4279 Sed
99 4224 154 4278 lal.
174 4223 244 4276 olim
263 4221 296 4273 ab
314 4223 373 4276 edd.
383 4231 447 4277 vett.
465 4224 541 4276 abest
558 4241 642 4292 usque
676 4242 735 4278 rere
753 4242 802 4279 nec
823 4224 859 4279 ibi
877 4241 982 4277 manere
1000 4222 1181 4278 constituerat.
1216 4224 1283 4278 Mox

20 4294 60 4347 ed
76 4292 261 4354 Medianum,
288 4288 349 4342 item
371 4291 481 4358 posthac
504 4290 642 4345 aFreins·
676 4296 717 4347 bis
743 4311 834 4348 omnes
857 4311 916 4346 mss.
957 4310 987 4345 ro
1011 4292 1081 4362 vulg.
1101 4292 1150 4360 iis,
1177 4301 1282 4347 tantum

19 4357 114 4415 hemia
133 4359 277 4418 omissum,
298 4359 412 4436 quamvis
430 4360 535 4428 legatur
553 4359 580 4412 in
598 4378 641 4413 co·
676 4362 747 4416 Flor.
766 4362 789 4414 B
809 4370 839 4416 ut
856 4361 923 4430 solet
938 4311 999 4413 itis.

18 4429 129 4485 diribrrs
147 4443 217 4481 mss.
237 4427 369 4496 omuibus,
394 4430 441 4483 sed
463 4437 565 4483 mutato
583 4427 641 4484 1οω
710 4434 733 4499 §.
749 4438 790 4484 52.
825 4432 936 4496 Iriuuc,
956 4430 1049 4498 inquit,
1067 4431 1106 4483 od
1118 4429 1279 4504 Pbilippmn]
