2926 5174
121 285 168 354 27
173 284 193 354 6
616 302 648 364 o.
677 301 800 353 cunum
823 302 908 354 num

117 487 263 560 stidmm.
304 485 363 562 Sic
389 511 464 587 erpo
491 487 640 585 imperim
666 486 754 584 qued
779 485 948 585 dedipner,
974 484 1151 569 immines!
1181 485 1252 560 Iem
1269 486 1354 584 pri-e

118 598 193 670 dein
227 595 359 672 nativus
391 598 444 672 iile
478 622 585 672 sermo
618 594 809 671 commercio
846 595 991 669 alierum
1021 596 1169 696 pendium
1202 597 1323 671 caelent:

118 720 184 779 mm
219 707 407 799 uictoribus,
455 734 556 808 quum
590 708 698 798 nidis,
728 708 911 806 peregrine
948 707 1063 808 linqua
1103 709 1255 782 discenda
1284 721 1323 781 est

119 817 202 892 Non
236 816 414 893 mehercule
449 819 512 892 csta
544 844 594 893 me
620 819 728 917 meeis
755 819 901 911 laedunt,
937 845 1038 918 qnam
1064 819 1153 919 qnod
1177 819 1355 917 Antemnae

117 928 297 1003 Perdiccae
319 932 437 1028 filins,
471 930 649 1004 insidiatus
681 941 727 1002 esi
759 930 850 1027 re9i;
886 954 960 1003 cum
996 955 1058 1028 qno
1093 929 1182 1028 qued
1205 929 1325 1002 amicilia

104 1039 216 1140 suerri
241 1040 332 1132 milii,
358 1066 424 1116 nen
447 1065 562 1115 recuso
583 1039 765 1141 defendere,
791 1041 823 1113 si
837 1043 984 1141 fratrem
1009 1042 1097 1139 repis
1122 1065 1188 1113 nen
1213 1037 1327 1137 oportuit

118 1150 216 1249 dilipi
249 1176 271 1223 u
305 1152 407 1226 nobis.
475 1149 539 1227 Sin
575 1163 682 1224 entem
717 1151 753 1223 in
788 1151 842 1225 ille
867 1154 1027 1253 susanne
1059 1151 1175 1249 predic
1201 1151 1359 1249 pisinnus

117 1262 215 1336 etimn
240 1261 396 1336 cenercri
418 1286 545 1336 mcesse
571 1273 660 1335 eret:
687 1272 806 1352 mrum,
834 1287 962 1360 quaeso,
989 1263 1078 1361 qued
1102 1287 1169 1336 nen
1194 1258 1326 1347 divinavi,

116 1397 193 1447 reas
227 1397 321 1463 sem,
356 1398 401 1446 un
435 1373 613 1471 impierum
647 1371 764 1446 animm
789 1373 968 1447 insentibus
993 1397 1120 1472 quoqne
1146 1370 1326 1468 moriendum

116 1481 188 1558 esi?
226 1479 325 1564 Quod
349 1472 392 1556 si
405 1508 547 1581 aequum
573 1495 634 1573 est,
666 1507 726 1555 eur
751 1483 880 1557 turadia
904 1482 1000 1558 eino?
1033 1485 1066 1558 si
1090 1484 1262 1574 iniustum,
1283 1504 1326 1552 car

117 1619 205 1672 num
237 1595 370 1667 demum
402 1593 555 1669 occidor?
598 1592 646 1666 An
669 1592 768 1666 enim
799 1595 934 1693 scripsi,
968 1593 1122 1668 misereri
1154 1619 1205 1668 me
1228 1600 1362 1679 commit

120 1705 237 1804 quidm
271 1705 449 1778 uiuendum
484 1718 566 1779 esset
594 1705 654 1778 secl>
686 1728 739 1797 eo,
772 1706 831 1804 qui
863 1732 898 1781 se
929 1706 1021 1782 locis
1049 1706 1168 1806 filium
1201 1703 1326 1778 crederet

115 1815 219 1889 Fides
245 1814 418 1908 amicitiae,
446 1816 517 1889 neri
540 1814 670 1891 consilii
686 1816 877 1914 periculam
903 1818 1041 1909 libertas,
1066 1842 1126 1892 vos
1151 1842 1203 1892 nne
1227 1811 1327 1912 decepi·

149 2036 173 2098 ὅ.
184 2038 225 2085 23.
230 2032 375 2100 pereqrine
387 2032 488 2099 linqua]
504 2029 631 2084 Graecam
640 2030 716 2084 dicit:
752 2030 785 2082 τὸ
804 2027 981 2097 τελευταῖον,
1005 2029 1130 2083 dubitare
1149 2047 1201 2084 non
1250 2029 1329 2082 liuntur

115 2099 230 2153 victores
253 2105 314 2151 sunt
333 2088 509 2165 Macedones,
533 2098 596 2152 vieti
613 2099 714 2155 Asiani.
752 2097 811 2166 loci,
833 2098 921 2169 quales
939 2104 1001 2151 sunt
1019 2097 1154 2152 Ciceronis
1173 2101 1206 2151 de
1232 2115 1284 2168 egg.
1298 2111 1328 2159 m,

150 2171 173 2235 ξ.
196 2175 238 2222 24.
272 2161 327 2219 non
353 2185 442 2221 recuso
470 2168 622 2236 defendere,
654 2167 671 2220 i.
693 2184 716 2220 e.
754 2175 794 2233 17,
813 2172 846 2221 38
879 2169 929 2222 Vos
956 2169 1057 2220 demum
1088 2170 1170 2237 lacem
1195 2165 1329 2236 antiquandi

116 2243 223 2316 paratus
246 2251 303 2287 sum
324 2251 365 2286 me
389 2237 544 2302 defendere,
571 2243 599 2288 et
620 2236 717 2289 crimen
752 2237 808 2288 sine
826 2237 929 2302 tubelle,
948 2234 997 2286 ie.
1015 2243 1047 2288 ut
1060 2236 1095 2288 ad
1112 2235 1192 2288 finem
1208 2235 1245 2288 rei
1262 2232 1330 2286 venia·

116 2303 295 2367 1lludeluere,
314 2305 454 2361 ostendens
463 2303 593 2369 nimirum,
612 2321 718 2358 nonme
752 2321 809 2356 mus
827 2302 1019 2373 (schliesslich)
1043 2311 1073 2357 et
1091 2303 1172 2357 Tuae.
1195 2307 1329 2372 V,37,107

117 2371 185 2424 illius
203 2369 343 2424 amicitiam
361 2372 532 2440 expetivisse,
559 2389 644 2443 neque
662 2381 718 2427 tam
752 2374 858 2426 exilium
875 2404 910 2414 -
926 2381 1051 2442 quantum
1076 2375 1178 2426 demum
1195 2391 1245 2442 ep
1287 2379 1330 2422 etna

116 2439 268 2492 familiarem
289 2456 365 2490 usum
386 2439 449 2492 mihi
476 2458 534 2492 cum
555 2440 600 2493 illo
624 2441 712 2508 fuisse,
742 2442 955 2510 perepmnctione
973 2442 1080 2509 differt?
1098 2458 1152 2494 was
1170 2440 1205 2494 ist
1222 2389 1330 2493 affinia

116 2515 165 2562 εει
200 2508 280 2560 Νιιιιε
297 2515 385 2560 autem
402 2526 461 2562 cum
477 2509 546 2579 regis
572 2509 616 2561 ille
632 2510 713 2564 frater
748 2510 793 2562 fiir
810 2509 853 2561 ein
870 2509 1068 2564 Unterschied?
1092 2508 1135 2562 Ab
1160 2510 1209 2563 hac
1226 2507 1331 2578 signifiea-

116 2576 205 2643 fuerit,
224 2575 321 2629 erimen
329 2595 382 2629 non
391 2595 513 2647 agnosco,
529 2595 581 2631 non
592 2578 713 2645 defendo,
750 2577 821 2631 tione
839 2577 893 2630 eius
917 2579 988 2648 quod
1009 2584 1160 2630 extremum
1177 2585 1231 2645 est,
1254 2574 1330 2646 signifi·

115 2645 161 2697 sed
177 2662 240 2715 prae
257 2661 299 2697 me
317 2645 715 2700 feroamieummcilliusfuisse.
751 2645 819 2700 catio
837 2646 953 2700 nascitur
970 2645 1037 2708 eius,
1063 2647 1137 2715 quod
1155 2664 1225 2700 nunc
1241 2645 1331 2716 primun

113 2713 263 2767 Defendere
295 2714 364 2766 enim
390 2715 487 2768 crimen
517 2734 570 2768 non
595 2715 646 2767 hoc
675 2723 716 2769 est
750 2715 790 2780 fit,
808 2733 867 2768 eum
884 2715 981 2766 dudum
999 2714 1055 2767 fieri
1075 2715 1212 2782 debuerit,
1229 2724 1257 2767 ut
1274 2713 1330 2767 Curt.

113 2784 184 2853 quod
201 2783 319 2836 Philotas
344 2783 421 2851 facit,
448 2783 569 2836 nimirum
586 2792 716 2855 utneget
750 2799 789 2849 1v,
800 2790 832 2836 49
851 2793 911 2837 irinc
929 2786 1028 2835 demam
1045 2784 1131 2836 intret
1149 2784 1330 2842 tabernaculam,

114 2851 212 2904 crimen
240 2851 306 2904 illud
331 2868 401 2919 esse,
433 2854 480 2904 sed
507 2869 630 2907 amovere
651 2870 667 2904 a
688 2869 716 2906 se
750 2851 884 2905 deseendit
907 2851 987 2904 etiam
1007 2850 1084 2904 notio
1102 2851 1141 2903 rei
1165 2851 1259 2932 ipsius,
1281 2863 1331 2920 qnae

114 2937 226 2987 crimen,
254 2921 411 2974 contendere
429 2938 485 2974 sese
502 2938 533 2976 eo
551 2939 605 2974 non
622 2923 713 2974 teneri.
749 2920 855 2973 remotis
891 2920 946 2973 nasi
964 2918 1119 2989 ambagibus
1136 2920 1297 2991 rehnquitur,
1310 2922 1331 2968 nt

113 2989 171 3041 Viri
189 2988 260 3042 docti
278 3007 336 3042 eum
353 2989 403 3043 loei
417 3006 520 3042 sensum
534 3008 626 3059 parum
643 2999 715 3044 recte
749 2990 820 3059 apud
838 2938 990 3041 Sallustium
1008 2986 1068 3040 Cat.
1096 2995 1130 3042 20
1158 2990 1232 3042 Idem
1248 2989 1331 3040 rclbd

113 3075 161 3126 per
194 3057 507 3128 icerent,eorrigereeum
517 3057 634 3129 aggressi
644 3069 714 3126 sunt,
751 3060 819 3110 idem
836 3059 912 3124 nolle,
930 3074 960 3109 ea
974 3059 1075 3109 demam
1082 3058 1329 3124 fimnaamicitiaed,

112 3076 246 3179 Atilianus
263 3134 290 3178 et
307 3126 442 3180 Rubenius
464 3131 607 3196 dependere
624 3127 715 3181 volue-
751 3128 823 3196 quod
844 3125 915 3179 varie
938 3123 1094 3178 Germanice
1116 3133 1219 3179 vertas:
1245 3121 1331 3177 dasist

112 3202 185 3260 runt,
199 3194 270 3264 quod
278 3204 348 3248 esset
383 3198 716 3265 reeccnlpesutiffecerc,
751 3197 854 3258 zuietzt,
873 3192 1032 3260 desisteret,
1050 3194 1098 3246 das
1109 3192 1145 3247 ist
1160 3191 1331 3264 yeraeewntn

112 3264 284 3315 Heumannus
309 3214 413 3316 inciiim
440 3263 488 3318 sibi
515 3281 571 3317 rem
592 3265 716 3331 reddens,
751 3262 955 3328 Freundscbast,
978 3262 1116 3315 descendit
1138 3262 1250 3334 deniqne
1267 3257 1331 3325 Quin·

113 3349 166 3396 non
185 3331 309 3399 defende,
335 3332 379 3385 alii
397 3332 461 3400 alia,
485 3333 531 3386 sed
548 3349 579 3386 ea
596 3334 717 3406 persequi
752 3330 872 3384 tilianeae
894 3329 1120 3400 frequentissimus
1143 3349 1219 3400 usus,
1245 3331 1287 3384 sed
1302 3326 1331 3380 in-

113 3399 160 3451 vix
178 3417 243 3468 opus
261 3397 372 3453 videtur.
475 3461 478 3465 ,
752 3407 843 3480 ceptus
860 3398 904 3452 ille
923 3398 1028 3469 quidem
1045 3398 1151 3452 modice
1177 3407 1238 3470 post
1253 3413 1331 3469 prone·

148 3469 170 3535 ξ.
191 3473 231 3518 25.
267 3477 352 3521 utrum
370 3487 473 3540 quaese.
508 3469 642 3524 Acidalius
668 3473 715 3525 ite·
750 3487 821 3521 mina
834 3468 913 3521 etiam
923 3478 1008 3533 antea
1026 3485 1077 3537 pro
1091 3469 1230 3532 duntaxat,
1247 3473 1330 3520 tantm

112 3554 180 3600 rum,
200 3534 323 3589 Heinsius
331 3541 456 3607 ,fcturum
474 3557 569 3609 quaeso
587 3542 657 3620 quod
664 3559 715 3593 non
752 3537 847 3605 (bloss,
865 3539 931 3604 nur)
954 3544 985 3588 ut
1007 3534 1084 3589 Ourt.
1103 3551 1146 3604 1v,
1166 3543 1178 3590 1
1206 3539 1237 3590 id
1251 3538 1330 3589 dmm

113 3605 229 3657 divinavi
260 3623 307 3658 cur
334 3624 393 3659 reus
419 3612 496 3660 suin?
531 3610 715 3679 corrigendum
750 3609 856 3660 credens
865 3607 930 3676 fere
938 3605 1032 3674 ipsius,
1050 3608 1122 3674 quod
1129 3607 1258 3658 celeritate
1267 3615 1330 3673 prce·

113 3680 278 3726 censuerunt.
317 3674 398 3738 Quasi
421 3676 561 3755 quicquam
584 3678 610 3730 h.
628 3677 645 3729 l.
669 3678 715 3731 ob·
750 3677 835 3745 cipere
848 3675 983 3744 potuisset.
1020 3672 1147 3726 Ceterum
1163 3671 1275 3727 elcan
1296 3684 1330 3748 ais

113 3759 218 3794 scuram
236 3742 283 3795 siti
318 3743 417 3797 Utrum
434 3744 493 3812 illa,
516 3745 614 3816 inquit,
639 3745 716 3815 culpa
750 3762 802 3796 nen
824 3761 892 3796 nnnc
914 3745 1026 3808 demam,
1058 3741 1106 3794 sed
1130 3740 1197 3794 nihil
1221 3748 1272 3808 est,
1293 3752 1329 3791 nin

112 3827 171 3863 mea
189 3817 241 3876 est,
268 3829 302 3863 an
325 3811 404 3864 etiam
422 3811 477 3864 sine
495 3814 573 3884 eulpa
589 3813 656 3867 mori
672 3831 715 3866 me
753 3810 961 3884 διττογραφία.

112 3880 237 3949 oportet?
273 3880 305 3931 In
322 3880 493 3950 sequentibus
516 3901 562 3935 cnr
584 3901 653 3936 nunc
671 3885 715 3936 de.
784 3885 807 3947 ᾗ.
827 3888 868 3934 26.
903 3897 946 3932 ves
964 3895 1002 3932 me
1021 3880 1168 3948 decepistis.
1204 3871 1328 3932 Sentinati

112 3967 181 4001 nium
209 3949 334 4001 occider?
370 3951 469 4002 demum
496 3949 565 4003 idem
591 3952 647 4004 fere
674 3959 715 4004 est
750 3948 908 4018 elegantiam
920 3947 1046 4000 orationis
1056 3947 1133 4000 unice
1143 3938 1327 4018 pertinereilnd

113 4016 185 4086 quod
202 4018 319 4086 denique,
340 4015 496 4071 Germanice
513 4037 611 4072 warum
628 4020 715 4072 werde
749 4035 909 4088 pronomen,
928 4035 980 4069 non
997 4023 1038 4068 est
1055 4023 1145 4069 tamen
1162 4015 1188 4068 in
1207 4013 1276 4068 libris
1286 4025 1326 4064 ιιι·
1344 4014 1349 4027 “

111 4084 155 4136 ἰεΙι
176 4085 242 4137 ietzt
263 4085 364 4137 zuletzt
391 4085 531 4154 (endlieh)
555 4088 622 4140 doeh
645 4089 713 4141 noch
748 4086 888 4156 nuseriptis
912 4091 1021 4165 praeter
1047 4083 1120 4138 Flor.
1144 4082 1170 4138 G
1196 4091 1226 4137 et
1246 4080 1294 4135 Pal
1307 4083 1324 4130 l·

112 4153 254 4222 getbdtet?
272 4152 373 4217 Quodsi
384 4152 538 4208 Germanice
555 4163 643 4208 vertas
652 4158 713 4210 iun
747 4154 852 4208 Medius
877 4172 975 4225 primus
1002 4152 1112 4219 adiecit,
1138 4152 1225 4206 nescio
1250 4167 1278 4203 an
1299 4146 1323 4197 dt

112 4230 179 4287 ersi,
202 4221 327 4292 intelligis
350 4222 378 4274 id
399 4222 450 4274 dici
473 4225 544 4294 quod
566 4223 618 4276 iam
635 4233 712 4278 antea
747 4223 908 4290 coniectura,
932 4240 992 4274 nam
1014 4221 1120 4274 difficile
1138 4239 1190 4276 non
1208 4219 1254 4273 suit
1268 4217 1322 4270 inve·

112 4288 167 4340 fieri
185 4289 284 4342 debuit.
318 4291 378 4344 Hce
395 4299 484 4344 autem
506 4310 522 4344 a
543 4292 581 4344 rei
598 4292 712 4346 veritate
746 4293 803 4345 nire
825 4294 896 4362 quod
917 4306 1001 4344 sermo
1025 4290 1169 4345 eommunis
1193 4284 1320 4363 postulastis

112 4356 295 4410 alienissimum
325 4367 372 4411 est.
417 4360 582 4414 Vocabulum
612 4364 712 4414 riemanr
746 4379 904 4432 quamquam
930 4359 1032 4430 saepius
1058 4358 1085 4412 in
1111 4356 1236 4413 eiusmodi
1250 4355 1319 4408 lane

114 4424 178 4493 quin
203 4425 351 4495 primariam
376 4427 591 4497 significationem
613 4431 712 4483 habeat
746 4429 822 4482 nibus
840 4447 899 4483 cum
916 4426 986 4482 Flor.
1005 4427 1031 4481 G
1048 4423 1318 4496 nonnumquam&
