2926 5174
118 285 188 358 122
613 301 647 362 o.
675 300 800 351 curru
825 299 911 352 num

113 488 214 564 donoc
248 486 289 559 ab
315 487 367 560 liis
399 485 459 586 qui
489 497 614 582 pererit
637 484 752 556 dederi
768 495 890 582 potest,
922 481 988 556 tuis
1013 509 1037 556 a
1064 484 1189 558 uictore
1215 501 1355 562 unua

113 612 179 674 est:
206 598 266 673 sed
290 621 376 671 uuor
401 609 459 668 tue
477 595 585 693 paulo
611 608 685 666 uate
709 595 846 669 eueessit
869 619 887 668 e
911 594 990 668 vitu.
1051 592 1151 668 Tum
1176 622 1266 670 vero
1291 618 1385 671 nonu

112 709 267 807 gemitus
295 707 414 797 modo,
441 705 642 779 sedetiam
669 706 821 778 eiulatus
848 705 934 778 totis
962 707 1093 779 castris
1123 707 1354 782 exaudieban-

114 829 191 891 tur:
223 843 290 892 nec
316 816 497 890 dubitavit
521 815 679 907 Dareus,
715 817 802 913 quin
827 816 1015 889 interfecta
1041 829 1159 910 esset,
1197 818 1281 915 quia
1304 844 1354 892 ne·

116 929 253 1025 quisset
285 928 538 1001 contumeliam
572 927 720 1026 perpeti.
773 926 1034 1023 Exclamatque
1067 954 1198 1004 amens
1226 929 1354 1005 dolore:

117 1038 217 1124 Quod
250 1065 308 1139 epo
344 1051 472 1111 tuntum
503 1042 599 1141 nefus
633 1038 800 1129 commisi,
835 1037 1057 1112 Alexander?
1099 1066 1200 1140 quem
1235 1055 1355 1117 maun

109 1152 380 1250 propinquorum
406 1150 531 1240 recurri,
557 1161 593 1222 ut
618 1149 703 1222 loru
728 1149 833 1222 uicem
858 1150 1044 1225 restitueres
1071 1152 1234 1226 saevitiae
1253 1155 1355 1228 nauel

118 1259 230 1336 Odisti
253 1286 320 1353 me,
354 1285 422 1334 non
446 1260 581 1360 quedem
607 1272 828 1356 moeremus.-
854 1261 914 1333 sed
925 1250 1037 1360 flupe,
1064 1263 1194 1336 iratum
1220 1265 1355 1340 intulisse

115 1386 143 1447 te
169 1373 295 1464 bellum,
322 1398 397 1445 cum
413 1370 557 1472 feminis
582 1395 659 1467 erpo
673 1394 771 1468 apere
787 1371 972 1444 demeres?
999 1371 1170 1470 Tyriotes
1185 1375 1382 1450 affirmares

117 1509 182 1582 per
209 1482 295 1554 deos
322 1482 469 1580 patrios,
496 1480 584 1552 nihil
609 1481 646 1552 in
673 1505 753 1552 eam
777 1481 923 1579 gravius
951 1507 1031 1555 esse
1058 1487 1288 1559 consultum:
1313 1489 1353 1560 in·

58 1625 63 1634 ·
116 1594 307 1691 gemuisse*
323 1593 431 1666 etiam
456 1589 706 1663 Alexandrum
730 1593 848 1682 morti,
875 1604 912 1665 et
937 1619 1010 1665 non
1036 1596 1185 1691 parcius
1213 1598 1352 1689 flevisse,

118 1731 226 1803 quam
257 1704 334 1802 ipse
366 1703 577 1776 lacrimaret.
643 1698 700 1774 Ob
732 1701 821 1776 haec
852 1703 931 1800 ipsa
965 1706 1123 1777 amantis
1157 1708 1297 1781 animus
1324 1710 1379 1780 inu

118 1814 393 1889 sollicitudinem
419 1813 728 1910 suspicionemque
754 1813 939 1886 revolutus
967 1824 1033 1914 est,
1061 1813 1287 1891 desiderium
1310 1843 1352 1892 ca-

117 1929 239 2026 ptivae
265 1928 426 2024 profecto
441 1951 463 1997 a
476 1922 735 1996 consuetudine
750 1924 865 2021 stupri
891 1934 1010 1997 ortum
1037 1951 1120 1999 esse
1150 1930 1351 2003 coniectans.

118 2037 312 2112 Summotis
344 2036 453 2133 igitur
485 2035 646 2125 arbitriS,
692 2060 764 2106 uno
801 2035 991 2108 dumtaxat
1025 2034 1180 2135 Tyriote
1216 2052 1352 2130 retento,
1362 2054 1380 2106 u

118 2151 190 2221 iam
215 2174 289 2220 non
314 2147 415 2237 flens,
430 2145 495 2219 sed
515 2146 710 2244 suspirans,
745 2145 900 2238 Videsne,
925 2147 1049 2244 inquit,
1084 2150 1239 2248 Tyriote,
1266 2153 1354 2226 beura
1397 2216 1399 2225 .

154 2350 177 2414 ᾗ.
196 2353 237 2399 28.
273 2348 352 2398 honos
377 2347 410 2397 ub
434 2347 488 2414 liis]
525 2347 616 2400 Honos
640 2347 724 2400 forma
758 2346 816 2399 dari
839 2346 944 2400 videtur
966 2354 1056 2400 utrum
1082 2349 1171 2404 malis.
1209 2355 1301 2424 Atque
1319 2351 1354 2404 im·

119 2414 253 2484 antiquior
278 2421 306 2466 et
330 2432 346 2465 a
371 2413 497 2467 Cicerone
523 2423 651 2484 usurpata
678 2418 724 2482 (cf.
757 2415 904 2484 perfectum
921 2422 1024 2486 tempus
1042 2419 1103 2469 eam
1122 2420 1159 2471 ob
1176 2435 1355 2492 causamprae·

119 2501 167 2536 nos
189 2483 223 2535 ad
248 2481 292 2535 lib.
316 2497 351 2532 1n
383 2482 411 2534 in
433 2483 511 2535 Verr.
536 2499 558 2535 c.
584 2491 614 2537 16
641 2487 723 2553 extr.)
758 2491 830 2536 stare
847 2484 911 2536 mihi
928 2484 1040 2551 videtur,
1061 2489 1138 2554 quod
1157 2507 1285 2558 praesens
1298 2486 1356 2560 quasi

119 2551 200 2604 etiam
227 2552 296 2621 apud
325 2549 448 2603 Curtium
474 2567 508 2602 ex
534 2551 723 2620 probatissimis
759 2552 908 2605 accusantis
926 2552 1098 2622 semetipsum
1116 2557 1252 2611 saevitiae
1269 2557 1356 2613 crimin

120 2619 194 2673 libris
212 2637 260 2690 pro
278 2618 388 2688 vulgari,
409 2635 478 2688 quae
492 2622 631 2685 esttenor,
647 2620 724 2673 resti·
758 2627 836 2675 esset.
870 2620 965 2691 Neque
987 2623 1092 2690 negabo
1115 2632 1216 2679 tamen
1238 2630 1313 2681 vicen
1327 2641 1357 2679 re

77 2704 79 2710 ·
119 2688 227 2741 tuenda.
245 2688 283 2740 Et
300 2688 349 2742 boc
368 2687 474 2758 quidem
492 2687 551 2741 loco
568 2687 595 2741 in
610 2698 725 2759 utroque
759 2690 865 2741 stituere
888 2688 972 2741 veteri
994 2690 1162 2745 auctoritate
1193 2711 1299 2764 carere,
1323 2692 1357 2746 sed

119 2756 200 2810 Bern.
219 2756 326 2810 etFlor.
346 2757 380 2809 ad
394 2774 473 2809 unum
491 2757 611 2813 omnibus
626 2757 725 2827 legitur
759 2773 819 2808 cum
835 2760 944 2811 reddere
961 2760 1040 2810 vicem
1059 2759 1130 2812 bene
1151 2763 1270 2831 dicatur,
1286 2759 1357 2835 quidni

119 2825 196 2891 (item
214 2827 257 2879 liis
275 2844 323 2895 pro
341 2828 402 2891 iis);
424 2843 492 2878 unus
510 2825 668 2895 relinquitur
685 2826 724 2880 lo·
758 2825 839 2877 etiam
857 2828 992 2878 restituere
1009 2828 1162 2896 probetur?

106 2901 255 2961 'cusvn1,
274 2901 323 2962 21,
349 2893 428 2947 subi
441 2897 604 2964 praecipiens
626 2898 724 2948 bonor
793 2911 850 2946 cum
867 2896 980 2963 seruitiis
1007 2912 1068 2964 erpo
1100 2915 1187 2966 opere
1217 2899 1357 2968 deburat]

119 2965 262 3017 habebatur
279 2963 305 3016 in
325 2961 432 3032 optimis
450 2971 478 3016 et
496 2961 612 3032 plurimis
631 2972 679 3016 est.
758 2961 836 3015 Hanc
863 2962 965 3014 dicendi
992 2963 1135 3017 formulam
1168 2970 1268 3023 bellum
1295 2983 1357 3038 apere

155 3034 177 3100 ξ.
196 3039 237 3085 29.
274 3041 326 3085 tum
344 3034 413 3099 vero]
451 3029 554 3086 Otimi
573 3041 650 3098 tunc,
678 3032 724 3085 sed
758 3029 845 3082 allatis
868 3030 967 3084 idoneis
990 3032 1146 3086 auctoribus
1167 3037 1310 3091 defendunt
1323 3034 1357 3088 in·

119 3100 241 3154 assentiri
259 3119 313 3152 non
330 3119 442 3171 possum.
485 3100 637 3168 rogreditur
654 3100 724 3152 enim
757 3106 889 3168 terpretes
907 3099 941 3151 ad
957 3099 1055 3169 Nepot.
1073 3101 1169 3156 Hann.
1190 3125 1214 3159 c.
1226 3114 1252 3174 8,
1270 3101 1359 3174 nequid

119 3169 249 3234 narratio,
272 3187 325 3222 non
344 3169 418 3239 quasi
435 3169 505 3222 redit
523 3169 558 3221 ad
575 3168 723 3222 describat·
757 3165 826 3218 forte
836 3168 869 3219 de
879 3167 1034 3237 corrigendo
1044 3169 1159 3239 cogiteS,
1171 3171 1358 3228 sicutFreinsh.

37 3289 39 3294 ,
118 3238 181 3289 dum
217 3236 263 3289 uid
281 3245 353 3290 certo
373 3238 486 3306 quodam
500 3245 619 3306 tempore
634 3245 724 3289 actum
758 3233 836 3287 scribi
854 3235 938 3288 voluit
953 3254 1051 3304 perere.

118 3305 161 3357 sit.
198 3255 240 3357 gf.
265 3322 344 3373 supra
366 3306 400 3356 ad
417 3319 466 3370 111,
487 3311 517 3370 8,
536 3310 569 3357 24
588 3311 616 3357 et
633 3311 680 3371 34,
701 3313 723 3357 7.
795 3305 817 3370 ξ.
836 3311 878 3358 30.
914 3306 1064 3357 lacrimaret
1082 3324 1132 3376 pro
1152 3309 1231 3380 vulg.
1251 3311 1357 3364 lucrino

119 3372 223 3424 Deinde
242 3375 430 3424 exaudiebatur
438 3371 509 3425 Flor.
518 3371 635 3425 BDFGI
645 3372 724 3425 Bern.
759 3381 832 3424 retur
849 3371 1015 3424 scribendum
1028 3374 1132 3492 <putavi
1150 3387 1270 3448 propter
1286 3385 1358 3432 aucto·

119 3438 190 3492 Bet
208 3438 330 3504 Modiur,
349 3440 395 3491 sed
413 3447 533 3508 praestat
551 3440 659 3510 pluralis
676 3459 725 3493 nu·
759 3439 868 3492 ritatem
885 3440 1026 3494 codd.·Lei
1071 3442 1155 3495 Bern.
1176 3448 1204 3498 A
1223 3447 1294 3501 Flor.
1309 3444 1356 3508 AB,

119 3523 207 3559 merus
225 3508 259 3558 de
276 3507 419 3559 multorum
444 3507 579 3561 hominum
605 3507 631 3560 in
649 3526 725 3577 prae·
761 3517 961 3579 quemquamne
970 3510 1166 3578 deponentialis
1176 3514 1358 3583 quidemfonu

119 3574 190 3628 torio
208 3583 430 3644 congregatorum
447 3575 686 3630 lamentationibus.
761 3575 856 3629 idonea
883 3585 955 3630 caret
982 3577 1153 3632 auctoritate.
1200 3581 1289 3636 Paulo
1311 3585 1358 3652 post

156 3644 336 3696 contumelium
353 3645 473 3765 perpetiit
515 3644 560 3696 Sic
583 3645 689 3698 Modius
712 3663 727 3699 c
762 3646 792 3697 ob
810 3647 873 3698 hoec
891 3647 947 3714 ipse
960 3645 988 3698 in
997 3645 1101 3716 optimis
1111 3647 1289 3722 plurimisque
1298 3647 1357 3703 codd

121 3711 175 3765 suis
193 3711 274 3778 libris,
293 3711 449 3781 quibuscum
468 3711 726 3769 aciuntLeid.V0ss.
761 3712 873 3782 legitur,
899 3716 945 3767 sed
967 3715 1091 3767 mendum
1117 3732 1178 3768 esse
1206 3719 1358 3772 librariorum

123 3787 176 3834 let
186 3779 545 3834 Bern.AFlor.·ABDFGI.
564 3782 653 3852 Vulgo
680 3786 726 3836 uti.
763 3781 839 3834 facile
861 3782 995 3852 intelligis.
1030 3783 1096 3850 Ipsa
1120 3802 1179 3837 non
1206 3796 1251 3840 est
1274 3783 1357 3840 nisiir

156 3851 235 3902 vicem
253 3849 401 3902 restitueres
418 3852 545 3903 saeuitiae
562 3852 644 3920 meuc]
689 3851 727 3904 di·
761 3849 833 3902 Flor.
851 3850 866 3903 I
882 3852 962 3904 Bern.
980 3853 1006 3903 A
1024 3851 1057 3902 de
1073 3850 1139 3904 meis
1158 3861 1188 3906 ct
1207 3854 1237 3908 in
1256 3856 1325 3910 Voss.
1340 3858 1356 3903 l·

121 3925 167 3972 tur
183 3918 265 3998 vulgo
287 3918 366 3970 vicem
388 3921 512 3971 saeuitiae
530 3937 601 3972 meae
619 3923 726 3986 reddas,
761 3917 835 3971 Edit.
852 3937 893 3988 pr.
912 3921 973 3988 episi,
992 3918 1089 3971 Aldina
1102 3922 1170 3988 ipse,
1189 3921 1303 3977 Iuniana
1316 3917 1356 3992 pri·

120 3996 149 4039 et
158 3987 293 4039 invenitur
302 3986 386 4040 hocin
398 3987 468 4040 Flor.
478 3987 579 4054 DFGI,
594 3995 686 4040 contra
699 3988 728 4040 in
762 4004 834 4038 mum
852 3990 921 4056 ipsu

117 4055 637 4126 Flor.BCEHctBern.Blegiturquod
647 4056 726 4123 edidi,
797 4057 819 4122 ξ.
838 4061 879 4108 32.
906 4057 1010 4108 uidesne
1028 4057 1111 4123 iuquit
1133 4057 1162 4108 T
1175 4059 1303 4181 rioteqvl
1328 4055 1356 4109 ut

115 4139 224 4191 prorsus
233 4124 532 4180 abestverbumaFlor.
542 4125 576 4177 A.
586 4125 672 4176 Abest
683 4124 727 4177 iti·
762 4122 880 4176 dedimus
898 4140 932 4176 ex
950 4123 1132 4176 emendatione
1167 4125 1186 4179 ¹.
1203 4127 1237 4179 L.
1285 4127 1321 4180 alc
1336 4120 1355 4186 ''‚

115 4191 293 4244 demaBem.
304 4193 365 4250 Aet
372 4191 448 4246 Leid.
457 4210 488 4245 eo
495 4210 548 4261 quo
555 4211 601 4245 nos
608 4192 727 4244 dedimus
762 4208 821 4244 cum
839 4192 919 4261 vulgo
942 4192 1075 4262 legeretur
1093 4192 1121 4244 ἰὴ
1138 4202 1181 4259 te,
1201 4213 1253 4264 pro
1272 4190 1355 4266 quoin

113 4257 188 4333 loco,
215 4261 261 4312 scd
285 4257 314 4311 in
338 4260 461 4332 margine
484 4278 564 4313 manu
581 4260 727 4313 recentiore
762 4277 815 4311 uno
833 4259 903 4313 Flor.
921 4261 945 4312 B
964 4263 1013 4313 cite
1032 4267 1114 4313 extat.
1149 4261 1252 4316 Delere
1269 4258 1355 4317 voculis

111 4322 256 4380 additurin
266 4325 313 4379 illo
323 4333 486 4394 restitueres,
501 4328 529 4381 in
537 4329 587 4382 hoc
596 4331 727 4381 redderes.
761 4327 868 4380 volebat
894 4327 1095 4381 Freinshemius.
1139 4328 1214 4383 Tum
1242 4325 1355 4385 BernA

112 4392 157 4444 De
174 4393 251 4448 Voss.
273 4403 285 4447 1
307 4395 412 4456 siletur.
438 4395 536 4450 Libera
552 4395 635 4466 igitur
653 4395 727 4465 optio
762 4412 779 4447 a
795 4413 835 4465 pr.
852 4414 888 4449 m.
906 4405 934 4450 et
951 4396 1021 4450 Flor.
1038 4398 1064 4448 A
1083 4397 1217 4465 tyriorum.
