2926 5174
400 343 446 391 un
472 341 599 392 cnsrrs
626 342 735 392 Anax.
762 343 812 411 w,
841 338 866 386 s.
1216 329 1263 400 69

10 518 181 592 novandis
216 545 343 618 quam
368 523 528 622 gerendis
555 524 676 621 aptior
700 524 820 616 rebus,
847 550 893 598 ex
920 526 993 599 suis
1021 528 1151 624 quique
1178 531 1266 603 vicis
1307 532 1312 543 '

10 630 252 728 urbibusque,
290 634 366 707 hoc
400 635 529 732 ipsum,
564 628 784 708 concurrunt
820 634 867 708 ad
902 635 1054 709 delenda
1088 641 1267 734 praesidia

10 741 210 815 Persarum.
285 741 361 833 Qui
395 734 518 843 territi,
559 757 682 820 tamen
715 771 816 844 spem
847 746 1024 820 retinendi
1054 745 1265 847 Aegyptum

10 880 64 927 non
97 854 344 955 omiserrmt.
397 853 466 930 Sed
499 881 562 930 eos
597 859 778 956 Amyntas
785 913 794 948 ,
829 858 965 955 proelio
993 872 1201 956 superatos,
1227 863 1265 933 in

10 965 118 1038 urbem
147 966 372 1063 compellit,
398 967 593 1062 castrisque
619 967 745 1065 positis
777 968 933 1041 victores
966 968 1013 1040 ad
1039 971 1264 1068 populandos

10 1101 115 1174 agros,
152 1077 277 1148 velut
312 1076 353 1148 in
385 1077 500 1150 medio
534 1077 663 1174 positis
689 1079 848 1151 hostium
875 1080 1027 1170 eunetiS,
1055 1081 1264 1178 agebantur.

10 1185 120 1284 ltaque
145 1185 361 1278 Mazaces,
389 1214 602 1286 quamquam
628 1189 758 1262 infelici
791 1190 927 1285 proelio
955 1215 1101 1262 suorum
1127 1193 1266 1267 animos

14 1299 144 1370 territos
171 1322 266 1370 esse
300 1310 539 1397 cognoverat,
572 1309 695 1372 tamen
720 1300 884 1397 palantes
917 1310 953 1372 et
979 1301 1150 1375 victoriae
1176 1302 1265 1376 fidu-

20 1407 64 1478 cia
98 1409 271 1481 incautos
321 1420 525 1501 ostentans,
565 1411 723 1508 perpulit
761 1435 807 1483 ne
844 1410 1051 1484 dubitarent
1089 1438 1136 1485 ex
1175 1414 1265 1488 urbe

21 1541 186 1616 erumpere
218 1529 264 1591 et
297 1544 362 1592 res
390 1521 534 1593 amissas
561 1547 783 1619 recuperare.
829 1520 873 1595 Id
899 1522 1084 1595 consilium
1110 1549 1184 1596 non
1209 1549 1264 1596 ra-

18 1629 93 1702 tione
108 1629 367 1728 prudentius,
381 1656 484 1727 quam
498 1644 633 1707 eventu
658 1633 794 1705 felicius
820 1634 902 1707 filit:
929 1632 976 1705 ad
1001 1659 1113 1706 unum
1140 1660 1264 1709 omnes

14 1764 73 1812 curn
106 1741 195 1838 ipso
238 1739 348 1814 duce
375 1743 476 1816 occisi
502 1755 598 1818 sunt.
651 1743 727 1816 Has
754 1769 889 1842 poenas
915 1741 1096 1843 Amyntas
1122 1746 1264 1841 utrique

12 1852 67 1950 regi
79 1852 201 1944 dedit,
218 1851 352 1925 nihilo
378 1854 487 1952 magis
515 1855 548 1928 ei
575 1854 623 1928 ad
650 1879 756 1951 quem
782 1855 1025 1951 transfugerat
1037 1854 1141 1945 fidus,
1156 1864 1282 1950 quam'

12 1960 178 2062 lliquem
211 1964 447 2036 deseruerat.

88 2075 218 2149 Darei
248 2085 460 2174 praetores,
493 2076 554 2172 qui
586 2075 723 2172 proelio
750 2073 847 2171 apud
873 2072 976 2145 Isson
1003 2075 1262 2172 superfuerant,
1292 2086 1313 2158 6

12 2207 70 2258 um
111 2187 228 2261 omni
267 2211 405 2275 manu,
439 2212 529 2284 quae
569 2187 747 2284 fugientes
788 2196 912 2257 secuta
947 2194 1043 2275 erat,
1078 2198 1265 2286 assumpta

12 2296 94 2370 etiam
123 2295 417 2397 Cappadocum
442 2309 478 2371 et
501 2297 778 2395 Paphlagonum
803 2295 1005 2386 iuventute,
1032 2295 1185 2396 Lydiam
1210 2325 1264 2372 re·

12 2428 165 2506 superare
205 2407 462 2504 temptabant.
514 2407 737 2505 Antigonus,
770 2416 916 2503 praetor
945 2405 1161 2499 Alexandri,
1194 2409 1264 2509 Ly·

13 2514 68 2592 diae
91 2529 314 2620 praeerat:
351 2519 425 2613 qui,
451 2543 668 2618 quamquam
693 2517 885 2615 plerosque
911 2517 1063 2590 militum
1090 2544 1137 2591 ex
1163 2545 1263 2616 prae·

14 2775 109 2847 ridetur,
133 2788 171 2836 ut
192 2778 349 2851 significet
374 2779 419 2831 loc
440 2782 525 2850 tyrsum
546 2778 625 2832 firisse
678 2777 706 2831 ui
718 2776 861 2830 editionem
878 2774 1022 2846 principem
1040 2776 1155 2844 curavit,
1174 2779 1265 2833 addito

15 2848 66 2962 guod
78 2851 223 2920 Amyntas
250 2849 319 2900 fore
337 2847 509 2915 praedixerat.
546 2848 625 2902 Simi·
658 2847 769 2900 iosuo
787 2846 876 2899 eduxit
893 2862 926 2896 ac
943 2860 1010 2914 quac
1034 2853 1181 2914 sequuntur
1198 2849 1266 2900 velut

27 2915 160 2972 terGrraeei
178 2915 271 2971 τοῦτ’
293 2918 390 2966 ἐκεῖνο
407 2916 531 2971 adiiciunt
547 2925 625 2970 extra
658 2918 687 2968 in
717 2916 802 2967 medio
826 2913 923 2982 positis
952 2913 994 2964 dis
1024 2914 1135 2965 hostiam
1165 2913 1267 2968 intaeta

19 2982 122 3037 ordinm
658 2982 782 3053 reliquit,
807 2981 890 3034 donee
912 2978 997 3030 Aldus
1019 2997 1066 3057 pro
1089 2982 1131 3032 dis
1153 2985 1265 3036 hostium

44 3067 106 3117 rpem
130 3053 275 3106 retinendi
310 3051 380 3102 Ae.
405 3069 455 3104 nou
483 3055 624 3106 omiserunt
658 3049 776 3106 correxit
810 3047 930 3102 omnibus
965 3047 1088 3100 bostrum.
1133 3047 1264 3118 Equidem

23 3117 149 3172 mtissune
163 3127 286 3173 tuentur
308 3134 342 3172 co
363 3118 387 3169 d.
404 3120 485 3173 nostri
502 3120 622 3174 etSnnk.
658 3119 721 3175 olim
739 3119 773 3170 de
791 3116 943 3170 coniectura
960 3114 1020 3166 dedi
1038 3116 1146 3167 victores
1164 3121 1203 3170 ad
1214 3137 1265 3186 po·

25 3197 110 3254 omues,
132 3195 165 3240 nt
186 3188 283 3242 mimi
310 3187 408 3240 subeat
423 3190 491 3241 unde
507 3188 623 3242 editores
651 3188 788 3259 ,urlandus
807 3202 901 3254 apros,
924 3185 992 3235 velut
1009 3184 1038 3234 in
1055 3184 1139 3236 medio
1151 3188 1264 3255 positos,

23 3251 89 3307 ndu
107 3256 276 3311 deteriorem
296 3253 441 3308 lectionem
449 3259 622 3310 obtinendi—
657 3257 769 3310 hostium
787 3254 872 3306 cuncti
889 3253 1047 3321 agebantur,
1071 3252 1117 3304 sed
1139 3271 1209 3308 nunc
1231 3257 1266 3308 ad
1348 3292 1351 3298 -

22 3323 144 3378 renuant
164 3324 329 3391 duxerint,
362 3340 427 3392 quae
448 3325 625 3396 superscripta
658 3323 813 3378 Modianam
834 3320 991 3391 scripturam
1006 3318 1084 3400 ¹item
1111 3321 1265 3378 coniectura

20 3391 171 3449 ttinFlor.
191 3394 233 3448 E.
660 3400 751 3446 natam
773 3389 884 3444 devenio
905 3391 973 3442 velut
1000 3407 1029 3440 m
1058 3391 1143 3442 medio
1165 3395 1263 3460 positis

39 3461 58 3523 S.
72 3468 111 3518 ³1.
140 3465 222 3516 velut
248 3463 283 3513 in
312 3460 397 3510 medio
413 3463 522 3532 positis]
539 3461 626 3515 Locus
661 3463 772 3515 tostum
790 3461 898 3513 cunctis.
928 3457 1029 3510 Cuncta
1047 3459 1158 3511 hostium
1176 3461 1264 3516 omnia

18 3538 140 3600 eruptus,
156 3547 254 3603 quem
273 3525 396 3579 editores
404 3536 504 3583 veteres
512 3531 627 3601 quodam
662 3529 779 3583 hostium
795 3530 866 3582 bona
882 3526 1007 3579 videntur
1023 3541 1090 3605 esse.

17 3597 69 3660 quasi
83 3600 247 3672 emplastro
267 3594 316 3648 ita
332 3601 456 3650 texerunt
471 3605 504 3651 ut
517 3599 628 3652 ederent
698 3600 720 3665 ξ.
739 3603 781 3651 32.
799 3598 963 3665 recuperare]
982 3594 1057 3674 Lerd.
1071 3598 1161 3650 Voss]
1181 3598 1263 3655 Bern.

16 3662 97 3722 dames
121 3672 166 3723 ad
186 3665 380 3737 populandos
408 3682 485 3734 agros
513 3669 629 3720 eduxit
662 3668 689 3719 A
705 3664 778 3719 Flor.
796 3665 821 3718 A
839 3666 996 3732 receperam,
1015 3670 1083 3715 srcut
1101 3681 1123 3716 c.
1143 3672 1167 3731 6,
1188 3671 1210 3735 ξ,
1229 3676 1264 3724 34

16 3743 39 3781 αθ
62 3739 123 3790 veut
153 3739 189 3790 in
228 3731 329 3786 medio
355 3734 449 3799 positis
478 3737 565 3788 omni
572 3737 629 3788 bus
662 3736 811 3803 reciperare
827 3733 855 3785 in
873 3732 958 3786 tribus
975 3729 1027 3783 illis
1040 3732 1086 3783 sed
1100 3733 1172 3787 nullo
1181 3736 1264 3805 Flon,

16 3795 97 3858 llum
133 3812 251 3859 cuncta
287 3799 441 3867 agebantur.
485 3803 540 3856 Sed
570 3803 629 3856 libri
664 3807 729 3872 §.36
748 3804 947 3871 reciperandum
964 3798 992 3852 in
1009 3798 1061 3851 illis
1079 3799 1263 3857 etFlor.AB:

15 3879 54 3922 ωδε.
69 3874 199 3944 (praeter
220 3867 310 3923 Flor.
329 3866 353 3918 Ε
373 3867 401 3920 in
423 3870 494 3924 cuius
511 3871 629 3942 margine
662 3889 754 3925 verum
778 3885 824 3937 IV,
849 3876 897 3936 58,
924 3876 955 3922 22
981 3868 1128 3936 receperore
1155 3869 1184 3922 in
1210 3889 1264 3925 uno

14 3929 127 4014 leguntur)
157 3942 224 3995 ista
255 3934 347 3989 verba
370 3939 456 3992 educit
472 3958 504 3993 uc
521 3957 629 4010 prorsus
663 3938 1263 4008 tantumFlor.Best,etn1,16,16,IV,

13 3998 127 4079 ignorent,
160 4017 197 4062 et
230 4022 294 4077 pro
324 4018 356 4056 eo
382 4007 451 4074 quod
472 4009 629 4062 factumest
663 4015 706 4075 56,
727 4015 740 4060 7
759 4025 849 4061 omnes
867 4002 1150 4080 recuperavituhsbent.
1181 4006 1264 4060 Utra-

13 4079 102 4134 unua
123 4080 221 4134 Voss.
247 4081 263 4126 1
292 4071 376 4124 Bern.
392 4074 418 4126 A
438 4075 508 4129 Flor.
531 4075 558 4128 A
576 4079 627 4144 dis,
662 4093 713 4148 que
736 4075 818 4145 igitur
841 4071 971 4129 scribendi
992 4078 1060 4124 retro
1078 4077 1160 4124 testes
1182 4075 1264 4130 habet

11 4135 60 4198 Pur.
75 4147 125 4203 BC
148 4147 238 4209 diis,
262 4137 346 4192 Laid.
364 4143 434 4209 odis,
458 4143 539 4197 ceteri
556 4144 627 4198 Flor.
662 4145 778 4211 idoneos,
795 4152 969 4198 veruntamen
987 4156 1046 4192 cum
1063 4153 1105 4216 res
1119 4157 1174 4193 non
1185 4143 1263 4198 sitex

11 4213 117 4271 etBem.
143 4216 187 4270 B.
223 4209 342 4264 cunctis
362 4207 466 4266 habent.
506 4211 578 4267 Flor.
603 4212 630 4267 G
663 4230 694 4267 eo
718 4229 815 4282 genere
837 4221 869 4265 ut
890 4205 1137 4284 Drakenborehrum
1164 4209 1264 4266 imitari

10 4273 89 4339 deum
116 4279 266 4339 conexit
293 4276 365 4327 velut
390 4279 417 4330 in
443 4283 526 4334 medio
546 4284 630 4350 positi
663 4282 741 4335 velim
758 4283 793 4334 ad
809 4281 869 4334 Liv.
886 4295 944 4346 vu,
964 4281 996 4328 18
1018 4291 1046 4325 m
1072 4277 1181 4344 ungulis
1199 4280 1263 4336 locis

10 4344 92 4408 lerum
112 4361 235 4409 cuncta
260 4344 387 4422 aqebqnt.
419 4347 479 4402 Alia
500 4349 630 4403 recentio·
664 4367 692 4404 se
710 4350 785 4404 codd.
803 4349 878 4421 sequi
895 4346 1078 4420 profitentem,
1106 4361 1262 4416 recuperare

10 4429 51 4470 rum
70 4422 218 4479 librorum
255 4427 366 4468 somma
389 4415 488 4472 omitto.
530 4417 583 4480 Se'd
609 4419 631 4473 is
664 4418 786 4490 praetuli.
