2926 5174
492 309 542 361 nr
569 307 696 362 aasrrs
723 308 831 361 arax.
857 314 895 380 x,
920 307 946 361 a
1266 292 1340 364 489

107 496 180 586 xit,
211 493 365 568 monitos
398 503 478 567 tum
513 493 657 566 demum
689 519 732 567 ea
763 493 918 585 deferre,
950 520 1032 568 cum
1063 496 1140 594 ipse
1171 495 1341 569 iussisset.

106 605 252 679 Interim
278 607 443 702 quotiens
470 607 546 679 sine
573 606 715 679 arbitris
741 616 828 696 erat,
855 605 1017 679 credulas
1040 608 1134 704 regis
1152 632 1255 680 aures
1280 609 1343 680 im·

105 718 242 816 plebat,
279 716 506 790 dissimulans
542 742 684 790 causam
717 718 807 808 irae,
843 742 913 814 quo
948 719 1092 815 gravior
1126 720 1344 794 criminantis

106 829 299 902 auctoritas
327 839 433 902 esset.
486 826 655 900 Nondum
686 837 873 926 suspectus
902 839 980 904 erat
1006 825 1171 921 Orsines,
1195 831 1267 924 iam
1293 842 1344 905 ta·

105 967 187 1014 men
213 941 326 1014 vilior.
379 938 478 1013 Reus
505 939 599 1011 enim
625 939 663 1010 in
689 949 828 1012 secreto
854 941 1047 1038 agebatur,
1083 942 1227 1015 latentis
1254 944 1344 1040 peri·

107 1051 175 1124 culi
208 1052 373 1149 ignarus:
412 1061 450 1124 et
484 1050 825 1148 importunissimum
858 1061 1031 1142 scortum,
1066 1078 1112 1125 ne
1145 1054 1184 1125 in
1219 1063 1343 1151 stupro

106 1162 247 1261 quidem
263 1173 300 1236 et
318 1161 505 1236 dedecoris
523 1161 697 1260 patientia
714 1161 850 1234 fraudis
877 1162 1038 1254 oblitum,
1066 1164 1230 1260 quotiens
1249 1188 1344 1237 amo·

105 1300 180 1348 rem
205 1275 301 1374 regis
326 1274 365 1346 in
390 1300 430 1348 se
457 1272 680 1361 accenderat,
708 1269 873 1346 Orsinem
896 1272 1004 1346 modo
1032 1275 1212 1366 avaritiae,
1238 1276 1344 1348 inter-

109 1386 192 1459 dum
218 1387 327 1459 etiam
353 1385 579 1474 defectionis,
606 1384 790 1482 arguebat.

205 1495 282 1569 Iam
316 1507 460 1570 matura
494 1505 598 1569 erant
630 1496 668 1568 in
702 1495 893 1592 perniciem
924 1497 1122 1571 innocentis
1149 1497 1343 1588 mendacia,
1372 1497 1393 1571 5

108 1617 144 1680 ct
167 1609 293 1698 fatum,
321 1609 420 1681 cuius
446 1607 662 1681 inevitabilis
681 1630 759 1679 sors
787 1616 851 1696 est,
878 1610 1080 1705 appetebat.
1116 1607 1225 1681 Forte
1251 1608 1345 1680 enim

107 1720 308 1817 sepulcrum
334 1718 419 1819 Cyri
445 1716 654 1792 Alexander
685 1718 789 1790 iussit
814 1719 957 1814 aperiri,
992 1720 1029 1791 in
1062 1746 1133 1818 quo
1159 1728 1238 1791 erat
1263 1743 1343 1791 con·
1416 1814 1418 1819 y

107 1830 220 1903 ditum
234 1831 331 1927 ’eius‘
350 1855 497 1929 corpus,
524 1829 581 1902 cui
608 1827 693 1901 dare
719 1826 865 1902 volebat
890 1828 1042 1903 inferias.
1093 1829 1195 1902 Auro
1221 1855 1345 1927 geam·

106 1953 213 2038 toque
249 1943 427 2040 repletum
459 1966 538 2015 esse
572 1939 791 2031 crediderat,
835 1940 966 2038 quippe
999 1942 1051 2013 ita
1085 1942 1180 2035 fama
1213 1939 1346 2016 Persae

104 2053 364 2151 ,vulgaverant5
408 2052 473 2126 sed
508 2061 651 2152 praeter
685 2051 851 2150 clypeum
886 2051 961 2124 eius
996 2062 1139 2150 putrem
1174 2063 1211 2126 et
1242 2078 1345 2127 arcus

107 2162 195 2237 duos
213 2161 402 2264 Scythicos
430 2153 467 2238 et
493 2164 672 2238 acinacem
697 2162 785 2234 nihil
809 2162 977 2260 repperit.
1022 2161 1189 2236 Ceterum
1215 2154 1348 2239 corona

106 2298 212 2348 aurea
238 2275 407 2374 imposita
439 2275 590 2348 amiculo
597 2329 606 2364 ,
639 2273 695 2345 cui
721 2281 884 2345 assuerat
908 2273 1001 2371 ipse,
1034 2275 1177 2366 solium,
1210 2277 1345 2374 inquo

106 2409 236 2482 corpus
262 2386 421 2477 iacebat,
449 2386 599 2475 velavit,
625 2384 790 2474 miratusr,
816 2385 908 2457 tanti
924 2387 1087 2460 ‘nominis
1112 2410 1244 2483 regem,
1270 2397 1347 2461 tan·

105 2497 150 2569 tis
176 2496 382 2594 praeditum
408 2498 554 2595 opibus,
580 2495 678 2570 haud
703 2496 892 2595 pretiosius
920 2498 1099 2594 sepultum
1125 2523 1214 2588 esse,
1242 2525 1349 2597 quam

107 2607 137 2680 si
162 2609 294 2681 thisset
320 2633 339 2680 e
366 2609 480 2707 plebe.
533 2607 723 2680 Proximus
751 2619 828 2680 erat
853 2608 956 2680 lateri
982 2608 1113 2706 spado,
1140 2609 1200 2703 qui
1225 2634 1347 2707 regem

103 2719 260 2810 intuens,
291 2715 384 2802 (laid
407 2721 546 2810 miram,
572 2720 696 2816 inquit,
722 2732 777 2810 ast,
803 2719 920 2790 inania
945 2719 1098 2816 sepulcra
1124 2743 1193 2792 assa
1218 2744 1343 2818 repam,

105 2855 181 2904 cam
206 2844 427 2930 satraparum
453 2831 583 2906 domas
603 2857 726 2905 aarum
761 2830 838 2902 iada
863 2842 1007 2928 epactam
1032 2852 1151 2926 capere
1180 2853 1248 2901 aaa
1267 2853 1346 2926 pos·

105 2940 196 3016 siat?
231 2938 333 3025 and
358 2942 406 3016 ad
430 2966 482 3015 me
508 2942 627 3034 attinet,
653 2942 725 3040 apsa
750 2941 809 3014 hoc
834 2941 963 3013 bartam
989 2951 1063 3012 aare
1088 2937 1348 3012 concideram:

103 3052 165 3126 sed
189 3051 364 3127 aaDarao
391 3053 438 3126 ita
464 3053 590 3150 accepi,
623 3052 689 3125 tria
714 3051 809 3126 milia
834 3049 989 3124 talearum
1022 3049 1153 3124 cardito
1178 3071 1247 3122 esse
1273 3073 1349 3122 cam

139 3324 162 3390 ξ.
181 3328 225 3376 29.
261 3321 335 3374 Reus
356 3323 424 3374 caim
451 3323 480 3374 in
505 3331 601 3375 sacrato
618 3323 713 3391 apeba·
747 3336 779 3374 1v
797 3338 818 3374 c.
838 3328 866 3372 ll
888 3321 922 3371 de
939 3327 1026 3374 morte
1045 3321 1206 3390 Cleopatrae
1223 3324 1350 3376 maximos

103 3400 149 3443 tar
182 3389 200 3443 i.
219 3406 243 3442 e.
261 3405 325 3442 reus
351 3397 409 3442 erat
425 3407 485 3444 cum
507 3391 634 3443 adversus
653 3407 713 3442 eum
747 3392 840 3443 indata
858 3391 950 3455 cedrus,
969 3392 998 3442 in
1016 3391 1120 3460 differm
1134 3391 1257 3444 odoribus
1274 3394 1349 3460 solio,

103 3458 132 3511 in
150 3466 258 3512 secreto
275 3457 339 3511 furti
364 3467 497 3528 ageretur.
532 3459 616 3512 Reum
637 3475 713 3526 opere
748 3461 822 3511 iusta
841 3475 915 3510 saara
932 3476 960 3511 se
977 3460 1270 3513 collocaoitAotoaa'um.
1295 3460 1351 3514 Pli-

104 3525 221 3597 sliquem
240 3543 297 3579 non
324 3526 388 3580 dicit
402 3526 513 3595 Cicero,
540 3529 587 3580 sed
603 3526 714 3579 Liviana
747 3527 806 3579 nius
837 3525 883 3578 lib.
909 3540 992 3580 xxxv
1017 3544 1040 3582 c.
1071 3535 1102 3582 12
1134 3530 1270 3598 defunctos
1295 3547 1351 3584 aesc

103 3595 204 3649 locutio
224 3601 275 3647 est.
748 3597 823 3649 malti
839 3596 968 3662 fictilibus
989 3598 1064 3650 soliis
1090 3599 1169 3650 condi
1193 3600 1350 3664 maluerant,

141 3662 208 3734 Cap.
228 3669 262 3728 5,
281 3665 307 3727 S.
325 3669 368 3716 31.
403 3674 560 3745 arpentopae
578 3665 714 3736 repletam]
748 3663 794 3718 ubi
811 3680 952 3734 perperam
962 3664 1084 3735 vulgares
1102 3664 1164 3718 libri
1179 3668 1267 3732 doliis,
1287 3683 1351 3720 con·

104 3731 181 3785 Voce
200 3747 217 3784 e
235 3730 418 3800 superioribus
432 3741 546 3802 repetita
555 3734 632 3787 codd.
642 3733 715 3786 Flor.
748 3741 790 3786 tra
807 3750 868 3785 mss.
886 3733 979 3797 fidem,
1005 3733 1044 3787 uti
1062 3733 1215 3786 Harduinus
1241 3741 1269 3787 et
1286 3742 1350 3787 ante

104 3799 178 3853 ABG
197 3798 275 3852 Leid.
301 3803 407 3852 Vosal
435 3801 514 3854 Bern.
532 3802 559 3854 A
581 3820 647 3856 aare
670 3820 714 3854 ar·
748 3818 808 3854 eum
826 3800 968 3854 Salmasius
1001 3803 1036 3854 ad
1061 3800 1184 3855 Solinum
1208 3818 1270 3871 pag.
1300 3807 1348 3855 847

104 3871 611 3938 pontoqueconditumrepletamesse.
629 3869 714 3923 Hein-
750 3876 814 3940 (qua
832 3869 972 3923 occasione
991 3870 1025 3922 de
1043 3887 1072 3922 se
1092 3868 1351 3923 ulturaGraecorum

107 3935 144 3989 sio
161 3945 257 3990 tamen
275 3939 445 3991 conditorium
456 3937 624 3992 scribendum
640 3938 714 3990 vide·
749 3947 777 3992 et
793 3939 934 3990 Persarum
960 3938 1025 4008 agit)
1053 3887 1151 4006 aliique
1168 3938 1351 3991 observarunt.

107 4003 193 4058 batur.
748 4007 859 4060 Sueten.
887 4006 990 4060 Neron.
1008 4013 1081 4060 c.50.
1099 4007 1126 4057 in
1144 4021 1172 4057 eo
1190 4016 1350 4060 monumento

141 4076 164 4141 §.
182 4079 226 4127 32.
264 4076 395 4140 assuerat]
431 4073 476 4128 Sic
498 4074 625 4129 exhibent
641 4075 713 4129 Flor.
747 4078 841 4128 solium
868 4077 1022 4144 orplyretici
1035 4074 1193 4126 marmoris“
1213 4073 1351 4128 Cellarius.

110 4140 156 4193 AB
174 4141 252 4196 Laid.
270 4141 348 4194 Voss.
368 4149 379 4193 1
399 4142 479 4196 Bern.
497 4145 535 4209 A3
562 4143 658 4210 ceteri,
684 4151 714 4196 ut
748 4143 789 4196 Cf.
807 4144 877 4196 inra
895 4142 1014 4197 Curtium
1032 4144 1083 4196 hoc
1099 4140 1168 4193 libro
1187 4150 1255 4196 extr.

110 4209 202 4280 vulgo,
220 4208 345 4280 pleniore
364 4209 446 4263 forma
462 4211 714 4277 verbiassaeverat.
783 4215 805 4280 ξ.
832 4219 875 4265 34.
920 4221 980 4264 aare
1009 4229 1061 4264 aaa
1087 4211 1213 4279 videram]
1245 4211 1351 4281 ⁴Vulo

141 4281 560 4352 soliaminqaocorpasiacebat]
584 4281 713 4348 „Saliam
748 4291 840 4347 antea,
865 4297 914 4334 nos
932 4279 1015 4333 secuti
1041 4294 1128 4332 sumus
1154 4277 1227 4332 Flor.
1253 4280 1303 4333 AB
1329 4281 1351 4334 Ι.

112 4340 128 4394 ἰ.
151 4363 174 4399 e.
200 4346 335 4411 loculum,
371 4349 573 4419 sarcophagum,
609 4347 714 4400 πύελον
747 4349 848 4416 Μοκξ
874 4355 916 4402 36.
938 4350 965 4400 bi
991 4363 1081 4400 omnes
1099 4344 1161 4397 libri
1187 4365 1250 4402 mss.
1267 4350 1352 4404 nostri

115 4412 237 4468 Arrianus
256 4421 286 4466 et
304 4413 400 4468 Straba
415 4425 518 4471 vocant.
553 4417 649 4469 Florus
667 4416 713 4470 lib.
748 4425 776 4470 et
793 4416 874 4471 Snak.
892 4433 941 4486 pro
959 4416 1030 4487 vulg.
1049 4417 1078 4469 ii.
