2926 5174
582 311 776 364 Arrsunlx.
1221 292 1293 364 537

193 498 243 555 20.
261 497 418 576 aspirante]
437 495 486 556 Sic
503 516 601 556 omnes
619 499 699 556 codd.
718 496 817 570 nostri,
836 495 914 555 solus
931 496 1019 555 Bern.
1038 498 1078 556 A.
1096 499 1265 574 adspirante.

152 589 174 653 5.
193 583 243 640 21.
261 582 375 661 rursus]
393 603 490 641 russus
507 585 594 641 Bern.
611 584 642 641 A
663 583 778 659 (Dan).

152 674 175 738 §.
195 669 244 724 22.
256 667 340 746 jecit]
351 672 426 744 facit
444 671 522 727 Flor.
541 670 572 727 H
590 670 678 727 Bern.
696 669 734 726 B.

151 759 174 823 5.
193 754 244 816 23.
259 753 457 832 peruenerunt]
475 764 653 828 emeruerunt
670 754 750 812 Flor.
768 755 800 812 H
817 755 904 812 Bern.
922 756 960 829 B,
974 759 1137 830 perveniunt
1154 756 1243 816 Voss.
1266 758 1294 816 2.

150 843 173 908 5.
193 839 243 895 24.
262 837 348 917 iubet]
366 842 446 897 iussit
463 841 543 898 Flor.
561 841 593 898 H
611 841 698 898 Bern.
717 841 754 897 B.

149 921 219 998 Cap.
238 924 289 981 22.
309 930 334 995 §.
348 925 401 983 27.
415 925 620 1004 circumiturus]
639 928 802 984 circuiturus
816 926 904 982 Bern.
918 925 984 983 Bet
1000 924 1080 983 Flor.
1099 945 1197 984 omnes
1214 945 1296 1003 prse-

64 1016 106 1065 ter
123 1009 150 1065 B
167 1018 195 1065 et
212 1010 300 1083 (quod
318 1009 433 1084 mirere)
452 1012 493 1083 H,
510 1013 577 1068 item
595 1012 765 1087 edit.p1inc.
783 1010 854 1068 Ald.
868 1010 941 1068 eliae
954 1011 1040 1068 etiam
1056 1011 1136 1069 Mod.
1155 1012 1295 1092 deutrum]

64 1091 112 1152 Sic
129 1113 225 1151 omnes
243 1096 323 1152 codd.
343 1105 372 1153 et
389 1097 434 1153 ed.
453 1098 542 1172 princ.
561 1099 701 1154 deuterum
718 1096 790 1154 Ald.
809 1096 888 1154 Mod.
924 1095 1045 1174 urqeret]
1064 1107 1189 1170 urqueret
1206 1098 1294 1156 Bern.

62 1182 92 1237 A
110 1199 188 1254 apr.
208 1199 245 1236 m.
264 1181 361 1238 nullus
380 1182 459 1239 Flor.
479 1180 624 1240 Snakenb.
643 1182 713 1239 nihil
731 1184 766 1239 de
784 1182 843 1239 suis
862 1182 942 1239 eodd.
961 1183 1011 1239 sed
1028 1182 1116 1239 edidit
1133 1192 1267 1255 uryueret.

148 1269 172 1334 5.
192 1265 241 1323 28.
260 1266 412 1345 Pinarum]
430 1271 573 1343 spinarum
589 1268 669 1325 Flor.
688 1268 714 1325 E
732 1268 797 1324 Pal.
818 1269 846 1338 1,
867 1284 1043 1341 pruemurum
1064 1267 1152 1324 Bern.
1171 1268 1197 1324 B
1214 1268 1294 1326 Flor.

61 1351 101 1407 H.
127 1349 252 1428 obiicere]
270 1351 373 1409 obicere
389 1353 477 1410 Bern.
495 1354 526 1411 A
544 1351 838 1411 Flor.BCDEF1et
856 1352 982 1426 (ubique,
999 1361 1033 1410 ut
1048 1350 1295 1427 notatSnakenb.)

61 1435 143 1492 Leid.
163 1435 250 1493 Voss.
272 1438 299 1493 1.
335 1437 494 1515 praestare]
509 1448 624 1513 patrare
642 1438 730 1496 Bern.
749 1440 775 1496 B
793 1437 873 1496 Flor.
900 1437 942 1502 H.
978 1436 1158 1516 retrocedere]
1182 1441 1295 1497 interce·

60 1523 124 1578 dere
143 1521 228 1578 Bern.
247 1523 274 1579 B
292 1522 372 1581 Flor.
391 1524 432 1597 H,
451 1525 620 1582 introducere
636 1523 727 1583 Voss.
747 1526 776 1581 2.

147 1611 172 1677 5.
192 1608 241 1668 30.
261 1612 327 1682 quio
344 1610 392 1666 ubi
410 1619 507 1684 partes
531 1610 624 1665 ludant
645 1629 750 1667 summa
773 1606 913 1687 turbatur]
930 1610 1050 1669 Abeunt
1073 1609 1142 1667 haec
1166 1611 1254 1668 verba
1278 1629 1296 1666 n

59 1691 125 1750 Pal.
148 1694 175 1750 l.
194 1693 272 1751 Flor.
292 1693 377 1751 DEF
396 1695 446 1753 sed
463 1695 606 1769 adscripto
623 1696 736 1752 suntin
753 1714 845 1771 marg.
864 1695 902 1752 E.
925 1694 1025 1753 Unum
1041 1694 1212 1753 vocabulum
1225 1713 1296 1770 pur-

60 1787 98 1835 tes
115 1779 196 1836 deest
213 1779 242 1835 in
259 1779 339 1837 Flor.
359 1781 396 1838 B.
574 1798 595 1841 ¹.

148 1861 219 1938 Cep.
239 1866 290 1922 23.
310 1870 334 1936 5.
357 1868 385 1923 1.
405 1865 601 1943 Nabarzanes]
619 1867 794 1923 mabureuuos
810 1864 892 1922 Leid.
911 1865 1000 1924 Voss.
1023 1866 1037 1922 1
1062 1866 1150 1923 Bern.
1176 1873 1296 1940 uterque

60 1949 141 2006 Flor.
160 1949 201 2021 H,
218 1951 392 2008 mutuamus
409 1951 489 2009 Flor.
510 1952 547 2022 B,
571 1952 746 2009 morbueuuos
763 1951 843 2009 Flor.
863 1949 898 2008 C.
935 1950 1075 2029 deutrum]
1098 1952 1194 2008 deutro
1214 1950 1294 2008 Flor.

59 2035 95 2106 B,
113 2036 255 2092 deuterum
278 2037 393 2108 nullus,
418 2056 470 2094 neo
493 2037 559 2094 edit.
585 2056 628 2111 pr.
658 2037 708 2095 sed
725 2038 822 2096 Aldus
839 2044 869 2093 et
892 2036 943 2094 rel.
962 2036 1048 2095 etiem
1065 2037 1145 2095 Mod.
1171 2033 1295 2096 Omnino

59 2121 166 2196 ubique
182 2120 278 2178 Aldus
296 2124 437 2180 deuterum
454 2125 489 2180 de
507 2141 559 2180 suo
576 2123 663 2180 dedit.

147 2208 172 2280 5.
193 2207 222 2264 2.
271 2208 437 2283 Thymodes]
461 2209 615 2279 Thimodeu
637 2209 763 2265 Timodes
780 2217 928 2283 utsupra.

146 2293 170 2365 5.
189 2294 219 2351 3.
264 2294 460 2369 Amstomedes]
479 2293 658 2352 Aristomedes
675 2293 762 2351 Bern.
776 2294 807 2351 A
820 2293 902 2351 Leid.
919 2291 1009 2352 Voss.
1030 2294 1058 2351 1.
1095 2295 1183 2371 ouilia]
1202 2293 1295 2353 omitt.

59 2378 88 2436 in
105 2378 193 2436 Bern.
211 2379 248 2435 B.

146 2466 172 2539 §.
192 2466 221 2521 4.
266 2466 463 2541 quodraqiuta]
482 2465 550 2522 LX
562 2466 630 2522 edit.
650 2464 739 2541 princ.
783 2464 857 2523 Mox
873 2465 1036 2540 sequebatur
1053 2466 1124 2523 Ald.

148 2551 173 2623 5.
194 2550 222 2606 5.
266 2552 405 2626 dr‘spositt]
424 2553 564 2625 dispositis
581 2551 662 2609 Leid.

146 2637 172 2709 §.
192 2637 221 2692 6.
265 2637 453 2711 impleuerant]
472 2639 682 2710 imploraverunt
698 2637 777 2694 Flor.
797 2636 840 2701 E.
865 2637 1040 2710 impleverunt
1056 2637 1143 2694 Bern.
1162 2637 1188 2694 B
1206 2637 1296 2696 Voss.

60 2721 78 2777 2
97 2721 178 2779 Flor.
197 2720 282 2778 FHI.
327 2723 425 2796 atium]
443 2723 562 2780 atterum
578 2721 657 2779 Flor.
677 2719 745 2780 cG.
790 2723 962 2796 acceperuut]
987 2731 1149 2795 acceperuut
1165 2722 1252 2778 Bern.
1271 2722 1297 2778 B

61 2807 141 2866 Flor.
160 2806 277 2864 DFHI.
297 2857 305 2872 ,

147 2891 220 2967 Cap.
248 2893 303 2964 24,
326 2894 352 2966 5.
380 2893 410 2950 7.
458 2891 560 2950 Coenos
585 2902 610 2950 et
632 2893 783 2949 Perdiccas
808 2896 833 2946 et
855 2891 924 2947 Mu.
950 2899 975 2946 et
1002 2890 1077 2947 Ptol.
1102 2898 1128 2947 et
1149 2889 1296 2965 Amyntas]

60 2977 199 3036 Ludibrio
222 2978 378 3037 scribarum
404 2997 494 3053 paene
518 2979 597 3054 piget
621 2976 837 3036 transscribere:
863 2973 950 3031 Certos
968 2974 1057 3032 Voss.
1079 2977 1093 3031 l
1114 2975 1202 3032 Bern.
1221 2976 1253 3033 A
1270 2987 1299 3032 et

60 3063 140 3121 Flor.
160 3083 259 3121 omnes
283 3073 395 3140 praeter
413 3063 443 3120 H
462 3064 492 3120 in
509 3083 565 3139 quo
583 3083 647 3122 cum
665 3069 795 3121 consorte
812 3078 866 3117 suo
883 3059 970 3117 Bern.
985 3060 1011 3116 B
1033 3058 1147 3132 Coruos,
1164 3061 1299 3117 Perdices

59 3149 140 3206 Flor.
160 3148 278 3207 BEGH
296 3149 385 3212 Bern.
403 3148 429 3205 B
447 3149 537 3207 Voss.
557 3151 593 3220 2,
616 3146 771 3221 Moeteaqer
787 3145 875 3203 Bern.
894 3146 925 3203 A
942 3145 1024 3202 Leid.
1043 3145 1132 3206 Voss.
1154 3151 1188 3218 1,
1212 3144 1298 3202 Prte-

59 3236 161 3292 tomeus
178 3234 257 3292 Flor.
276 3233 411 3293 BFGHI
429 3234 516 3295 Bern.
535 3236 578 3306 B,
598 3234 762 3308 pdtolemeus
779 3231 867 3289 Bern.
885 3232 927 3306 A,
951 3232 1104 3289 Ptolmueus
1121 3231 1200 3291 Flor.
1215 3230 1298 3289 CDE

61 3321 128 3378 edit.
148 3321 239 3395 princ.
258 3322 384 3377 Amiutes
401 3339 499 3379 omnes
519 3321 608 3378 nostri
626 3328 737 3394 praeter
753 3318 832 3375 Flor.
852 3314 887 3375 C.

148 3406 174 3478 5.
195 3407 224 3463 8.
268 3407 307 3463 ed
323 3406 411 3481 mare]
432 3406 547 3464 Omittit
564 3407 603 3462 ed
617 3404 700 3461 'Leid.
720 3404 817 3462 nullus
834 3402 915 3461 Flor.
935 3410 986 3460 eut
1002 3402 1092 3460 Bern.
1117 3401 1199 3460 Idem
1216 3401 1297 3462 Leid.

61 3492 198 3549 mendose
214 3492 347 3548 tuebatur.
381 3493 584 3566 Peloponnesio]
603 3491 820 3564 Peloponnesum
838 3489 950 3564 reliqui,
968 3490 1209 3563 etPelopoueuses
1221 3489 1298 3547 Flor.

41 3601 45 3611 ¹
63 3576 136 3634 EFI
146 3619 155 3646 ,
172 3577 390 3653 Peloponesiucr]
410 3577 490 3635 Flor.
510 3576 550 3636 G.

148 3663 175 3736 5.
197 3662 246 3719 10.
288 3665 447 3737 praemisse]
464 3665 550 3736 primi
566 3662 631 3720 Pel.
653 3664 667 3719 1
688 3662 776 3719 Bem.
796 3660 822 3718 B
840 3668 869 3718 et
886 3679 984 3718 omnes
1002 3660 1081 3718 Flor.
1099 3665 1210 3734 praeter
1226 3659 1253 3715 Β
1272 3666 1300 3714 et

62 3745 105 3819 G,
129 3766 189 3803 non
207 3757 302 3804 erstem
320 3748 386 3805 edit.
404 3769 446 3824 pr.
490 3749 659 3823 insederunt]
686 3748 839 3804 insiderant
857 3747 935 3806 Flor.
954 3743 990 3803 C.
1036 3744 1188 3819 Auriumos]
1215 3743 1299 3815 Auri·

61 3850 126 3890 erres
144 3832 234 3889 Bern.
252 3832 375 3890 B-Flor.
393 3834 433 3905 H,
451 3832 592 3908 Aquiuuos
610 3835 688 3891 Flor.
707 3831 805 3890 CEFI
823 3832 887 3890 Pul.
908 3835 937 3889 l.
969 3830 1075 3904 posset]
1095 3827 1202 3886 omittit
1217 3825 1299 3884 Leid.

62 3919 151 3975 solus.
196 3919 268 3974 acies
284 3920 429 3994 montibus]
448 3922 519 3976 uetes
537 3940 555 3975 u
572 3920 705 3976 montibus
722 3919 808 3976 Bern.
825 3919 862 3975 B.

148 4004 174 4076 5.
197 3999 246 4061 11.
291 4005 708 4080 seruientibus-prueterqressos]
739 4001 787 4062 sie
804 4004 890 4060 Bern.
908 4003 949 4072 A,
972 4000 1021 4057 sed
1038 3999 1153 4055 vertenti
1168 3996 1254 4054 Bern.
1271 3997 1299 4055 B

62 4105 124 4146 eum
149 4107 203 4146 suo
222 4088 299 4146 Flor.
318 4089 365 4160 H,
379 4100 582 4164 praetereresso
600 4090 687 4146 Bern.
706 4090 732 4146 B
751 4109 816 4163 sup.
836 4088 885 4144 lin.
908 4085 1049 4160 adscripto
1067 4102 1106 4142 m.
1125 4082 1176 4140 alt.
1194 4102 1218 4140 s.

148 4175 174 4248 §.
197 4173 246 4231 12.
291 4176 412 4250 ordines]
437 4177 542 4232 ordinis
559 4176 638 4233 Flor.
657 4175 714 4232 DE
739 4175 805 4232 Pel.
827 4176 854 4230 1.
900 4192 954 4228 uou
969 4171 1053 4245 pedes
1071 4170 1157 4225 solum
1173 4168 1299 4242 pluribus

62 4260 217 4333 ordinibus]
237 4277 290 4315 nou
304 4261 410 4333 pedites
426 4263 511 4318 solum
520 4271 631 4334 possent
642 4263 737 4317 ordine
754 4262 783 4317 in
795 4258 874 4316 Flor.
887 4258 914 4314 B
931 4257 1035 4314 fectum
1047 4273 1065 4310 a
1075 4272 1114 4311 m.
1127 4254 1298 4313 eorrectrioe.

149 4342 224 4418 Cap.
245 4344 302 4409 25,
321 4345 346 4417 5.
369 4347 396 4401 1.
441 4348 490 4402 sed
506 4356 585 4402 entra
603 4348 648 4402 teli
664 4346 776 4419 iactum]
795 4345 844 4400 sed
860 4342 953 4399 omitt.
971 4342 1001 4398 in
1018 4339 1044 4398 F
1045 4340 1098 4398 lor.
1116 4340 1153 4411 Β,
1171 4341 1226 4397 iam
1242 4349 1299 4398 tum

63 4429 126 4504 (pro
145 4429 260 4505 iactum)
278 4428 365 4486 Bern.
383 4431 423 4488 A.
462 4433 585 4507 peteres]
600 4433 706 4506 priom's
723 4431 810 4489 Bern.
828 4428 872 4487 A.
