2984 5176
191 285 238 356 96
664 299 699 360 Q.
728 298 852 349 cenrn
878 298 963 349 uun

187 488 400 561 admoveret
426 483 634 571 exercituin,
660 508 767 580 opem
793 481 902 555 deum
928 505 1145 579 exposcens,
1159 505 1321 555 sacrum
1346 485 1442 582 patrio

189 623 290 671 more
315 595 478 667 faciebat.
531 592 640 667 Forte
672 594 943 692 praetervolans
976 616 1108 665 corvus
1138 592 1320 690 glebam,
1355 615 1463 692 quant

192 706 371 805 unguibus
397 706 545 794 serebat,
573 706 692 779 subito
719 705 858 778 amisit:
895 729 986 801 quae
1018 727 1102 775 cum
1135 704 1246 801 regis
1277 707 1387 804 capiti
1407 708 1442 779 in·

191 815 346 905 uidisset,
373 817 533 889 resoluta
559 816 722 907 defluxit,
748 817 828 913 ipsa
852 825 974 887 autern
1000 813 1078 885 avis
1096 812 1137 884 in
1159 816 1348 910 proxima
1367 831 1442 892 tune

192 927 365 999 consedit.
418 926 513 1000 Illita
545 938 625 1001 erat
654 928 764 1001 turris
795 926 969 999 bitumine
1000 949 1042 997 ac
1075 924 1287 1021 sulphure,
1323 931 1361 1003 in
1390 957 1441 1028 qna

193 1038 259 1111 alis
284 1037 527 1127 haerentibus,
553 1038 689 1113 frustra
715 1064 754 1111 se
774 1037 930 1110 allevare
954 1047 1116 1125 conatuS,
1144 1060 1171 1108 a
1189 1038 1440 1114 circumstanti·

190 1149 258 1222 bus
286 1149 434 1247 capitur.
486 1147 606 1247 Digna
631 1174 689 1222 res
717 1149 814 1236 visa,
850 1148 894 1220 de
921 1173 993 1244 qua
1018 1158 1122 1220 vates
1154 1153 1396 1226 consuleret:
1417 1164 1461 1226 etr

191 1270 270 1333 erat
295 1286 369 1332 non
395 1262 551 1333 intactae
578 1286 600 1332 a
626 1259 881 1357 superstitione
907 1259 1047 1332 mentis.
1090 1256 1199 1356 Ergo
1228 1260 1440 1353 Aristander,

192 1373 249 1443 cui
275 1371 435 1443 maxima
460 1369 550 1442 fides
578 1371 794 1460 habebatur,
827 1369 925 1442 urbis
953 1368 1097 1465 quidem
1124 1371 1330 1446 excidium
1356 1402 1439 1473 augu-

192 1483 246 1552 rio
283 1480 343 1552 illo
378 1479 565 1577 portendi,
601 1492 760 1554 ceterum
786 1481 983 1579 periculum
1009 1505 1107 1569 esse,
1147 1507 1199 1556 ne
1229 1509 1307 1557 rex
1334 1487 1439 1558 urlnus

192 1592 391 1687 acciperet:
427 1591 547 1685 itaque
580 1593 734 1682 monuit,
769 1618 816 1665 ne
851 1591 936 1688 quid
963 1617 1006 1664 eo
1034 1590 1092 1664 die
1125 1592 1334 1691 inciperet.
1385 1596 1461 1685 llle,1¹

194 1725 411 1797 quamquam
437 1727 545 1772 unarn
571 1703 698 1775 urbem
725 1703 802 1793 sibi,
829 1728 900 1799 quo
927 1703 1043 1775 rninus
1070 1726 1232 1779 securus
1248 1705 1438 1810 Aegyptum

195 1811 356 1902 intraret,
384 1813 530 1886 obstare
556 1840 663 1912 aegre
689 1814 838 1903 ferebat,
865 1825 987 1886 tamen
1012 1815 1135 1911 paruit
1164 1822 1276 1908 vati,
1308 1822 1438 1920 signum·

195 1950 264 2021 que
292 1925 451 2022 receptui
479 1923 587 1998 dedit.

145 2039 191 2108 27
297 2034 391 2108 Hinc
417 2037 556 2108 animus
584 2036 698 2108 crevit
724 2037 891 2125 obsessis,
910 2036 1114 2133 egressique
1142 2053 1267 2136 porta
1294 2044 1438 2120 mecden-

195 2147 291 2219 tibus
338 2147 495 2219 inierunt
542 2147 663 2243 signa,
691 2147 972 2244 ‘omotationem
1017 2146 1182 2222 hostium
1227 2180 1344 2231 suam
1384 2157 1439 2228 fore

234 2397 257 2462 ς.
275 2400 316 2445 11.
351 2395 474 2447 bitumine
491 2413 524 2448 uc
541 2398 675 2465 sulphure]
702 2396 801 2450 Merito
835 2395 934 2448 nitivus
964 2396 1072 2466 ponitur
1097 2406 1129 2450 ut
1155 2415 1231 2472 vm,
1270 2415 1308 2463 20
1338 2417 1401 2463 extr.
1421 2407 1440 2457 in

199 2471 330 2533 quaerunt
347 2462 505 2532 interpretes
523 2482 602 2534 quam
619 2467 652 2518 ob
670 2483 727 2518 rem
744 2474 801 2518 tur·
839 2465 1017 2517 Callisthenen
1031 2469 1231 2546 pervicacioris
1253 2477 1319 2531 irae
1355 2480 1391 2532 uit
1408 2481 1441 2528 aul

199 2531 235 2583 ris
252 2531 371 2598 materie,
391 2549 459 2600 quae
476 2531 563 2602 ignem
581 2551 634 2587 non
647 2534 802 2586 defenderet
835 2532 894 2587 Liv.
914 2547 955 2599 nt,
976 2541 1007 2587 1c
1026 2552 1081 2603 ipse
1100 2547 1159 2588 erut
1179 2540 1285 2597 invicti
1299 2482 1442 2600 ustulatur

199 2599 247 2652 sed
264 2599 430 2670 conciperet,
448 2599 516 2653 illita
533 2602 621 2655 fuerit
655 2602 802 2656 Plutarcho
836 2603 961 2670 corporis.
1012 2601 1114 2666 Quodsi
1144 2606 1309 2667 ablativum
1339 2609 1442 2668 malueris

201 2666 307 2737 quidem
333 2676 441 2722 auctore
469 2687 490 2722 c.
513 2676 546 2723 25
575 2687 669 2725 corvus
696 2669 802 2723 ἔλαθεν
836 2672 951 2722 intactae
977 2689 1008 2723 su
1028 2673 1163 2725 cratitione
1182 2684 1300 2748 mentis,
1321 2691 1352 2736 ut
1369 2680 1441 2735 Livius

202 2739 343 2802 ἐνσχεθεὶς
364 2743 424 2792 τοῖς
446 2742 585 2811 νευρίνοις
607 2738 801 2813 κεκρυφάλοις,
836 2738 905 2790 dixit
923 2746 951 2790 et
969 2689 1031 2792 alibi
1049 2748 1127 2807 etv,
1149 2749 1184 2795 15
1204 2749 1253 2799 vir
1272 2753 1351 2806 haud
1366 2748 1442 2804 inuri

199 2804 321 2877 οἷεπρὸς
338 2806 389 2861 τὰς
407 2808 648 2879 ἐπιστροφὰετιῦν
658 2814 800 2874 σχοινίων,
836 2809 962 2875 relipione
979 2810 1075 2875 uninri,
1097 2814 1338 2881 praepositionem
1354 2821 1385 2872 ab
1400 2833 1443 2870 non

199 2878 322 2943 ἐχρῶντο
331 2874 357 2926 id
380 2875 801 2946 uodlongeverisimiliusvidetur.
836 2892 884 2946 pro
902 2875 1019 2930 ablativo
1037 2876 1148 2947 positam
1167 2891 1252 2951 puto,
1275 2890 1327 2942 sed
1339 2889 1442 2956 deputa

198 2941 252 2995 Sed
259 2942 281 2994 si
291 2943 355 3023 quid
362 2893 396 2997 de
404 2943 507 3011 Curtio,
520 2945 562 2997 vel
571 2945 626 2999 eius
635 2953 743 2999 auctore
753 2963 801 3014 po·
836 2943 952 3022 anplius,
975 2944 992 2999 i.
1010 2962 1033 2998 e.
1057 2947 1129 3015 quod
1145 2949 1256 3007 attinet
1280 2958 1319 3010 ad
1334 2952 1442 3026 supend-

198 3009 266 3077 tius,
285 3012 464 3079 drvinandum,
483 3015 596 3067 fortasse
613 3013 635 3067 is
652 3015 687 3066 de
704 3013 802 3066 instru-
836 3019 953 3080 aonam,
982 3014 1051 3067 sicut
1074 3014 1169 3069 Cicero
1197 3019 1228 3072 in
1260 3023 1352 3079 Bruto
1374 3040 1396 3076 c.
1413 3025 1441 3074 tt

197 3080 294 3134 mentis
307 3081 428 3136 incendio
436 3082 464 3134 in
472 3084 538 3136 urbe
548 3083 688 3136 cautando
697 3099 802 3152 eompa-
836 3080 952 3150 aliquem
968 3084 1133 3136 mediocriter
1159 3105 1179 3157 u
1207 3090 1342 3147 doctrina
1359 3095 1444 3146 instru-

198 3149 262 3202 ratis
289 3151 434 3218 cogitavit,
461 3167 529 3220 quae
553 3150 582 3202 in
607 3168 709 3203 summa
734 3149 802 3203 turri
838 3159 905 3202 ctum
924 3152 996 3204 dicit.

197 3216 325 3270 ⁰⁰fl⁰⁰³t⁸
342 3226 426 3272 erant·
889 3245 1013 3297 ericulum
1031 3263 1087 3298 esse
1105 3263 1137 3298 ne
1154 3265 1205 3301 rec
1223 3258 1297 3323 cet]
1326 3253 1444 3308 Adlicittu

235 3328 263 3362 se
281 3313 395 3364 allevare
414 3314 533 3377 conatus]
560 3311 623 3363 Duo
637 3311 712 3364 codd.
731 3311 801 3364 Flor.
836 3262 917 3381 vulgo
931 3321 995 3393 post
1012 3329 1068 3366 esse
1086 3315 1172 3384 inquit
1191 3327 1296 3375 contra
1310 3322 1444 3394 legemus

201 3377 253 3429 GH
271 3385 298 3430 et
316 3379 429 3431 BernB
449 3389 552 3444 conatu,
572 3379 644 3447 quod
661 3387 740 3432 erunt
757 3380 803 3449 qui
837 3378 961 3448 tinitatts,
978 3399 1046 3462 quae
1063 3381 1091 3434 in
1109 3383 1234 3439 oratione
1255 3389 1394 3447 indirecta
1409 3396 1446 3443 aut

199 3444 294 3497 malint
308 3446 431 3514 quoniam
443 3445 586 3515 praecessit
603 3446 723 3515 proxime
736 3450 802 3500 uuis:
837 3450 941 3502 citant
962 3452 1031 3503 derit
1052 3449 1179 3521 postulat.
1223 3454 1287 3511 Sed
1315 3462 1393 3515 abest
1410 3457 1446 3512 itu

200 3513 246 3564 sed
269 3530 360 3567 coraus
382 3523 473 3566 tamen
495 3513 643 3567 subiectum
665 3524 706 3568 est
727 3532 802 3585 prae·
840 3535 893 3569 vox
909 3519 943 3570 ab
961 3517 1081 3572 omnibus
1098 3518 1171 3572 libris
1190 3540 1269 3592 mss„
1290 3546 1344 3583 nec
1361 3531 1445 3582 desunt

199 3579 313 3650 cipuum.
838 3586 960 3656 exempla
985 3587 1059 3640 verbi
1090 3587 1178 3641 omissi
1211 3592 1305 3649 etiam
1331 3598 1380 3651 ubi
1403 3612 1446 3649 nun

238 3676 261 3741 §-
281 3681 321 3727 12.
357 3678 388 3728 ule
407 3687 548 3745 queuntes
567 3680 721 3745 consideret]
758 3677 803 3731 Sic
838 3653 895 3723 iim
913 3671 980 3736 quai
997 3655 1055 3726 qais
1072 3655 1170 3709 dixerit
1183 3661 1274 3716 verba
1291 3667 1445 3747 feseffmm

200 3742 293 3811 optimi
311 3743 383 3808 libri,
411 3744 491 3798 ceteri
511 3747 697 3814 consuleretur,
716 3746 803 3799 nullus
838 3722 910 3774 ⁸⁰d⁸
927 3740 977 3776 ⁸⁰¹³
997 3732 1055 3777 mre
1072 3732 1224 3780 narrantur·
1265 3731 1317 3787 5¹⁰
1339 3735 1386 3788 hb·
1406 3745 1446 3785 m

200 3823 288 3864 certus
305 3820 398 3866 auctor
413 3813 538 3884 vulgatae
555 3818 759 3869 consulerentur.
839 3797 864 3910 ξ’
886 3791 968 3912 Ῑὲῒὲ
982 3831 990 3872 ’.
1005 3792 1089 3872 Drak·
1107 3793 1142 3845 ad
1158 3792 1219 3848 Lll·
1238 3795 1291 3854 lib·
1311 3817 1400 3871 mi
1415 3806 1447 3862 45¹

858 3901 863 3912 .
954 3878 992 3930 igr
1009 3879 1037 3913 1n
1054 3878 1163 3931 gramm.
1184 3867 1209 3929 S.
1224 3871 1290 3922 772.

195 3974 293 4094 Hi:
312 3976 346 4028 ν
364 3976 515 4098 puppa
555 3977 703 4100 perr
719 3977 803 4031 ὢν·
839 3952 1447 4094 attritisassuescas]

201 4060 724 4183 inlilidiitoapiiirpierslit.iumentiamhailildiii,s
737 4064 803 4168 dcliii
837 4088 908 4143 ΠΟΥ·
925 4091 1012 4160 ABG)
1032 4093 1086 4158 Μ’
1110 4093 1157 4146 sed
1180 4102 1359 4164 permumi⁰
1375 4099 1446 4158 ΜΒ,

141 4180 144 4184 “
202 4185 291 4231 autem
307 4179 401 4235 iudea
422 4181 539 4253 principe
562 4185 686 4237 intactus¹
702 4201 734 4236 eo
756 4203 802 4237 su·
838 4166 887 4210 est·

196 4258 280 4317 perst.
297 4253 398 4303 mentis.
434 4250 488 4303 Sed
510 4269 559 4304 nec
580 4251 739 4332 intelligitur
755 4269 802 4306 cnr
871 4271 947 4305 sirum
964 4257 1030 4324 fore
1057 4257 1232 4329 occasionem]
1271 4262 1341 4320 Hoc
1365 4263 1461 4331 verbu·

200 4316 275 4368 illurn
291 4316 346 4369 sive
360 4336 416 4371 eam
425 4319 640 4388 superstitionem
654 4321 734 4387 dicat,
753 4337 802 4374 nec
836 4320 928 4374 ordine
946 4340 1004 4376 cum
1021 4323 1096 4376 Laid.
1114 4324 1224 4380 Voss.1
1245 4347 1347 4388 omnes
1362 4352 1382 4389 n
1432 4328 1442 4343 '

201 4387 352 4453 superstitio
368 4389 461 4441 mentis
480 4386 542 4440 alibi
551 4387 727 4460 coniungitur.
746 4387 800 4442 Ge·
835 4388 925 4461 Vulgo
944 4409 987 4444 ore
1005 4410 1082 4457 suam
1099 4392 1186 4448 minus
1207 4396 1365 4470 eleganter.
1382 4318 1482 4489 Ἢ

234 3924 286 3959 non
312 3908 425 3961 intactae
455 3926 472 3961 u
506 3911 688 4031 superstitione
711 3911 804 3963 neentis
