2926 5174
200 288 270 358 516
658 303 692 366 o.
729 303 852 355 carru
881 303 967 354 aum

196 490 381 563 clamitans
419 486 607 582 suffragari
637 486 852 584 reipublicae
883 484 928 558 de
958 510 1057 558 novo
1092 508 1183 580 rege
1218 481 1321 578 paulo
1347 492 1410 558 aute

197 609 385 696 concepto:
410 597 521 669 robur
539 597 664 669 aetatis
683 597 945 693 experirentur,
972 594 1085 668 modo
1105 595 1261 690 stirpem
1277 591 1410 690 Philippi,

197 720 234 782 et
250 711 361 781 filium
379 733 420 781 ac
441 708 588 779 fratrem
613 731 738 804 regum
763 704 924 795 duorum,
952 705 1191 804 sibimetipsis
1219 705 1411 803 potissimum

198 819 393 892 crederent.
444 817 590 891 Nullum
620 816 836 914 profrmdum
866 841 981 906 mare,
1021 818 1168 890 nullum
1202 829 1341 894 vastum
1364 820 1411 890 fre·
1423 835 1442 881 11

198 941 337 1004 tumet
369 931 605 1027 procellosum
636 938 757 1001 tantos
783 929 851 1002 ciet
876 927 1024 1017 fluctus,
1062 940 1226 1024 quantos
1253 928 1412 1002 multitudo

197 1051 316 1113 motus
347 1040 472 1130 habet,
507 1040 629 1136 utique
664 1041 694 1112 si
728 1065 824 1113 nova
850 1035 893 1111 'et
927 1038 1032 1111 brevi
1060 1039 1246 1114 duratura
1278 1042 1412 1114 libertate

196 1152 364 1224 luxuriat.
421 1149 531 1223 Pauci
564 1149 755 1224 Perdiccae
788 1149 895 1222 modo
930 1149 1064 1240 electo,
1107 1153 1236 1249 plures
1268 1151 1443 1248 Philippei

197 1288 304 1360 quem
330 1271 555 1359 spreverant,
589 1262 776 1359 imperium
801 1260 943 1334 dabant.
996 1258 1076 1333 Nec
1103 1265 1219 1355 velle,
1254 1289 1318 1337 nec
1343 1262 1413 1334 nolle

197 1375 385 1471 quicquam
411 1371 472 1444 diu
497 1382 674 1470 poterant,
708 1371 983 1470 poenitebatque
1008 1372 1125 1446 modo
1154 1375 1304 1466 consilii,
1331 1371 1412 1444 modo

197 1484 436 1581 poenitentiae
466 1484 586 1581 ipsius.
638 1482 698 1556 Ad
724 1482 887 1555 ultimum
911 1492 1035 1555 tamen
1061 1483 1103 1554 in
1131 1484 1286 1582 stirpem
1309 1484 1414 1582 regiam

195 1595 411 1670 inclinavere
436 1593 572 1667 studiis.
625 1591 790 1666 Cesserat
816 1618 863 1666 ex
889 1592 1055 1667 contione
1082 1595 1323 1687 Arrhidaeus,
1345 1586 1445 1693 print'

197 1706 315 1803 cipum
347 1706 559 1779 auctoritate
592 1705 803 1778 conterritus
810 1731 819 1794 ;
855 1713 893 1776 et
923 1702 1083 1777 abeunte
1123 1705 1190 1779 illo
1228 1707 1415 1780 conticuerat

197 1817 326 1913 magis,
365 1841 471 1913 quam
502 1816 702 1913 languerat,
742 1814 900 1888 militaris
925 1816 1038 1887 favor.
1094 1814 1231 1914 Itaque
1256 1826 1415 1893 revocatus

159 2020 163 2025 ι
199 1938 338 2000 vestem
363 1927 499 2016 fratris,
527 1952 606 2000 eam
631 1926 761 2023 ipsam,
788 1926 939 2022 quaein
965 1925 1055 1997 sella
1081 1928 1211 2023 posita
1237 1931 1362 2017 fuerat,
1381 1926 1414 1997 in·

198 2036 328 2131 duitur.
386 2036 435 2110 Et
465 2035 644 2134 Meleager
684 2037 830 2110 thorace
870 2044 1013 2132 sumpto
1056 2038 1160 2135 capit
1203 2065 1321 2131 arma,
1354 2035 1455 2110 novin·

196 2149 290 2244 regis
326 2151 478 2223 satelles.
531 2146 698 2246 Sequitur
732 2150 907 2246 phalanX,
945 2147 1061 2219 hastis
1100 2149 1243 2246 clipeos
1275 2149 1416 2248 quatiens,

199 2348 257 2400 dius
275 2349 371 2418 irrupit
388 2351 416 2402 ia
434 2350 533 2418 rapiam
550 2349 698 2416 ediderant,
716 2348 800 2421 poeti·
833 2347 884 2401 nisi
904 2345 955 2400 loci
972 2363 1037 2400 vera
1055 2349 1199 2405 sententia
1216 2370 1261 2406 me
1283 2351 1354 2432 fugit.
1381 2347 1417 2401 Da

199 2432 256 2468 cam
274 2417 406 2485 syntaxis,
425 2433 477 2486 qua
494 2419 613 2471 modeste
630 2416 715 2471 utitur
733 2417 800 2472 Our-
833 2415 924 2472 scribit
941 2422 1035 2468 auctor
1052 2416 1133 2488 vulgi
1151 2416 1366 2474 inconstantiam:
1379 2414 1418 2468 uri·
1453 2418 1455 2479 ζ

199 2481 261 2548 tius,
279 2501 332 2536 non
349 2485 473 2537 ferentes.
833 2483 901 2538 versi
917 2484 996 2537 modo
1014 2483 1183 2540 Perdiccam
1206 2505 1300 2560 regem
1319 2504 1368 2542 esse
1384 2485 1419 2538 ius·

198 2553 630 2675 aitttttttttttttt]
649 2550 801 2674 timuit
833 2553 1201 2676 tttttttttttttffl
1215 2552 1419 2677 se¹¹‘¹²¹'⁸¹¹¹‚l‘l.¹i

199 2686 237 2740 sic
254 2687 309 2740 fere
326 2640 470 2759 procederii
487 2639 800 2760 arbitror,⁹quanddqui·
834 2638 912 2758 qdam
925 2641 1420 2770 eguinapaoeffriphieiggnapa
1453 2750 1455 2761 Ι

199 2755 308 2808 demin
331 2757 466 2811 codicibus
487 2757 585 2811 nostris
606 2757 671 2810 nihil
693 2776 800 2828 prorsus
834 2756 857 2809 ei
879 2757 995 2809 favebat.
1032 2757 1110 2821 de
1134 2759 1283 2832 Philippus
1309 2757 1420 2831 speraverit
1453 2800 1455 2807 .

198 2822 334 2878 varietatis
356 2836 397 2879 est
419 2843 487 2896 quae
511 2827 545 2878 ad
569 2842 626 2878 rem
651 2825 799 2896 pertineat:
834 2825 898 2877 nihil
915 2825 1023 2878 adrem
1040 2831 1180 2896 pertinet,
1206 2846 1240 2884 ac
1257 2848 1288 2884 re
1302 2847 1360 2883 vera
1375 2822 1420 2880 niti

198 2907 345 2963 aequoque
359 2893 467 2948 laudare
485 2896 641 2974 acprobare
658 2893 799 2965 rempubli·
834 2901 993 2963 speraverat,
1011 2893 1059 2963 qui
1077 2895 1115 2948 ab
1134 2895 1197 2950 aliis
1210 2898 1240 2950 in
1253 2898 1361 2951 medium
1414 2889 1419 2900 ⁶

199 2978 270 3027 cam,
292 2963 399 3014 beatam
417 2980 476 3016 eam
493 2961 658 3029 exrstimare,
697 2963 747 3016 uod
765 2963 799 3014 ad
832 2969 969 3032 protrusus
987 2970 1067 3015 esset.
1095 2963 1252 3019 Praeterea
1264 2966 1373 3037 plerique
1388 2957 1421 3014 hi

198 3047 296 3082 novum
317 3047 407 3099 regem
429 3030 570 3097 attineret,
597 3030 642 3110 qui
664 2981 755 3084 adhuc·
771 3031 799 3083 in
832 3039 1002 3098 speraverant
1019 3030 1166 3100 exhibent,
1191 3034 1215 3086 si
1234 3035 1263 3087 id
1282 3029 1420 3105 quoquedr

198 3105 274 3150 utero
285 3099 378 3151 matris
392 3099 500 3166 lateret;
523 3107 716 3169 experirentur,
735 3097 799 3168 quid
852 3096 898 3149 uid
911 3098 945 3149 ad
952 3096 1069 3150 Acidalii
1082 3102 1309 3157 emendationem
1321 3113 1420 3156 comma·

198 3164 260 3236 ipsis
269 3168 407 3236 prodesset
416 3168 590 3221 rexnondum
599 3167 798 3233 adultus,mod0
885 3166 946 3217 dam
962 3165 1086 3220 conferre
1105 3184 1217 3223 censes.

198 3251 262 3286 suae
288 3253 443 3306 suorumque
469 3252 565 3302 curae,
590 3248 646 3288 non
671 3235 798 3305 potestati
866 3237 890 3299 s.
906 3239 946 3286 14.
980 3236 1043 3286 aovi
1064 3239 1143 3305 repis
1167 3241 1286 3293 satelles.
1317 3233 1419 3307 Scadwl

197 3301 339 3356 Perdiccae
347 3312 376 3357 et
384 3304 526 3370 Leonnati,
544 3304 682 3358 crederent
691 3311 719 3356 et
728 3321 797 3356 oom-
831 3300 1006 3354 Restituimus
1031 3301 1125 3357 locum
1159 3305 1232 3361 sicut
1262 3308 1292 3361 in
1316 3303 1420 3361 vesnia

198 3369 335 3424 mitterent
352 3372 541 3438 Arrhidaeum,
559 3370 675 3440 Philippi
692 3371 797 3440 sangui-
831 3387 891 3422 mss.
908 3377 936 3422 et
952 3370 1013 3422 edd.
1035 3370 1214 3443 principibus
1232 3375 1338 3446 legitur.
1361 3369 1419 3427 Cuia

198 3453 272 3503 nem,
300 3446 328 3491 et
354 3441 465 3493 duorum
490 3457 582 3520 regam
607 3439 683 3492 unius
705 3439 796 3506 filium,
831 3436 1007 3506 interpolandi
1034 3440 1213 3496 occasionem
1244 3445 1352 3497 dederat
1371 3435 1420 3510 quoi

198 3503 306 3558 alterius
327 3507 443 3560 fratrem.
479 3508 603 3561 Prrorum
624 3507 798 3577 interpretum
831 3506 859 3558 in
872 3506 987 3559 editione
1000 3506 1135 3577 principe,
1155 3509 1420 3583 interpunctionem

197 3589 276 3626 nemo
295 3592 348 3628 non
366 3577 399 3628 de
416 3576 571 3646 corrigendo
588 3576 646 3629 loco
659 3575 796 3645 cogitavit,
831 3576 947 3642 sequitur
976 3573 1081 3643 posita,
1115 3595 1224 3632 nomen
1252 3583 1366 3653 platona
1380 3589 1420 3647 ¹rut

198 3642 245 3694 red
267 3659 359 3695 eorum
382 3644 520 3698 conatibus
541 3644 606 3697 nihil
627 3643 689 3697 novi
710 3643 797 3696 infeli·
831 3645 912 3696 verbo
930 3642 1044 3696 carebat.
1081 3647 1187 3716 Itaque
1196 3647 1287 3702 Aldus
1303 3646 1420 3702 mimam

197 3710 268 3776 cius,
295 3721 457 3782 quapropter
483 3714 516 3765 ab
543 3713 606 3782 ipsis
632 3719 723 3782 petant
750 3712 796 3781 qui
832 3710 860 3763 in
880 3710 932 3762 fine
953 3709 1057 3764 addidit
1079 3720 1111 3764 et
1191 3719 1308 3770 laturam
1325 3708 1422 3770 correxit

198 3778 300 3846 velint,
335 3796 378 3832 me
403 3779 593 3833 transscribere
618 3788 647 3833 et
672 3779 798 3846 refutare,
832 3779 964 3844 Exegerat
988 3778 1042 3832 iam
1069 3731 1285 3838 olimoeimdiur
1314 3782 1420 3852 vulgat!

196 3863 265 3918 quae
282 3856 382 3900 temere
400 3849 518 3902 coniecta
535 3856 604 3911 sunt,
622 3846 704 3918 piget.
833 3845 964 3900 editorum
984 3845 1119 3901 librorum
1145 3853 1313 3973 scripturam
1328 3851 1358 3906 ad
1370 3842 1421 3903 aad·

233 3917 255 3982 5.
272 3923 312 3969 11.
347 3919 434 3986 urique
451 3918 485 3983 aa]
521 3915 619 3970 Nescio
643 3933 696 3986 quo
717 3915 799 3993 perti·
834 3932 876 3970 ces
894 3932 963 3979 mss,
981 3914 1029 3967 sed
1046 3919 1189 3972 emendari
1228 3920 1420 3985 audientiae·

196 3990 260 4036 neat
277 3984 352 4054 quod
372 3984 399 4037 in
422 3985 543 4039 omnibus
561 3992 666 4038 maaet
686 4000 800 4052 primum
834 3991 862 4037 et
879 3981 1003 4052 singulari
1024 3983 1159 4051 opinione
1182 3988 1220 4040 de
1242 3989 1366 4044 brevitate
1379 3995 1421 4035 οὔ·

197 4049 277 4103 editis
294 4051 391 4121 legitur
407 4055 494 4122 atique
512 4063 536 4106 et
552 4054 584 4106 si.
619 4050 730 4106 Sustulit
748 4052 797 4104 im-
832 4051 909 4106 tionis
931 4049 1077 4104 indirectas
1101 4053 1205 4108 ductus
1229 4058 1278 4126 (cil
1297 4058 1331 4111 ad
1347 4053 1420 4119 mit,

196 4125 340 4188 portunam
357 4120 513 4188 particulam
529 4121 622 4174 Aldus.
832 4123 879 4188 28)
896 4117 975 4173 etiarn
989 4121 1150 4187 pandebant
1168 4133 1273 4178 contra
1289 4126 1361 4180 iidem
1370 4113 1420 4174 aad·

233 4189 257 4265 ς..
276 4194 316 4240 12.
338 4253 344 4266 .
368 4206 425 4241 aem
446 4191 609 4259 spreverant]
644 4187 798 4266 Sic'emen·
832 4189 904 4243 cibus
932 4203 991 4239 mss.
1017 4185 1144 4243 debitam
1173 4192 1287 4248 delevit
1328 4185 1421 4255 ΜΨ

197 4253 271 4331 davit
296 4206 429 4309 Acidalius
455 4275 514 4311 cum
539 4258 670 4329 legeretur
690 4273 719 4307 m
736 4255 797 4310 Ald.
833 4266 949 4311 assuetos
966 4271 1021 4308 erac
1038 4273 1104 4310 mss.
1119 4265 1155 4312 at
1172 4261 1243 4316 editi
1261 4250 1421 4334 priorarat

198 4318 309 4375 Iuniana
326 4341 403 4392 quam
412 4338 572 4394 speraverat,
590 4325 619 4379 in
635 4323 797 4395 principibus
833 4334 949 4379 assuetos
965 4339 1001 4376 re.

198 4394 226 4438 et
235 4387 362 4442 Modiana
376 4409 452 4458 qaam
461 4403 637 4462 speraverant,
655 4391 798 4457 verissime,
