2984 5176
495 342 551 395 nr
566 336 708 395 'ausrrs
735 337 844 391 anax.
870 339 934 412 vn,
952 338 979 393 a.
1284 318 1359 398 299

131 520 135 527 ’
224 520 462 630 Polydamas,
504 535 607 600 tanto
648 523 818 599 liberatus
860 536 976 618 metu,
1018 526 1211 627 impensius
1255 531 1411 604 etiam8

119 666 232 740 quam
257 641 479 739 exigebatur,
505 637 682 737 promittit
708 661 863 735 operam.
904 636 1205 739 Collaudatusque
1219 652 1257 716 et
1281 667 1361 740 pro·

119 753 241 828 missis
268 762 447 843 oneratus,
474 751 636 849 deposita
662 760 774 840 veste,
802 775 909 847 quam
935 750 1106 841 habebat,
1132 751 1287 827 Arabica
1312 755 1363 826 in·

101 863 258 938 tduitur.
308 861 391 936 Duo
423 863 582 953 Arabes,
615 886 768 959 quorum
798 862 940 935 interim
975 864 1143 961 coniuges
1178 891 1221 938 ac
1252 864 1363 956 liberi,

121 976 309 1049 vinculum
339 974 439 1064 fidei,
482 974 625 1048 obsides
657 972 754 1070 apud
788 1000 910 1072 regem
942 983 1059 1064 erant,
1095 974 1170 1047 dati
1204 977 1362 1050 comites.

124 1086 198 1160 Per
233 1085 377 1160 deserta
413 1087 521 1160 etiam
561 1086 608 1158 ob
645 1085 841 1158 siccitatem
871 1085 965 1175 loca,
998 1087 1141 1161 camelis
1176 1086 1364 1161 undecima

101 1196 203 1291 idio,
241 1222 312 1296 quo
347 1195 605 1290 destinaverat,
640 1196 863 1295 perveniunt.
916 1196 964 1269 Et
989 1197 1087 1295 prius
1119 1223 1227 1295 quam
1252 1199 1362 1296 ipsius

121 1310 352 1384 nuntiaretur
376 1307 572 1400 adventus,
606 1332 730 1381 rursus
756 1306 973 1407 Polydamas
998 1318 1138 1384 vestem
1162 1308 1362 1383 Macedoni·

123 1444 205 1494 cam
231 1420 350 1512 smnit,
376 1431 414 1494 et
438 1422 475 1493 in
501 1421 772 1494 tabernaculum
785 1417 951 1494 Cleandri
977 1420 1137 1519 (praetor
1161 1420 1219 1494 hic
1244 1421 1363 1518 regius

101 1530 219 1631 terat)
246 1526 373 1630 quarta
399 1533 519 1632 vigilia
544 1531 716 1630 pervenit.
769 1530 932 1605 Redditis
964 1531 1093 1606 deinde
1118 1532 1256 1623 litteris,
1282 1556 1363 1605 con·

124 1644 321 1718 stituerunt
347 1645 461 1743 prima
486 1646 565 1717 luce
595 1643 641 1716 ad
667 1643 940 1718 Parmenionem
966 1645 1069 1717 coire.
1122 1641 1284 1741 Namque
1310 1670 1363 1718 ce·

123 1756 192 1829 teri
219 1781 370 1854 quoque,
397 1757 526 1854 quibus
552 1756 690 1828 litteras
717 1757 810 1854 regis
837 1757 1018 1846 attulerat,
1039 1753 1086 1827 ad
1112 1779 1195 1828 eum
1220 1757 1363 1829 venturi

122 1876 237 1941 erant.
288 1866 365 1942 Iam
390 1867 617 1941 Parmenioni
642 1865 906 1964 Polydamanta
930 1868 1073 1941 venisse
1098 1867 1363 1941 nuntiaverunt.

101 1975 195 2068 :Qn
222 1976 309 2052 dum
333 1981 489 2055 laetatur
516 1980 675 2054 adventu
700 1977 819 2067 amici,
855 1978 1029 2076 simulque
1054 1977 1240 2069 noscendi,
1272 2003 1363 2076 quae

122 2114 190 2164 rex
216 2101 356 2188 ageret,
382 2091 509 2166 avidus
516 2148 526 2183 ,
561 2091 707 2191 (quippe
737 2088 845 2187 longo
871 2089 1061 2164 intervallo
1086 2091 1221 2162 nullam
1247 2090 1293 2164 ab
1320 2114 1363 2163 eo

101 2201 314 2299 tepiatolam
341 2200 552 2301 acceperat)
586 2200 850 2301 Polydamanta
880 2203 1011 2298 requiri
1036 2202 1144 2275 iubet.
1195 2198 1363 2274 Diverso·

123 2313 177 2385 ria
202 2313 359 2410 regionis
382 2315 475 2389 illius
500 2338 651 2413 magnos
676 2336 838 2386 recessus
870 2313 1006 2387 habent
1040 2338 1279 2410 amoenosque
1304 2337 1364 2385 ne·

122 2422 284 2498 moribus
310 2450 419 2500 manu
444 2425 589 2499 consitis
596 2453 605 2515 ;
632 2448 676 2498 ea
700 2425 890 2523 praecipue
916 2451 1042 2525 regum
1068 2434 1362 2524 satraparumque

101 2534 294 2633 *voluptas
328 2546 415 2610 erat.
468 2534 699 2635 Spatiabatur
733 2537 770 2609 in
804 2562 950 2613 nemore
975 2536 1191 2631 Parmenion
1224 2534 1362 2609 medius

117 2815 200 2876 pater
217 2803 729 2862 creditLeid.Voss.1Bern.AFlor.
762 2824 810 2878 que
842 2809 945 2862 litteras
971 2808 1041 2877 reaia
1068 2810 1199 2861 attulerat.
1243 2808 1302 2861 Iam
1329 2810 1367 2860 ad

121 2875 183 2941 AB,
202 2872 302 2944 partim
309 2876 336 2927 si
343 2886 423 2944 pater
431 2878 513 2929 credit
521 2877 592 2930 Flor.
604 2875 727 2942 ODFGI,
762 2894 818 2929 eum
836 2877 938 2929 venturi
955 2886 1044 2941 eraut,
1069 2894 1126 2929 cum
1143 2877 1314 2929 Parmenioni
1329 2906 1366 2917 --

141 2940 222 2996 artim
239 2945 278 2996 sia
313 2953 370 2997 ater
411 2946 447 2997 lio
464 2944 565 2998 omissis
583 2944 727 2998 interiectis
761 2946 954 3010 nuntiaverant,
972 2944 1000 2997 in
1018 2961 1070 3014 qua
1083 2944 1213 3013 scriptura
1222 2962 1279 2997 com
1297 2944 1364 3011 lura,

155 3028 195 3065 or.
213 3009 267 3064 ΕΗ
309 3027 364 3064 em.
420 3012 497 3066 Voss.
516 3021 540 3067 2.
577 3011 649 3066 Olim
666 3012 728 3065 ede·
762 3012 783 3066 si
801 3011 949 3065 accuratius
963 3011 1160 3079 examinaveris,
1180 3011 1287 3082 displice
1306 3019 1364 3078 unt,

121 3081 206 3135 batur
220 3081 248 3133 si
259 3089 340 3148 pater
357 3083 448 3147 credit,
466 3081 557 3135 Iunius
570 3081 670 3152 primus
688 3082 728 3134 sic
761 3080 888 3161 imprimis
911 3081 984 3160 quod
1011 3082 1088 3134 ceteri
1111 3081 1167 3133 sine
1190 3080 1366 3151 explicatione

158 3158 200 3201 ter
217 3150 338 3213 credens,
364 3148 470 3202 Medius
495 3152 520 3203 si
536 3160 617 3220 pater
634 3152 727 3202 credet.
761 3166 882 3202 umverse
900 3149 1028 3202 drcuntur.
1051 3149 1088 3202 Et
1106 3148 1224 3202 codicum
1240 3167 1301 3202 mas.
1318 3166 1365 3201 va-

146 3214 155 3229 ·
182 3233 234 3269 noa
261 3215 460 3286 adstipulamur.
502 3217 620 3272 Notatur
649 3216 729 3270 etiam
762 3217 871 3271 rietates
880 3218 1024 3271 ostendunt
1033 3225 1186 3287 corruptum
1195 3232 1252 3271 esse
1268 3216 1365 3271 locum.

122 3284 263 3338 inventum
280 3301 336 3337 esse
354 3289 439 3339 credet
456 3284 485 3338 in
501 3286 559 3340 Pal.
579 3293 601 3338 1.
763 3286 834 3340 Nam
859 3285 926 3340 sicut
951 3287 1040 3340 editur
1062 3295 1184 3340 accurate
1210 3286 1317 3358 quidem
1338 3286 1365 3339 in

157 3351 228 3423 Cap.
247 3358 272 3418 8,
291 3355 314 3420 §.
331 3359 370 3406 17.
406 3371 484 3425 quam
502 3356 652 3424 stipabatur
663 3372 729 3423 pro·
762 3354 952 3424 nullalegitur,
971 3354 1088 3426 proxime
1097 3356 1227 3409 accedunt
1235 3355 1306 3408 Flor.
1313 3355 1366 3408 ΕΗ

122 3421 203 3476 mittit
254 3438 334 3474 eram
369 3421 458 3476 Intelli
478 3438 506 3490 e,
535 3440 614 3493 quam
639 3423 729 3492 exige·
763 3424 876 3477 Bern.B
894 3442 956 3477 nam
965 3426 1056 3478 ceteris
1075 3442 1173 3495 quoque
1191 3426 1302 3492 litteras,
1320 3432 1367 3477 aut

122 3491 206 3544 batur
222 3506 240 3541 a
280 3505 311 3544 eo
369 3506 421 3543 era.
484 3507 550 3562 eque
574 3490 644 3543 enim
670 3507 729 3561 per·
763 3491 867 3546 Flora
886 3511 947 3545 uam
966 3511 1015 3562 quo
1033 3510 1064 3545 ae
1082 3495 1172 3546 ceteris
1191 3495 1301 3559 litteras,
1320 3493 1366 3546 aed

123 3557 253 3619 sonaliter
270 3558 342 3627 eripi
378 3557 418 3614 .l.
437 3559 488 3613 dici
524 3559 611 3613 robari
628 3566 729 3628 potest,
763 3559 844 3613 Bern.
862 3561 887 3613 A
904 3560 976 3614 Flor.
994 3563 1020 3614 A
1062 3560 1136 3614 Leid.
1155 3563 1240 3628 ceteri,
1259 3561 1366 3615 Flam

123 3628 155 3681 de
174 3643 230 3697 qua
247 3625 442 3680 constructione
460 3627 501 3680 Ge
522 3627 561 3680 ‘us
578 3627 634 3697 agit
647 3627 729 3680 Noct.
762 3627 837 3680 Leid.
855 3628 935 3681 etiam
953 3631 1054 3682 litteris.
1081 3630 1180 3683 Veram
1197 3647 1303 3682 manum
1320 3647 1366 3682 au·

121 3695 181 3750 Att.
198 3701 316 3763 XV,14‚
339 3701 368 3748 et
392 3695 464 3748 ouius
482 3714 563 3748 unum
580 3695 730 3766 exemplum
764 3695 845 3750 ctoris
871 3705 1009 3750 servarunt
1039 3697 1109 3751 Flor.
1131 3697 1222 3752 DFGI
1254 3697 1300 3767 qui
1328 3698 1365 3751 sic

120 3769 199 3818 attat
214 3761 245 3816 in
262 3761 335 3816 libris
352 3771 481 3832 veterum,
500 3764 546 3834 qui
563 3764 668 3834 quidem
685 3779 729 3816 ae·
763 3764 902 3819 exhibent:
920 3766 1044 3837 Namque
1059 3768 1137 3819 ceteri
1145 3782 1252 3834 quaque,
1272 3767 1365 3836 quibua

122 3838 207 3886 ntem
224 3830 353 3899 aderunt,
371 3830 462 3885 Plauti
479 3831 507 3885 in
521 3832 677 3886 Trinummo
695 3846 728 3898 11,
763 3835 864 3886 litteras
882 3835 952 3902 repis
971 3836 1108 3899 attulerat,
1136 3837 1174 3886 ad
1190 3851 1247 3887 earn
1264 3834 1366 3886 venturi

121 3908 146 3968 4,
164 3906 200 3954 26
228 3917 296 3970 quaa
313 3900 451 3970 sponsione
477 3918 560 3970 nuper
578 3910 606 3953 tu
623 3910 728 3953 eaactua
764 3912 846 3954 erant.
882 3903 941 3954 Iam
950 3902 1365 3955 Parmenioni—auatiaaeruat.

122 3987 157 4025 ea.
188 3967 314 4022 Alterum
331 3976 422 4021 tamen
439 3969 513 4022 addit
522 3967 683 4022 Porcellinus
702 3967 729 4021 in
763 3970 840 4024 Unus
856 3969 927 4022 Flor.
943 3970 966 4022 F
983 3971 1175 4023 nuntiaverant.
1213 3969 1288 4021 Idem
1304 3969 1366 4022 Mo·

121 4036 173 4092 lex.
191 4035 313 4090 Iauoleni
329 4036 358 4090 in
374 4036 426 4108 leg.
444 4036 491 4091 ult.
510 4037 573 4107 Dig.
594 4037 627 4089 de
644 4036 728 4107 pactis
764 4037 822 4090 dius
839 4036 867 4090 in
884 4037 972 4108 aliquo
989 4037 1058 4091 hlrro
1076 4055 1123 4090 suo
1137 4035 1366 4091 invenitacscribi

122 4103 258 4161 dotalibus
268 4107 405 4176 (xxm,3)
415 4123 447 4159 ue
462 4107 558 4159 invitus
575 4107 728 4173 eriperetur.
762 4105 860 4172 voluit,
886 4113 989 4159 tantum
1026 4107 1078 4159 uod
1100 4107 1246 4159 mundatum
1264 4105 1365 4159 eratin

173 4177 243 4228 .18.
278 4175 417 4227 undecima
435 4175 489 4245 die]
516 4173 597 4227 Bern.
615 4177 639 4227 A
657 4173 729 4227 Flor.
763 4174 815 4227 fine
841 4175 875 4226 de
896 4192 943 4226 suo
971 4176 1004 4226 de
1032 4182 1051 4227 t.
1087 4173 1141 4227 Sed
1167 4173 1226 4243 plus
1245 4191 1306 4226 uam
1340 4193 1366 4226 r·

122 4242 144 4298 G
175 4239 272 4296 FGHI
287 4249 334 4294 x1⁰
351 4243 403 4310 die,
420 4241 437 4295 i.
447 4259 470 4295 e.
482 4244 625 4310 undecimo,
648 4241 728 4295 Bern.
762 4242 861 4296 fertum
878 4242 964 4295 minus
980 4251 1073 4313 aptum
1085 4250 1133 4309 est,
1152 4192 1305 4313 quandoqui
1323 4259 1366 4295 em

119 4310 144 4366 B
163 4325 207 4364 x1.
762 4328 817 4364 non
834 4311 953 4381 sequitur
970 4312 1166 4382 quoreferatur,
1185 4329 1250 4364 cum.
1286 4309 1365 4364 Cete-

174 4419 181 4433 .
200 4384 244 4433 20.
271 4376 395 4450 Namque
413 4380 491 4432 ceteri
508 4397 607 4450 quoque
625 4380 728 4460 quibus]
762 4397 822 4433 rum
839 4378 981 4449 participes
1000 4380 1085 4434 caedis
1103 4377 1221 4451 appellat
1232 4379 1289 4450 ipse
1298 4378 1366 4434 Our-

166 4449 222 4502 hue
237 4445 321 4518 vulgo
336 4446 402 4502 editi
418 4448 541 4518 Namque
559 4458 650 4502 ceteras
667 4465 730 4519 qua·
764 4446 815 4502 tius
831 4461 862 4515 x,
880 4453 892 4500 1
912 4467 952 4520 pr.
