2926 5174
202 292 223 361 2
670 307 704 370 o.
732 305 857 358 cuarn
881 307 966 358 aum

199 507 247 542 son
265 506 280 541 a
297 488 385 541 Persis
402 487 507 542 incendi
524 493 645 558 coeptam
668 502 781 557 propero
803 485 920 538 adventu
945 492 1042 539 servat.
1077 488 1137 556 (12)
1160 487 1195 540 In
1213 487 1313 559 Cydno
1334 491 1433 564 fligidir·

199 565 265 619 simo
282 582 358 617 amne
375 564 464 617 lavans
481 563 556 634 gravi
579 563 673 616 morbo
699 561 848 632 corripitur,
872 579 940 632 quae
960 579 1002 615 res
1020 561 1199 617 Maoedcnum
1217 565 1322 620 animos
1345 567 1433 640 ingenti

198 650 302 695 terrore
324 640 451 711 percellit.
486 644 545 711 (13)
571 645 631 711 Ipse
656 655 704 692 rex
728 638 813 692 celere
834 638 979 690 remedium
1000 637 1094 708 poscit,
1117 640 1240 710 quamvis
1262 643 1432 714 periculosum,

197 719 296 772 firutra
313 718 514 771 dehortantibus
537 716 634 770 amicis.
671 719 729 785 (ll)
747 714 871 786 Philippo
887 714 1021 767 Acamani
1043 716 1145 770 medico
1167 717 1198 770 id
1214 718 1362 789 pollicenti¹
1383 739 1432 776 oon·

197 802 300 865 tempta
317 793 498 847 Parmenionis
521 793 709 859 admonitione,
731 792 810 845 fidem
833 792 942 859 habens,
970 793 1030 861 (15)
1048 792 1276 848 medicamentum
1297 798 1432 867 praebitum

197 871 293 925 haurit.
329 873 388 940 (13)
413 871 481 923 Mox
507 869 666 925 convalescit
690 887 751 924 cum
776 867 956 940 gratulatione
980 869 1159 924 Macedonum
1182 872 1257 942 regis
1284 890 1373 928 amore
1395 875 1432 929 tls-

264 947 339 1001 tium.

197 966 291 1090 grano
298 1026 326 1094 7)
344 1023 420 1077 Solos
437 1023 615 1094 progreditur,
633 1039 682 1093 per
698 1021 783 1075 otium
799 1019 837 1074 ibi
854 1020 930 1074 ludos
947 1022 1051 1075 votivos
1068 1021 1196 1090 celebrat,
1219 1023 1286 1080 inde
1303 1032 1378 1083 Isson
1395 1046 1431 1101 pe-

197 1103 242 1170 tit,
260 1102 346 1156 locum
363 1117 467 1171 pugnae
484 1100 654 1171 aptissimum.
691 1101 749 1168 (18)
768 1097 872 1150 Sisenes
890 1097 981 1165 Persa,
1003 1098 1074 1152 inter
1094 1099 1192 1153 amicos
1209 1102 1293 1157 Alex.
1311 1113 1429 1175 receptus,

197 1180 231 1233 ob
249 1178 353 1231 inanem
370 1176 541 1247 suspicionem
558 1176 682 1248 perfidiae
699 1176 727 1228 in
743 1174 840 1227 itinere
856 1174 1022 1229 interantur.
1048 1175 1109 1246 (13)
1126 1175 1227 1231 Darius
1245 1188 1343 1233 auctus
1361 1181 1429 1242 Grae

196 1274 286 1311 corum
311 1253 531 1307 mercenariorum
556 1253 636 1324 copiis
663 1260 692 1305 et
718 1250 825 1305 consilio
851 1259 924 1305 retro
948 1251 1064 1306 abeundi
1092 1251 1285 1325 dividendique
1312 1259 1429 1312 exercitus

195 1340 285 1403 spreto
312 1332 371 1399 (20)
388 1346 436 1400 per
453 1330 527 1400 pylas
544 1329 685 1383 Amanicas
702 1327 849 1381 exercitum
870 1328 898 1380 in
916 1324 1036 1385 Ciliciam
1055 1329 1191 1383 immittit:
1218 1335 1278 1385 Isso
1300 1343 1363 1404 post
1378 1335 1428 1388 Ale·

194 1407 289 1462 xandri
306 1416 384 1477 terga
401 1415 488 1476 capta,
514 1407 561 1461 ubi
587 1405 692 1460 relictos
718 1407 752 1458 de
778 1404 897 1459 exercitu
913 1406 1100 1482 Macedonum,
1115 1405 1171 1461 im
1186 1424 1238 1477 per
1255 1410 1333 1479 pylas
1351 1411 1428 1482 Syrias

195 1485 223 1538 in
246 1483 350 1554 Syriam
372 1498 580 1552 progressorum,
607 1482 720 1552 excepit,
747 1482 781 1534 ad
802 1481 929 1537 Pinarum
949 1500 1064 1552 annm,
1089 1489 1226 1554 tanquan
1252 1496 1427 1555 persecuturus

194 1563 293 1626 hostes,
311 1559 438 1630 procedit.
475 1561 535 1629 (21)
552 1559 714 1626 Alexander,
731 1568 866 1628 comperto
884 1558 996 1614 Darium
1012 1576 1074 1615 mm
1095 1559 1167 1615 omni
1184 1562 1310 1615 exercitu
1332 1564 1360 1617 in
1376 1565 1426 1619 Cili·

194 1639 261 1693 ciam
278 1636 382 1690 (livera
398 1634 494 1688 itinere
511 1636 684 1704 descendisse,
708 1652 833 1690 converso
855 1636 961 1706 agmine
981 1644 1012 1695 at
1031 1636 1089 1708 ipse
1111 1653 1160 1706 per
1185 1639 1329 1708 angustias
1354 1643 1426 1714 (pylas

193 1714 300 1784 Syriae)
317 1712 345 1765 in
364 1711 483 1766 Ciliciam
500 1714 534 1765 ad
551 1715 680 1783 proelium
700 1721 808 1783 paratus
830 1712 909 1765 redit.
944 1713 1003 1782 (22)
1024 1715 1119 1780 Etiam,
1131 1713 1232 1768 Darius
1259 1733 1323 1770 cum
1344 1737 1425 1790 cogno

192 1791 275 1844 risset
293 1808 347 1844 non
363 1790 454 1859 fugere
471 1788 638 1858 Macedones,
657 1791 703 1843 sed
720 1789 748 1842 in
765 1789 870 1859 Syriam
886 1796 1038 1860 progressos
1064 1790 1116 1843 iam
1140 1791 1269 1846 adversus
1297 1793 1379 1864 ipsum
1392 1813 1424 1850 re-

193 1867 272 1935 verti,
290 1865 425 1938 pugnandi
447 1865 583 1919 consilium
606 1866 721 1938 expedit.
757 1869 817 1935 (23)
834 1866 1002 1920 Describitur
1018 1869 1159 1922 Persarum
1181 1868 1263 1936 acies,
1291 1869 1357 1925 item
1375 1873 1421 1942 (21)

192 1945 376 1999 Macedonum
412 1944 471 2011 (25)
488 1943 643 1996 Alexander
658 1942 787 2014 proelium
803 1944 968 2014 ingressurus
985 1945 1058 1998 varia
1075 1943 1264 1998 adhortatione
1273 1947 1372 2003 animos
1382 1948 1418 2002 mi·

192 2021 270 2075 litum
287 2039 393 2074 suorum
409 2021 506 2088 firmat,
526 2022 585 2090 (26)
604 2029 662 2074 tum
679 2029 828 2091 equestrem
845 2039 962 2091 pugnam
977 2022 1005 2074 in
1023 2023 1118 2075 dextro
1136 2037 1220 2074 cornu
1247 2041 1298 2079 suc
1321 2025 1420 2080 commit

192 2098 237 2165 tit,
264 2097 422 2150 immobilem
445 2105 474 2150 et
498 2097 646 2167 ancipitem.
683 2102 740 2163 (27)
772 2098 893 2151 Tandem
914 2097 999 2150 multa
1020 2106 1109 2168 strage
1129 2099 1201 2151 facta
1222 2100 1342 2156 delectos
1360 2101 1422 2156 Darii

192 2174 294 2245 equites
311 2174 449 2244 ipsumque
465 2191 555 2245 regem
573 2173 600 2226 in
616 2174 706 2244 fugam
723 2173 814 2240 vertit,
837 2182 865 2227 et
887 2182 1027 2244 postquam
1048 2174 1076 2227 in
1097 2175 1205 2229 sinistro
1232 2195 1341 2250 quoque
1356 2197 1422 2233 cornu

194 2249 314 2304 Thessali
332 2249 433 2319 equites
450 2250 579 2317 vicenum,
598 2252 658 2320 (28)
683 2249 735 2302 iam
760 2251 893 2322 utrimque
914 2251 999 2305 victos
1021 2252 1109 2305 hostes
1130 2254 1314 2325 persequitur,
1336 2256 1422 2309 duna

191 2328 255 2397 fuga
281 2326 392 2379 salutem
419 2335 547 2399 petentes.
584 2326 680 2380 Castra
705 2327 904 2397 opulentissima
928 2327 1077 2397 capiuntur,
1105 2330 1165 2399 (29)
1193 2338 1223 2384 et
1245 2331 1275 2384 in
1297 2331 1330 2385 iis
1351 2340 1422 2386 mater

192 2403 358 2474 coniunxque
375 2403 451 2457 Darii
469 2422 527 2456 cum
544 2403 642 2456 liberis.
679 2403 823 2458 (laesorum
840 2405 873 2457 ab
891 2411 1005 2475 utraque
1027 2413 1102 2476 parte
1123 2424 1259 2462 numerus.
1297 2413 1354 2480 (30)
1369 2409 1421 2463 tte-

190 2481 293 2534 xander
310 2498 326 2533 a
343 2480 528 2552 persequendis
545 2481 664 2534 hostibus
681 2481 710 2534 in
728 2489 814 2536 castra
831 2497 951 2534 reversus
969 2481 1144 2536 lamentantes
1162 2483 1241 2538 Darii
1266 2484 1348 2541 vicem
1367 2505 1421 2540 uxo-

190 2575 248 2611 rem
265 2564 429 2631 matremque
446 2557 605 2622 consolatur,
623 2559 702 2612 misso
719 2559 866 2625 Leonnato,
886 2561 945 2629 (31)
964 2576 995 2612 ac
1014 2559 1122 2630 sepultis
1135 2576 1276 2615 caesenam
1285 2563 1421 2636 corpcnhus

190 2634 248 2706 ipse
273 2652 378 2706 quoque
400 2653 460 2690 cum
480 2634 679 2705 Hephaestione
699 2635 804 2706 reginas
830 2635 930 2702 visitat,
958 2637 1017 2706 (32)
1040 2636 1218 2708 laudabilique
1247 2639 1420 2694 clementiaet

191 2711 351 2765 abstinentia
368 2714 493 2766 adversus
516 2729 559 2764 eas
582 2729 639 2765 sese
662 2712 739 2783 gerit.
776 2714 836 2783 (33)
862 2711 991 2766 Exercitu
1012 2713 1041 2765 in
1059 2712 1163 2783 Syriam
1188 2723 1273 2784 moto,
1295 2715 1420 2771 Parmenio

190 2788 348 2860 praemissus
365 2798 461 2860 quarto
478 2789 521 2841 die
529 2789 688 2843 Damascum
705 2796 839 2858 penetrat,
858 2809 874 2844 a
890 2789 1027 2860 proditore
1044 2789 1195 2858 accersitam,
1214 2797 1273 2859 (34)
1291 2802 1320 2848 et
1336 2793 1420 2864 regiam

189 2865 327 2937 pecuniam
345 2884 404 2921 cum
422 2865 542 2921 omnibus
565 2865 759 2937 impedimentis
781 2866 845 2920 victi
867 2866 1007 2934 exercitus,
1031 2866 1175 2937 proiectam
1197 2871 1332 2939 praedam,
1352 2869 1419 2941 capit,

190 2946 250 3012 (35)
268 2942 390 3014 quodque
408 2944 436 2997 in
453 2942 502 2996 tali
523 2951 643 3013 tempore
669 2962 722 2998 non
745 2944 847 2997 minimi
869 2944 1060 2997 aestimandum
1080 2942 1140 3011 hit,
1167 2962 1266 3001 uxores
1288 2947 1419 3017 liberosque

189 3037 350 3075 summorum
368 3023 465 3076 ducum
482 3020 636 3092 legatosque
654 3021 815 3075 Graecarum
832 3021 977 3075 civitatum.
1299 3035 1302 3039 ·

139 3249 159 3320 1
292 3202 406 3322 Inter
446 3247 536 3320 haec
575 3205 801 3336 Alexander,
851 3245 898 3318 ad
933 3245 1207 3320 conducendum
1250 3273 1298 3323 ex
1329 3249 1415 3323 Pelo·
1424 3274 1438 3322 1.

187 3385 350 3458 ponnesc
375 3359 524 3432 militem
538 3356 714 3433 Cleandro
742 3384 824 3431 cum
849 3360 1001 3456 pecunia
1026 3360 1145 3450 misse,
1172 3357 1307 3459 Lyciae
1329 3360 1416 3434 Pam·

181 3471 400 3569 'phyliaeque
426 3471 535 3544 rebus
562 3471 778 3569 compositis,
805 3469 852 3543 ad
878 3472 1005 3545 urbem
1034 3468 1205 3544 Celaenas
1233 3475 1416 3546 exercitum

187 3579 357 3656 admovit.
410 3580 531 3656 Media
561 3583 622 3655 illa
654 3593 869 3681 tempestate
901 3584 1043 3657 moenia
1073 3581 1306 3658 interfluebat
1335 3581 1434 3657 Mar-2

253 3784 324 3839 Lib.
342 3800 389 3853 111,
422 3784 486 3866 Gap.
507 3791 536 3851 1,
555 3787 578 3853 ξ.
598 3793 621 3841 1.
673 3786 789 3841 Videtur
814 3787 929 3856 fluebat]
952 3786 1012 3839 Hac
1032 3782 1149 3856 priorum
1171 3785 1230 3838 edd.
1254 3786 1367 3841 lectione
1380 3799 1412 3838 re·

202 3855 354 3909 raecessisse
371 3863 488 3908 narratro
505 3871 594 3907 rerum
612 3875 627 3909 a
643 3855 787 3909 Memnone
822 3855 894 3922 licta,
924 3854 1044 3907 Freinsh.
1059 3851 1214 3922 Schragium
1240 3864 1346 3909 secutus
1362 3851 1412 3908 sal-

183 3872 298 3991 istorio,
321 3923 408 3978 classis
426 3923 499 3976 Pers.
517 3924 658 3994 praefecto,
682 3942 730 3995 per
748 3925 787 3977 hi·
821 3932 911 3994 pserat
936 3925 1049 3977 mediam
1070 3923 1118 3974 illc
1145 3931 1220 3992 temp,
1246 3924 1411 4004 interfluebat

183 4011 268 4047 emcm
286 3993 347 4047 anni
370 3992 467 4047 aChr.
486 4000 539 4044 nat.
563 4000 698 4048 tet-333
722 3994 787 4046 mari
822 3994 912 4047 deesse
940 3992 1010 4045 enim
1036 3991 1145 4045 verbum
1170 3993 1273 4045 moenia
1303 4011 1332 4045 m
1355 3986 1411 4044 Pdt
1442 3996 1448 4001 '

182 4071 325 4133 gestarum.
357 4061 471 4117 Obierat
487 4068 576 4114 autem
593 4061 638 4115 ille
655 4062 683 4115 in
700 4061 787 4115 medio
822 4062 941 4116 omnibus
959 4062 1123 4126 tradebatur,
1150 4060 1196 4112 sed
1217 4059 1317 4130 legitur
1338 4059 1365 4113 in
1378 4073 1411 4111 re·

182 4148 271 4185 rerum
296 4150 374 4186 cursu
396 4132 430 4186 ad
456 4129 620 4200 Mytilenen,
649 4149 708 4185 cum
734 4131 787 4183 iam
821 4130 898 4201 liquis
926 4131 1011 4197 codd,
1038 4146 1149 4210 quorum
1174 4128 1319 4182 auctoritas
1344 4128 1411 4192 longt

182 4199 291 4254 consilia
311 4202 345 4254 de
367 4201 438 4256 bello
461 4218 496 4254 ex
516 4198 582 4252 Asia
603 4200 630 4252 in
652 4201 787 4270 Europam
821 4199 919 4254 certior
927 4207 977 4267 est,
988 4199 1115 4253 omnrbus.
1145 4197 1215 4249 Tum
1223 4197 1338 4251 Marsas
1347 4193 1410 4250 codd

180 4269 363 4323 transferendo
370 4270 493 4342 agitaret.
511 4267 581 4323 Vide
594 4268 701 4324 Diodor.
711 4284 785 4336 xv11,
821 4287 924 4324 omnes:
941 4271 1064 4337 Marsya,
1082 4265 1154 4336 quod
1170 4265 1313 4319 nonnullae
1330 4262 1411 4318 editic-

181 4343 213 4393 31
234 4348 262 4392 et
279 4337 384 4392 Arriam
403 4340 462 4394 libr.
480 4355 504 4392 11
520 4337 578 4391 init.
821 4356 868 4392 nes
885 4340 993 4405 habent,
1018 4344 1059 4390 est
1082 4335 1152 4405 apud
1170 4333 1295 4388 Ovidium
1312 4335 1409 4387 Meua

217 4411 239 4477 §.
259 4414 284 4461 2.
318 4407 413 4464 Medic
431 4412 479 4466 illc
498 4419 573 4479 temp.
591 4409 693 4462 moenio
708 4408 790 4461 iater-
824 4415 948 4477 v1,400:
971 4407 1018 4462 sed
1035 4406 1163 4473 Marsyas
1184 4410 1276 4458 tamen
1292 4403 1328 4459 ad
1340 4398 1407 4457 'codd
