2926 5174
394 315 444 366 nn
471 314 598 368 ansam
624 317 732 368 anax.
759 319 809 389 ιν,
846 317 888 364 56.
1202 305 1277 378 149

91 501 167 574 inde
193 525 271 573 nan
297 503 456 602 estquod
484 502 609 577 vinam
640 503 818 602 qaudam
842 502 1002 578 abducat
1025 530 1067 578 ee
1092 505 1177 598 aeia,
1203 509 1272 601 sed,

91 635 152 701 me,
191 623 234 683 ut
265 611 424 712 Ptappo
450 625 552 712 patre
586 612 726 712 dquam
750 626 811 705 eet,
849 627 1028 714 eadempta
1058 617 1272 692 sardeorum

91 746 140 796 tao
155 721 308 824 fortiter
332 725 471 798 dimicet.
523 721 670 796 Interim
701 723 845 797 barbari
869 724 1125 822 impedimenta
1150 728 1271 802 turba·

91 843 153 923 int,
168 834 366 931 caesisque
391 835 569 932 plerisque
595 833 796 924 custodum,
810 834 953 933 captivi,
966 835 1117 910 vinculis
1142 839 1269 936 ruptis,

91 943 186 1041 aquid
231 945 384 1019 obvium
421 957 513 1038 erat,
554 970 626 1043 quo
662 946 792 1018 armari
826 957 990 1044 possent,
1025 949 1201 1046 arripiunt
1232 960 1270 1024 et

91 1056 205 1153 regati
236 1081 388 1129 suorum
414 1058 592 1155 equitibus
619 1055 852 1147 Macedonas,
879 1058 1024 1155 ancipiti
1051 1060 1269 1135 circumven-

97 1167 215 1256 malo,
256 1167 451 1242 invadunt:
491 1169 645 1265 laetique
681 1167 741 1265 qui
768 1167 862 1239 circa
888 1165 1128 1267 Sisygambim
1154 1182 1267 1263 erant,
1348 1256 1350 1261 ¹

91 1301 140 1351 sse
172 1275 363 1368 Dareum,
397 1279 532 1378 ingenti
563 1277 671 1352 caede
702 1288 903 1376 prostratos
935 1279 1076 1370 hostes,
1108 1279 1156 1354 ad
1188 1282 1268 1356 ulti·

91 1414 108 1460 n
148 1388 271 1484 etiam
310 1389 571 1487 impedimentis
612 1399 742 1463 exutos
777 1413 871 1480 esse,
910 1389 1096 1480 nuntiant,
1136 1392 1267 1491 quippe

91 1497 161 1572 lem
190 1502 386 1573 fortunam
411 1501 542 1597 ubique
569 1525 647 1574 esse
673 1500 878 1590 credebant,
905 1509 943 1573 et
968 1501 1122 1574 victores
1136 1499 1267 1578 Persas

91 1610 269 1708 praedam
303 1609 520 1695 discurrisse.
574 1607 810 1710 Sisygambis,
841 1612 1070 1686 hortantibus
1102 1615 1265 1712 captivis

91 1724 246 1795 mimum
277 1747 301 1794 a
328 1747 487 1796 maerore
514 1723 697 1813 allevaret,
722 1723 759 1795 in
786 1720 931 1814 eodem,
957 1748 1029 1819 quo
1055 1735 1163 1798 antea
1187 1725 1266 1818 nit,

92 1833 278 1909 everavit.
332 1831 415 1907 Non
439 1859 514 1908 vox
540 1833 613 1906 ulla
639 1832 773 1906 excidit
799 1832 841 1922 ei,
867 1858 941 1906 non
966 1834 1039 1905 oris
1065 1835 1163 1907 color
1188 1837 1266 1910 vul-

91 1970 112 2018 'e
138 1952 318 2016 mutatus
347 1954 416 2017 est:
443 1942 537 2018 sedit
560 1944 761 2035 immobilis,
778 1942 911 2043 (creda,
925 1945 1117 2041 praecoqui
1130 1945 1263 2043 gaudio

91 2064 122 2128 ta
147 2055 307 2127 irritare
332 2054 538 2153 fortunam)
564 2053 655 2128 adeo
682 2065 738 2146 ut,
765 2054 851 2152 quid
876 2055 1016 2145 mallet,
1042 2055 1266 2133 intuentibus

110 2166 228 2239 fuerit
256 2165 446 2238 incertum.
485 2165 584 2240 Inter
608 2167 698 2240 haec
722 2164 903 2258 Menidas,
940 2168 1142 2264 praefectus
1169 2169 1265 2265 equi·

109 2274 342 2366 Alexandri,
382 2302 464 2350 cum
494 2277 617 2375 paucis
643 2278 770 2351 turmis
796 2302 902 2374 opem
928 2277 1189 2376 impedimentis
1215 2279 1264 2352 la-

91 2412 110 2460 is
137 2387 361 2478 advenerat,
387 2388 562 2461 incertum
589 2413 701 2462 suone
728 2389 884 2480 consilio,
903 2415 950 2461 an
975 2389 1068 2486 regis
1095 2390 1263 2486 imperio:

91 2587 102 2623 e
121 2590 176 2652 non
197 2569 330 2623 dubitavi
347 2569 447 2650 codices
460 2570 545 2652 ‘etiem
562 2570 625 2625 ahbi
658 2572 784 2626 rimorum
795 2571 889 2653 lectio,
908 2571 1094 2630 coniunctione
1102 2576 1151 2626 aed
1158 2573 1262 2654 omissa.

91 2647 217 2694 tantrores
237 2639 297 2690 fide
314 2653 402 2717 sequi,
418 2639 494 2693 Lerd.
510 2640 590 2719 Yoss.
610 2648 622 2693 1
658 2641 830 2694 Membratim
846 2648 946 2707 narrat,
965 2658 1018 2711 qua
1034 2657 1064 2694 re
1077 2641 1262 2696 effioamaora·

91 2710 127 2761 ,A
143 2709 222 2763 Flor.
233 2706 302 2772 AB,
320 2707 413 2776 quibus
430 2724 458 2761 se
475 2709 625 2779 adiungunt
658 2709 739 2763 tionis
755 2727 809 2763 non
830 2709 938 2788 paulum
960 2717 1081 2778 augetur.
1118 2711 1173 2762 Sed
1192 2713 1263 2790 sedat

106 2776 209 2832 anI.
657 2776 686 2830 in
702 2795 756 2831 uno
777 2779 810 2830 de
832 2784 929 2831 nostns
946 2777 1017 2830 Flor.
1037 2775 1059 2830 C
1077 2784 1127 2842 est,
1145 2780 1263 2830 consedet

91 2849 110 2902 8,
142 2847 247 2898 matum
267 2843 407 2911 quicquam
455 2843 515 2898 Hoc
532 2843 624 2898 ordine
655 2845 685 2898 in
702 2845 775 2899 Flor.
794 2844 827 2899 G.

91 2913 284 2968 ‚collocantur
311 2912 382 2980 apud
434 2911 523 2966 odium
546 2912 624 2966 etin
685 2914 832 2983 praecoqui
848 2911 968 2966 ediderat
984 2911 1106 2978 Medius,
1123 2919 1152 2966 et
1168 2910 1206 2966 sio
1222 2919 1264 2966 est

91 2980 198 3036 inlibris
217 2997 286 3033 mss.
307 2978 443 3047 omnibus,
470 2978 551 3034 Snak.
569 2999 623 3035 uno
657 2980 685 3034 in
708 2979 783 3033 Laid.
800 2981 877 3034 Voss.
906 2987 919 3033 1
943 2980 1024 3033 Bern.
1050 2988 1164 3058 utroque
1189 2979 1263 3034 Flor.

91 3055 129 3102 .1.
150 3050 249 3120 Vulgo
269 3048 411 3116 quicquam
427 3051 530 3103 arium.
556 3049 624 3104 Mox
657 3047 824 3115 ABOEGH3
842 3047 871 3100 in
889 3047 984 3100 ceteris
1021 3046 1091 3100 aucis
1104 3055 1172 3101 sicut
1181 3048 1263 3118 vulgo

91 3115 121 3169 ἰιι
134 3127 204 3172 recte
223 3127 256 3170 ut
276 3133 334 3181 me,
356 3126 384 3168 ut
399 3116 469 3170 Phil.
487 3118 624 3188 eleganter
657 3115 781 3171 scribitur
797 3132 955 3186 praecoque.
993 3065 1125 3194 praecoce
1151 3116 1179 3168 in
1208 3133 1263 3186 quo

91 3181 129 3238 tito
143 3184 287 3240 vocabulo.
318 3183 372 3237 vul
391 3224 397 3236 .
416 3195 444 3238 ιιι
461 3203 500 3238 me
518 3187 623 3238 etPli·
657 3186 725 3239 libro
750 3202 798 3237 ms.
822 3184 928 3254 legatur
952 3201 1007 3236 non
1033 3183 1147 3239 invenio.
1190 3183 1263 3238 Scri·

91 3269 152 3308 >non
166 3263 209 3337 est
227 3252 286 3306 nisi
304 3202 419 3331 inllor.
437 3252 538 3322 DEGI,
556 3253 623 3308 alte-
656 3253 737 3308 bendi
754 3252 822 3332 ratio
840 3251 920 3332 etiam
936 3253 1007 3322 apud
1024 3260 1127 3332 veteres
1148 3251 1264 3334 variavit

91 3321 623 3472 ·tttt'tttttlltst0pm‚
658 3323 1264 3470 ttdtttttttttstttttltt

91 3456 623 3600 tutat-taetantes
656 3458 1262 3607 {antimetatmanmta

93 3601 129 3663 10,
164 3597 233 3650 laeti
252 3611 287 3647 ue
310 3596 356 3662 qui
377 3596 448 3648 cirea
471 3595 525 3647 sa.
547 3602 624 3647 erant
657 3597 765 3648 trrttare
782 3596 924 3664 fortunam
945 3610 1035 3648 omnes
1054 3612 1132 3662 msa,
1153 3613 1208 3648 non
1229 3603 1262 3650 ut

91 3666 185 3719 radant
295 3669 327 3714 nt
348 3661 376 3713 hi
392 3662 464 3714 haud
481 3662 560 3715 dubie
578 3660 623 3714 alii
656 3661 722 3716 editi
730 3664 800 3732 fort.
818 3663 935 3715 irritare.
961 3664 1123 3716 Intuentibus
1141 3680 1199 3717 eam
1215 3665 1263 3716 ad·

91 3732 155 3802 iqui
212 3731 349 3784 acedonas
370 3729 530 3796 invaserunt,
548 3729 623 3800 pedi·
656 3729 714 3784 dito
734 3729 888 3800 pronomine
910 3731 982 3800 quod
1002 3730 1030 3784 in
1052 3730 1125 3801 vulg.
1147 3749 1202 3785 non
1219 3739 1263 3786 est

91 3799 238 3863 ,eunuchi
275 3797 319 3850 Ita
338 3813 371 3850 ue
392 3798 538 3852 necessario
556 3797 621 3851 scri·
654 3797 727 3852 Flor.
745 3815 835 3851 omnes
853 3806 882 3852 et
898 3798 980 3852 Bern.
997 3802 1032 3852 A.

91 3882 124 3920 un
138 3875 200 3922 erat
219 3873 255 3919 ut
273 3864 316 3918 edi
354 3883 434 3936 ,quo
451 3865 531 3919 etiam
548 3864 620 3919 codi·
706 3872 772 3920 .12.
795 3866 931 3935 Menidas]
951 3865 1023 3920 Olim
1044 3872 1102 3918 erat
1119 3867 1260 3932 Amyntae,

91 3934 225 4006 sripturae
235 3932 390 3998 ouantia
416 3933 621 3988 uibusomnibus
717 3932 747 3987 in
762 3934 844 3988 Bem.
867 3941 982 4004 utroque
1002 3933 1074 3986 Flor.
1092 3930 1213 3985 omnibus
1230 3939 1261 3986 et

110 4002 224 4075 legitim,
259 4001 289 4054 in
314 4000 385 4054 Flor.
436 4002 464 4054 H
489 4001 568 4055 Bern.
595 4000 620 4053 B
654 4001 729 4055 leid.
745 4002 847 4056 Vosal
866 4003 998 4055 Minidae.
1015 4001 1118 4054 Verum
1131 3999 1260 4052 Menidas

94 4073 148 4139 aa,
171 4071 202 4126 in
220 4072 337 4124 Vosa2
361 4071 438 4137 laeti,
464 4068 492 4122 in
513 4067 621 4140 reliquis
654 4069 736 4123 etiam
752 4069 823 4123 infra
843 4077 964 4124 extremo
986 4068 1055 4121 libro
1078 4066 1149 4120 inter
1164 4064 1260 4120 vulne·

91 4154 121 4192 ue
153 4148 187 4193 ut
215 4139 267 4209 qui
294 4144 403 4207 propter
432 4136 546 4191 vicinum
572 4153 621 4206 que
654 4145 727 4192 ratos
743 4137 902 4192 nominatur.

91 4203 134 4260 ine
150 4208 291 4261 videatur.
317 4204 405 4274 Vulgo
424 4205 516 4274 (etiam
532 4205 620 4271 Mod.)
689 4207 827 4276 incertam]
864 4205 948 4284 Oodd..
969 4201 1037 4273 plen'
1055 4217 1089 4254 ue
1111 4217 1172 4255 cum
1193 4201 1259 4257 edit.

91 4273 134 4341 ‘que
151 4277 229 4329 circa
250 4273 308 4325 Sis.
324 4274 416 4326 viciam
433 4281 483 4327 oet.
654 4273 728 4327 Mod.
746 4283 775 4326 et
791 4275 852 4341 iac,
870 4272 914 4325 alii
930 4270 1038 4325 Flor.D
1066 4268 1080 4321 1
1097 4278 1139 4335 αις
1154 4276 1261 4323 utrum·

92 4347 128 4395 11.
161 4344 237 4396 sedit
264 4341 411 4408 immobilis]
446 4340 538 4394 Placet
556 4340 622 4393 haec
654 4357 707 4412 que
731 4357 766 4394 ex
792 4340 980 4394 terminatione
1005 4335 1153 4408 praegressi
1183 4337 1259 4392 verbi

91 4424 128 4462 um
149 4405 401 4481 antiquissimorum
421 4407 499 4461 simul
516 4417 544 4463 et
555 4408 620 4480 plu·
654 4416 743 4464 ortum
760 4406 873 4462 videtur.
