2926 5174
192 272 267 344 440
669 288 702 350 Q.
730 285 854 339 cunm
877 286 962 339 aum

189 476 286 577 qimn
311 475 480 566 exceditis,
505 497 635 573 perque
665 486 696 546 et
720 495 793 545 mea
825 471 862 546 in
886 496 943 546 uos
969 484 998 545 et
1024 470 1063 546 in
1088 495 1144 546 me
1179 486 1294 548 uestra
1316 476 1415 568 unia

192 586 310 688 quibus
335 585 449 659 inuicti
473 584 715 674 contendimus,
750 608 808 658 oro
834 607 1030 683 quaesoque,
1066 608 1109 656 ne
1136 585 1360 659 bumanorum
1379 613 1414 661 re·

192 724 270 772 rum
297 696 452 770 temninos
477 695 650 767 adeuntem
676 694 850 767 alumnum
875 693 1196 795 cmnmilitouemque
1223 710 1369 791 uastum
1388 727 1417 774 u

192 809 304 882 dicam
330 832 449 906 ceqem,
475 805 644 879 deseratis.
687 802 803 882 Cotem
824 803 913 879 uobis
940 804 1109 902 imperavi
1112 833 1127 896 3
1156 806 1220 881 boc
1237 811 1450 884 nauminia

194 933 288 993 tuctu
313 945 398 992 sum.
451 917 553 992 Etis
578 941 636 990 oos
661 941 757 1016 coqu,
784 916 842 1016 qui
866 915 951 988 nibil
974 943 1128 1015 uuquam
1155 919 1253 992 uobis
1274 923 1417 1020 proecqn

194 1032 275 1130 quin
302 1030 440 1127 primus
474 1052 526 1100 me
557 1027 717 1125 pmiculis
743 1027 926 1118 obtulerim,
962 1027 1022 1126 qui
1055 1054 1161 1127 saepe
1197 1033 1308 1105 aciem
1340 1031 1419 1130 clipeo

194 1139 370 1230 meatem,
405 1164 445 1213 ne
471 1138 670 1239 infreqccitie
696 1139 733 1211 in
758 1138 911 1212 manebus
945 1139 1027 1212 meis
1048 1141 1231 1238 palmam,
1268 1168 1334 1242 qun
1355 1141 1420 1216 Hu-

193 1253 298 1326 culem
323 1251 544 1348 Liberumque
570 1249 723 1337 Patrem,
749 1249 781 1322 si
805 1248 935 1322 inuidia
960 1250 1116 1350 abfuerit,
1145 1254 1311 1352 aequabo.
1353 1253 1451 1327 Dutcu

137 1402 140 1407 ·
193 1366 251 1440 boc
270 1364 426 1463 moedus
443 1362 534 1452 meis,
560 1373 591 1433 et
614 1359 747 1432 tandem
772 1359 966 1434 obstinatum
983 1361 1155 1435 silentium
1173 1365 1333 1464 rumpite.
1374 1365 1422 1440 Ubi

193 1489 241 1551 est
265 1476 318 1549 ille
344 1474 486 1565 cumae,
512 1471 694 1544 amenitatis
719 1483 844 1545 vesum
869 1471 995 1545 indeul
1021 1473 1079 1546 ubi
1103 1473 1163 1547 ille
1190 1501 1343 1551 meorum
1365 1477 1421 1551 Ma-

196 1587 355 1661 cedonum
380 1583 512 1658 meust
550 1581 633 1658 Non
658 1606 799 1681 aquosco
824 1608 890 1675 vos,
917 1584 1048 1676 milites,
1074 1609 1138 1658 nec
1165 1588 1311 1686 aquosci
1332 1587 1420 1662 uidcor

195 1698 343 1773 euobis.
396 1693 530 1771 Suedas
569 1693 768 1768 iamdudum
801 1719 900 1768 aures
919 1695 1038 1794 pulso:
1075 1721 1220 1773 uomsos
1256 1699 1422 1774 animost

194 1811 353 1910 infractos
378 1806 519 1879 cecitate
545 1829 652 1880 coum.

147 1925 192 1994 11
299 1915 458 2014 Cumque
484 1918 534 1989 illi
558 1918 596 1990 in
621 1927 756 1990 terram
779 1915 940 1989 demissis
967 1917 1147 2015 capitibus
1176 1929 1303 1994 tacere
1326 1937 1447 2019 perse-u

194 2040 373 2121 vorarent,
398 2027 524 2106 Nescio
550 2028 640 2129 quid,
666 2029 789 2126 iuquit,
816 2028 854 2102 iu
878 2053 936 2104 uos
962 2029 1166 2128 imprudens
1193 2031 1330 2132 deliqui,
1354 2031 1421 2133 quod

194 2225 239 2261 oro
266 2221 411 2277 quaesoque
461 2204 552 2256 ndens.
597 2203 641 2257 Sic
668 2210 796 2257 statueret
830 2204 924 2258 liberos
942 2214 1017 2274 utque
1030 2213 1163 2273 parentes
1182 2217 1302 2275 uestros,
1322 2226 1369 2278 per
1382 2224 1421 2259 nu-

193 2275 265 2329 haud
287 2273 365 2327 dubie
387 2272 407 2324 l.
449 2290 470 2325 r.
493 2272 657 2339 Gronovius,
679 2271 730 2325 nisi
753 2271 797 2326 hic
830 2275 943 2326 testatem
964 2274 1059 2340 populi
1082 2273 1163 2326 Rom.
1196 2278 1330 2330 subuenite
1349 2279 1420 2329 uuae

193 2344 267 2398 locus
285 2340 427 2394 doctissimi
444 2340 554 2394 hominis
572 2341 659 2395 oeulos
677 2340 795 2411 fugisset,
829 2343 891 2394 mibi
909 2341 1024 2394 omnium
1040 2341 1098 2394 fere
1115 2344 1197 2397 codd.
1216 2343 1301 2399 lectio
1317 2352 1361 2398 est.
1383 2344 1421 2397 Te

194 2412 221 2465 in
239 2417 359 2464 accurata
376 2408 421 2462 illu
436 2416 503 2461 nota
519 2410 553 2461 ad
570 2409 627 2462 Liv.
644 2423 728 2476 xxm,
754 2415 795 2477 18,
829 2426 888 2463 men
907 2408 1055 2463 Gronovius
1073 2410 1191 2465 rationis
1210 2430 1276 2466 suae
1296 2421 1371 2466 tenax
1384 2429 1421 2482 pu

195 2478 320 2550 9prioris
341 2477 403 2531 edit.
423 2476 503 2544 (edit.
521 2477 602 2530 Drak.
620 2486 686 2532 tom.
703 2493 747 2531 vn
768 2496 795 2548 p.
830 2496 875 2530 uos
894 2480 987 2531 liberos
1005 2476 1102 2532 omisso
1114 2498 1172 2548 per
1191 2481 1313 2553 corrigit.
1340 2484 1374 2536 At
1387 2499 1421 2534 no

195 2553 243 2602 187
263 2548 333 2623 sqq.)
368 2545 497 2615 Numqui
514 2545 627 2618 hieillio
644 2546 739 2599 similes
757 2546 796 2598 le·
830 2545 883 2599 cuit
900 2562 931 2599 ea
947 2563 977 2599 re
994 2546 1185 2616 concinnitati,
1206 2551 1331 2620 quoniam
1346 2548 1420 2620 repeti·

194 2623 303 2687 guntur,
322 2613 506 2669 comentisunt
519 2615 552 2667 ab
567 2615 625 2669 illo:
643 2615 793 2682 Limm,
829 2614 869 2668 tio
886 2614 1002 2668 oratoria
1022 2633 1076 2668 non
1103 2616 1262 2672 absolvitur
1278 2619 1327 2673 nisi
1343 2627 1379 2672 ter
1391 2633 1420 2671 re

194 2691 236 2752 18,
256 2692 270 2738 9
289 2686 388 2765 quibus,
399 2701 454 2764 per
471 2701 515 2736 vos
523 2685 656 2754 fidemque
673 2693 793 2750 vestram,
828 2685 946 2764 petendo
971 2685 1073 2737 verbu·
1098 2685 1179 2739 Idem
1207 2686 1316 2741 Sallust.
1340 2687 1419 2740 Histoe

192 2771 274 2823 neque
291 2771 319 2804 en
338 2753 435 2819 Italia,
463 2769 544 2822 neque
561 2754 589 2804 in
608 2753 706 2820 Africa
724 2755 794 2822 quic·
829 2771 856 2805 m
873 2751 926 2804 fine
943 2760 1010 2806 orat.
1029 2751 1060 2805 G.
1080 2751 1184 2806 Cottae
1204 2754 1287 2810 Cons.
1321 2757 1369 2808 Per
1389 2771 1419 2807 oce

192 2840 269 2892 quam
287 2823 327 2873 rei
347 2822 496 2890 qesseritis;
513 2819 581 2887 Liv,
598 2835 638 2872 xa
657 2828 688 2888 9,
716 2829 796 2890 tper
829 2823 918 2890 quur,
940 2821 1064 2887 Quirites,
1083 2832 1107 2874 et
1122 2825 1247 2891 qlorinm
1262 2827 1381 2878 maiorue
1394 2833 1420 2876 tc·

192 2901 215 2944 te
227 2891 396 2960 patriumque
414 2906 505 2941 nomen
522 2920 557 2930 -
578 2890 616 2941 ita
633 2907 672 2941 me
690 2892 794 2956 audias,
830 2892 910 2942 leonte
937 2892 1047 2942 adversa
1075 2899 1099 2942 et
1118 2894 1253 2946 consulite
1270 2895 1310 2946 rei
1328 2912 1356 2963 p.
1391 2890 1419 2946 ot
1457 2936 1459 2949 .

184 2977 296 3029 precor,
321 2967 451 3036 tamquam
469 2960 492 3009 si
509 2964 560 3010 eet.
594 2958 718 3028 Utroque
734 2958 795 3011 loeo
830 2957 909 3010 etium
927 2957 1017 3011 Ovidii
1037 2956 1084 3011 lib.
1101 2972 1136 3012 11.
1176 2961 1309 3015 Amorum
1329 2968 1371 3028 1t,
1390 2966 1419 3013 ll.
1457 2964 1459 3015 ἶ

191 3026 296 3081 delevit
312 3025 470 3093 encliticam,
497 3032 525 3078 et
545 3026 631 3078 altero
656 3028 796 3080 obsecutus
830 3025 946 3079 Martial.
972 3025 1065 3096 Epigr.
1085 3041 1123 3094 11,
1155 3034 1204 3096 14,
1227 3037 1258 3084 17
1280 3048 1343 3102 quoe
1364 3030 1418 3082 locu
1457 3056 1459 3087 ι

189 3105 235 3152 est
253 3095 353 3161 Dmla,
373 3093 473 3160 altero,
491 3111 550 3146 cum
567 3093 637 3146 idem
654 3112 682 3147 se
700 3095 798 3148 sentire
832 3094 902 3147 idem
937 3092 1085 3148 Gronovius
1121 3096 1237 3152 dufiore
1273 3097 1418 3169 explicatione
1457 3132 1459 3139 .

190 3165 360 3236 profiteatur,
378 3162 491 3215 laudatis
509 3162 580 3215 notis
590 3162 643 3214 suis
661 3164 696 3215 ad
705 3163 797 3216 Silium
832 3179 895 3215 snae
912 3162 1058 3215 sententiae
1081 3164 1176 3218 favere
1199 3165 1287 3221 iussit.
1321 3163 1418 3221 Sembi-

190 3249 211 3301 1,
231 3238 280 3287 658
298 3239 326 3284 et
344 3236 423 3296 v‚82,
441 3248 585 3284 nonausus
603 3238 652 3284 est.
678 3232 716 3284 Et
725 3240 796 3284 reete
830 3249 887 3284 mus
904 3230 985 3311 igitur
1002 3232 1028 3283 h.
1046 3231 1263 3353 lnq'lqriumque,
1283 3231 1417 3306 quandoqn

191 3303 250 3355 hoe.
285 3301 356 3353 Nam
384 3301 457 3369 quod
474 3298 502 3350 in
528 3298 647 3352 omnibus
670 3299 796 3354 sermoni-
831 3301 891 3352 dem
916 3319 944 3352 m
966 3317 1025 3352 mss.
1073 3300 1108 3312 ''
1147 3304 1291 3358 varietatis
1315 3312 1362 3371 est,
1383 3299 1417 3356 nit

190 3371 240 3423 bns
259 3369 357 3421 factum
378 3374 434 3433 est,
462 3365 517 3419 eius
535 3367 573 3419 rei
595 3368 721 3421 habemus
743 3370 795 3422 hoe
830 3369 902 3438 quod
918 3367 989 3421 Flor.
1006 3368 1030 3420 B
1048 3386 1102 3438 per
1120 3388 1168 3423 eos
1185 3375 1304 3442 qloeiom
1366 3371 1417 3438 ,de

191 3437 273 3491 etiam
288 3436 315 3489 in
328 3436 449 3488 Romano
469 3436 625 3506 exemplum,
645 3444 675 3489 ut
692 3437 795 3518 origine
829 3453 858 3490 ce
878 3444 907 3489 to
931 3435 1051 3489 nimirum
1074 3436 1189 3493 librario
1208 3441 1343 3496 similitu‘
1385 3455 1416 3491 vo

190 3504 299 3559 alicuius
321 3502 423 3557 dicendi
441 3504 544 3572 generis
562 3505 656 3558 omissa
677 3506 794 3558 honnnes
830 3523 845 3558 c
872 3523 1011 3575 anumque
1030 3512 1058 3558 et
1076 3523 1146 3575 qua,
1171 3518 1205 3562 ut
1223 3527 1295 3580 qnae
1310 3510 1337 3564 in
1350 3506 1415 3563 undo

191 3572 319 3645 paulatim
345 3571 486 3625 assuefiant
513 3573 590 3625 adid
608 3574 681 3644 quod
698 3574 732 3627 ad
750 3592 796 3626 au·
828 3581 917 3627 essent
935 3573 1081 3627 omitteret.

191 3642 260 3696 mum
295 3640 483 3709 oculorumque
537 3658 641 3694 sensnm
681 3643 794 3695 aecidat.
863 3643 952 3695 invicti
974 3645 1165 3711 contendimus,
1196 3644 1255 3701 ie.
1276 3655 1307 3702 ut
1330 3640 1415 3701 diewui

192 3711 264 3764 Nam
286 3726 345 3763 cum
367 3707 444 3761 initio
468 3709 537 3761 haud
560 3711 639 3764 dubie
657 3726 717 3763 cum
739 3728 794 3764 me·
828 3718 955 3781 nequeat,
974 3708 1029 3763 utri
1045 3717 1121 3766 utros
1165 3713 1272 3771 lumbus
1293 3733 1323 3770 ae
1336 3710 1415 3769 mut
1457 3716 1459 3775 !

191 3778 289 3834 tathesi
315 3778 352 3831 sie
370 3776 502 3830 diceretur
522 3795 574 3847 per
592 3797 637 3832 eo
663 3797 707 3832 vos
734 3784 794 3834 deos
828 3780 877 3833 bus
895 3777 1091 3833 obstrinxerint.
1165 3782 1267 3838 einsius
1289 3802 1350 3839 eon.
1367 3780 1414 3835 ιἰιιί·
1457 3792 1459 3813 ¹

192 3866 248 3915 oro,
266 3846 361 3901 omisso
374 3844 536 3899 nominativo
546 3799 686 3901 videbatur
700 3866 744 3902 vos
760 3865 795 3901 ex
828 3866 881 3900 cem
898 3849 1086 3916 contendimus,
1118 3851 1169 3904 sed
1187 3852 1291 3925 pingue
1305 3852 1368 3907 istud
1385 3855 1414 3902 ee

190 3914 387 3988 praepositione
399 3931 450 3982 per
475 3915 604 3984 pendere,
626 3916 728 3996 iamque
754 3916 793 3970 di·
827 3915 1044 3969 additamentum.

192 3991 369 4052 etumestper
388 4000 433 4034 vos
449 3985 560 4052 deosque
578 4001 631 4038 oro.
658 3985 729 4038 Hmc
746 4003 794 4055 pu·
863 3990 887 4051 §-
914 3989 956 4039 29.
999 3986 1063 4053 quin
1084 3987 1199 4054 primus
1226 4021 1263 4031 -
1296 3982 1411 4062 senff]

190 4059 276 4105 tamus
303 4052 403 4104 factum
429 4065 485 4102 esse
511 4059 540 4104 ut
563 4051 657 4122 aliquis
684 4070 732 4123 per
766 4070 794 4106 se
828 4053 903 4106 Ilaec
920 4060 961 4106 est
978 4051 1129 4107 emendatio
1149 4055 1227 4125 Aldi,
1247 4075 1308 4112 mse.
1324 4058 1361 4130 qui
1403 4080 1411 4092 ·

190 4118 199 4172 i
219 4137 276 4172 sum
301 4125 450 4187 rogaretur,
474 4135 535 4171 nam
552 4120 650 4173 factum
667 4123 717 4174 hoc
738 4139 795 4174 esse
827 4140 884 4174 mus
902 4153 937 4163 -
955 4123 1043 4188 obtuli,
1098 4121 1143 4176 uei
1161 4131 1258 4180 tamen
1274 4128 1346 4196 quin,
1405 4156 1409 4168 ·

190 4138 288 4240 Gustra
298 4185 445 4240 Gronovius
459 4187 523 4239 locis
536 4189 666 4242 nonnullis
675 4196 794 4242 veterum
828 4189 905 4243 ABG
922 4207 939 4242 a
975 4209 995 4246 r.
1012 4207 1047 4242 m.
1092 4207 1151 4245 ern.
1170 4193 1196 4247 B
1222 4195 1298 4263 (fort
1314 4190 1409 4257 Vocet)

190 4252 348 4322 scriptorum
366 4262 411 4308 aut
429 4255 588 4321 corrigendis
606 4266 651 4312 aut
668 4274 737 4311 nova
753 4257 794 4310 in·
828 4259 882 4312 Sed
899 4208 1068 4312 nihilverius
1086 4258 1134 4313 illa
1152 4263 1344 4318 emendatione.

190 4328 218 4373 te
253 4322 383 4376 rotatione
403 4324 529 4377 vexandis
543 4334 632 4395 negat,
651 4344 706 4380 v.e.
724 4328 794 4395 apud
855 4326 970 4397 Gapll,
989 4330 1012 4395 ξ.
1022 4333 1064 4381 31.
1082 4329 1111 4380 in
1121 4334 1213 4384 voeim
1251 4372 1258 4386 .
1316 4333 1321 4345 “
1377 4322 1408 4379 Sl

192 4338 300 4443 Surdus.
326 4390 384 4460 Ing.
410 4408 432 4444 e.
452 4398 484 4444 14
502 4400 571 4448 extr.
591 4412 644 4464 per
661 4413 720 4461 uos,
741 4412 794 4463 per
827 4395 924 4466 reliqui
941 4411 1032 4449 omnes
1052 4399 1210 4466 praeteri?
1238 4334 1405 4456 nffiiiuffl
