2926 5174
563 277 779 330 PRAEFATIO.
1250 279 1291 332 x1

72 466 102 540 de
123 457 374 538 continuando
402 482 508 554 opere
532 459 673 556 publice
699 461 937 560 privatimque
958 463 1180 553 admonerer,
1207 464 1291 536 iam·

70 619 121 690 que
143 590 223 662 mihi
244 583 460 660 verendum
482 597 586 677 esset,
611 611 658 660 ne
681 586 789 660 fidem
811 589 933 662 datam
958 590 1100 664 viderer
1116 590 1290 679 fefellisse,

67 718 225 792 adtelam
251 711 524 812 pertexendam
558 738 725 788 reversus
756 716 865 788 alium
896 717 1160 815 redemptorem
1187 742 1292 814 quae·

66 845 120 919 sivi
151 854 186 918 et
218 840 505 915 commentarios
545 839 616 912 iam
654 839 790 914 dudum
824 845 1040 942 perscriptos
1075 870 1172 917 nova
1207 868 1293 916 cura

62 971 287 1069 locupletatos
331 990 433 1037 nunc
468 965 506 1037 in
546 966 728 1064 publicum
762 970 897 1045 emitto.
959 970 1115 1043 Textum
1150 969 1292 1067 quidem

61 1102 166 1198 ipsum
189 1098 265 1169 fere
294 1092 464 1190 repetivi,
491 1094 631 1190 qualem
656 1095 694 1166 in
713 1097 832 1192 priore
850 1095 1005 1170 editione
1028 1099 1292 1187 constitueram,

62 1237 158 1323 atque
181 1223 337 1321 gavisus
366 1245 446 1293 sum
476 1228 591 1292 totam
624 1220 837 1296 emendandi
872 1224 1047 1297 rationem
1080 1250 1153 1296 non
1185 1221 1293 1295 modo

64 1378 128 1425 non
149 1351 356 1438 inductam,
385 1347 449 1420 sed
474 1356 634 1444 tempore
660 1373 799 1445 usuque
825 1348 1065 1424 subsidiorum
1092 1350 1294 1422 criticorum

67 1480 159 1553 etiam
182 1477 443 1550 confirmatam
469 1499 556 1547 esse.
597 1470 669 1551 Sed
694 1474 831 1549 inventi
854 1487 939 1551 sunt
964 1477 1060 1550 haud
1086 1478 1191 1576 pauci
1216 1458 1294 1566 loci,

60 1605 239 1702 inquibus
267 1611 340 1675 aut
370 1599 519 1673 eandem
544 1600 720 1674 rationem
746 1613 895 1701 propter
914 1616 1055 1678 auctam
1077 1603 1294 1678 testimonio·

58 1759 133 1806 rum
158 1731 298 1828 copiam
327 1728 449 1801 acrius
476 1727 689 1801 servandam
716 1729 973 1823 existimarem,
999 1744 1062 1806 aut
1088 1733 1194 1805 aliam
1219 1753 1294 1802 cor-

57 1857 188 1957 rigendi
213 1853 498 1955 explicandique
522 1854 619 1927 viam
644 1854 837 1928 ineundam
863 1857 1065 1932 arbitrarer.
1111 1857 1294 1930 Recentio-

56 2013 133 2060 rum
159 1986 372 2058 criticorum
398 1981 551 2055 inventis
578 2006 661 2053 raro
688 2005 774 2054 usus
801 2007 890 2073 sum,
916 2010 991 2056 non
1016 1984 1113 2083 quod
1139 2010 1182 2057 ea
1201 2007 1296 2080 sper·

58 2139 189 2204 nerem,
224 2122 292 2184 aut
330 2134 410 2182 non
444 2108 618 2182 utendum
653 2108 894 2182 existimarem
929 2112 1094 2209 quicquid
1129 2112 1215 2184 utile
1249 2108 1296 2181 ad

57 2237 352 2342 perpurgandum
381 2236 683 2332 elegantissimum
709 2261 799 2333 opus
826 2238 1024 2330 offerretur,
1051 2238 1115 2312 sed
1139 2236 1234 2335 quod
1254 2261 1297 2310 ca

61 2369 212 2444 condicio
239 2364 415 2439 codicum
439 2386 522 2434 mss.
549 2373 621 2454 est,
656 2372 712 2453 ut,
748 2363 815 2436 nisi
849 2367 1044 2462 exploratis
1075 2368 1296 2463 integrorum

64 2508 98 2569 et
121 2503 379 2592 corruptorum
410 2488 581 2561 librorum
612 2489 842 2581 lectionibus,
881 2490 928 2563 ad
960 2518 1083 2566 veram
1116 2491 1297 2590 scriptoris

62 2647 199 2696 manum
223 2616 415 2719 perveniri
440 2624 517 2688 non'
537 2617 661 2713 possit.
707 2614 1050 2692 Commentariorum
1067 2630 1188 2692 autem
1205 2619 1297 2690 hanc

65 2751 229 2824 rationem
254 2744 385 2833 tenui,
420 2752 461 2814 ut
494 2742 648 2839 primum
680 2744 820 2841 singula
853 2770 1032 2841 quaeque,
1058 2747 1095 2818 in
1122 2745 1249 2841 quibus
1277 2768 1299 2814 a

68 2879 201 2975 vulgata
227 2875 415 2970 scriptura
440 2867 690 2960 discessissem,
722 2882 886 2944 notarem
913 2883 949 2944 et
975 2897 1100 2944 causas
1127 2896 1236 2966 quare
1261 2867 1299 2940 id

73 3005 215 3076 fecissem
240 3021 494 3100 persequerer,
519 2997 762 3093 librorumque
782 3006 945 3069 veterum
966 3000 1196 3070 auctoritates
1217 3018 1298 3066 exa·

81 3129 247 3219 minarem;
286 3151 364 3224 qua
399 3123 435 3194 in
465 3148 505 3195 re
538 3133 713 3220 perpetua
743 3104 964 3221 integrorum
996 3149 1038 3195 ac
1072 3123 1230 3196 fidelium
1263 3131 1300 3194 et

80 3266 302 3329 correctorum
344 3260 665 3348 corruptorumque
712 3249 872 3324 codicum
913 3250 1100 3324 diversitas
1141 3256 1298 3347 apparet.

79 3379 184 3479 Neque
211 3385 252 3483 in
286 3376 491 3453 iudicandis
523 3379 733 3452 lectionibus
768 3403 841 3451 non
876 3379 944 3451 hoc
980 3379 1064 3450 mihi
1099 3375 1300 3450 faciendum

81 3519 157 3600 erat,
192 3520 235 3582 ut
264 3508 414 3603 linguae
446 3496 594 3578 Latinae
629 3530 734 3578 usum
766 3515 803 3577 et
835 3506 1007 3578 sermonis
1034 3503 1194 3579 Curtiani
1220 3529 1299 3601 pro·

83 3616 250 3729 prietatem
268 3655 479 3727 exequerer,
505 3656 576 3727 quo
593 3632 729 3704 facilius
750 3632 950 3705 inveterata
970 3633 1164 3705 multorum
1181 3630 1300 3728 opinio

10 3740 12 3745 ⁵
86 3757 317 3836 describendi
342 3782 493 3856 genere,
527 3783 598 3864 quo
635 3756 797 3831 Curtium
826 3783 933 3831 usum
965 3784 1043 3831 esse
1073 3758 1300 3845 imbiberunt,

86 3891 221 3964 mulcet
256 3911 369 3974 aurea
394 3884 596 3958 Latinitatis
627 3896 746 3958 aetate
776 3885 922 3982 indigno
954 3887 1193 3959 refelleretur:
1230 3905 1300 3977 quo

89 4015 193 4089 eodem
225 4018 263 4090 in
298 4037 431 4113 genere
464 4037 580 4109 nuper
612 4012 677 4085 lul.
712 4011 970 4101 Muetzellium,
1011 4035 1117 4107 quem
1155 4007 1300 4079 honoris

90 4163 176 4216 causa
205 4142 373 4230 nomino,
411 4164 486 4211 non
516 4139 772 4213 infructuosam
806 4163 953 4238 operam
983 4135 1145 4234 posuisse
1177 4135 1300 4207 laetor.

90 4261 144 4341 Eas
167 4258 287 4343 autem
313 4265 477 4341 codicum
501 4291 584 4339 mss.
609 4267 795 4355 lectiones,
830 4266 957 4362 quibus
984 4264 1020 4334 in
1046 4260 1301 4333 commentario

93 4393 192 4470 critico
218 4397 372 4468 utinen
401 4395 521 4491 potui,
560 4403 751 4492 propterea
782 4391 879 4489 quod
911 4386 958 4462 ad
990 4411 1166 4460 summam
1201 4388 1302 4482 quasi
