2926 5174
456 309 505 360 nn
532 309 659 367 cussis
685 310 795 367 anax.
824 311 859 381 v,
886 309 910 358 a
1259 295 1331 370 173

93 496 220 567 liarum
264 494 363 569 vices
399 508 483 571 ante
523 495 674 569 cubiculi
712 497 806 570 fores
848 504 1010 568 servant:
1052 519 1333 595 magnorumque

91 608 358 704 praefectorum
384 619 420 683 et
446 611 577 685 ducum
602 610 691 683 haec
708 609 935 680 'incrementa
948 617 1033 679 sunt
1058 617 1096 679 et
1120 606 1331 681 rudimenta.

191 717 312 816 Igitur
343 746 408 795 rex
443 724 516 797 arci
540 721 761 821 Babyloniae
786 718 978 818 Agathone
1004 717 1208 818 praesidere
1233 720 1332 792 iusso

91 853 169 902 cum
181 851 259 902 occ
287 824 527 908 Macedonum
551 833 792 929 trecentisque
817 830 982 904 mercede
1008 830 1204 922 conductis,
1231 858 1331 930 prae·

91 953 195 1033 tores,
223 941 288 1038 qui
313 946 452 1042 regioni
476 944 699 1044 Babyloniae
725 969 767 1016 ac
794 941 935 1017 Ciliciae
961 955 1185 1041 praeessent,
1212 942 1331 1017 Mene·

91 1065 160 1126 tem
186 1064 224 1128 et
249 1052 516 1152 Apollodorum
541 1057 718 1154 relinquit.
770 1054 852 1128 Duo
879 1054 976 1128 milia
1001 1056 1043 1128 iis
1070 1058 1223 1130 militum
1250 1080 1332 1129 cum

91 1166 180 1239 mille
206 1167 357 1240 talentis
386 1168 490 1242 data:
518 1170 659 1266 utrique
684 1178 925 1266 praeceptum,
938 1175 979 1238 ut
992 1167 1028 1239 in
1042 1169 1330 1266 supplementum

91 1277 212 1350 milites
241 1279 417 1377 legerent.
460 1280 646 1354 Mazaeum
671 1281 893 1377 transfugam
919 1288 1086 1377 satrapea
1109 1278 1356 1378 Babyloniae·

92 1387 214 1481 donat,
242 1389 521 1490 Bagophanem,
548 1393 608 1490 qui
634 1416 754 1464 arcem
779 1390 993 1482 tradiderat,
1020 1417 1058 1464 se
1085 1392 1185 1490 sequi
1211 1392 1330 1481 iussit;

91 1498 258 1575 Armenia
285 1482 475 1577 Mithreni'
484 1503 650 1579 Sardium
675 1502 850 1600 proditori
876 1502 962 1576 data
988 1513 1053 1576 est.
1096 1502 1155 1576 Ex
1180 1503 1331 1601 pecunia

93 1611 213 1688 deinde
255 1612 482 1714 Babyloniae
519 1617 653 1691 tradita
689 1612 927 1687 Macedonum
967 1615 1144 1712 equitibus
1186 1615 1331 1690 sexceni

97 1824 200 1877 omnium
218 1823 372 1894 lectionem,
392 1827 510 1897 quamvis
527 1828 612 1881 minus
630 1833 695 1897 apta
729 1828 793 1879 dato
819 1843 876 1878 cum
902 1827 948 1878 nu'l
970 1829 1016 1880 tal.
1052 1826 1106 1880 Sed
1123 1827 1207 1880 dandi
1225 1825 1331 1895 quidem

96 1891 205 1947 rideatur
227 1892 358 1964 quoniam
386 1898 529 1966 praecedat
555 1895 694 1967 singularis
728 1895 838 1947 verbum
855 1893 883 1946 in
900 1894 1020 1948 omnibus
1038 1893 1246 1948 coddultimum
1254 1901 1330 1946 tenet

97 1978 206 2016 uumerus
230 1962 314 2033 regis.
357 1964 539 2019 Veruntamen
566 1964 694 2019 transitus
727 1963 824 2030 locum,
838 1965 956 2032 peditum
973 1964 1001 2016 in
1017 1963 1090 2018 nullo
1108 1962 1330 2017 estnisiinvoss.

98 2030 125 2082 ad
138 2030 267 2101 pluralem
291 2050 346 2085 non
363 2034 446 2087 habet
462 2051 622 2106 magnopere
641 2051 693 2104 quo
727 2031 874 2102 2pessimo
891 2031 966 2087 libro.
1001 2032 1097 2104 Itaque
1122 2033 1150 2085 in
1167 2031 1254 2102 priore
1275 2030 1330 2082 odi-

99 2098 208 2168 offendat‚
227 2119 292 2154 cum
310 2100 376 2154 illud
390 2101 541 2157 institutum
549 2120 693 2174 puerorum
727 2097 800 2154 tione
817 2100 925 2170 reliquis
948 2119 1002 2154 non
1018 2100 1127 2155 mutatis
1145 2101 1270 2153 dederam
1287 2100 1328 2153 bis

99 2167 143 2237 regi
161 2169 372 2224 ministrantium
394 2171 530 2243 antiquum
552 2173 632 2227 firisse
655 2169 693 2224 vi-
728 2172 779 2223 duo
805 2171 879 2222 milia
902 2171 1012 2224 militurn
1035 2189 1092 2224 cam
1126 2172 1196 2222 mille
1223 2169 1328 2223 talentis

99 2235 175 2292 deatm
190 2257 242 2294 nec
261 2256 282 2303 a,
298 2238 356 2292 solo
373 2248 421 2300 aut
438 2241 522 2311 primo
540 2241 693 2295 Alexandro
727 2240 781 2291 dot.
798 2238 879 2291 Nunc
897 2241 948 2292 duo
966 2241 1040 2293 utilia
1057 2241 1092 2293 iis
1105 2240 1216 2292 militam
1231 2235 1329 2304 scriba·

99 2316 245 2378 turpatum.
254 2308 349 2378 Vulgo
358 2310 458 2362 ineunti
466 2319 495 2364 et
503 2321 693 2378 amantemque.
726 2306 788 2378 quia
807 2307 991 2387 praepositum
1014 2310 1055 2362 bis
1081 2307 1109 2360 in
1134 2325 1188 2360 uno
1214 2307 1290 2361 Voss.
1316 2315 1326 2357 l

126 2377 143 2442 ξ.
167 2384 206 2431 ts.
244 2379 332 2447 ipitur
361 2395 408 2430 ren
435 2381 492 2433 arci
516 2381 691 2448 Babyloniae]
725 2375 866 2442 invemtnr,
883 2376 976 2447 reliqui
995 2377 1050 2430 fere
1069 2380 1119 2431 dno
1137 2377 1212 2430 milio
1231 2381 1289 2444 (aut
1306 2389 1330 2427 11

102 2440 170 2514 Vulgo
187 2448 223 2516 tq.
243 2448 308 2499 arci
324 2446 392 2499 Bab.
411 2465 469 2514 res,
493 2448 582 2501 sedin
600 2446 692 2501 ordine
797 2449 823 2496 a
1193 2494 1196 2499 .

103 2513 221 2579 verborum
239 2522 369 2569 constant
386 2515 435 2569 sibi
452 2534 541 2570 omnes
558 2535 618 2570 mss.
637 2515 692 2568 Pro
726 2522 773 2567 aut
794 2529 817 2566 11
841 2522 888 2567 aut
905 2514 1081 2585 negligentius
1098 2529 1136 2581 11,
1175 2531 1226 2568 uae
1242 2512 1329 2568 omnia

104 2578 293 2650 Babyloniaein
312 2583 393 2635 Bern.
412 2585 437 2637 Α
455 2585 525 2639 Flor.
543 2586 592 2638 AB
616 2584 691 2637 Leid.
726 2584 818 2636 eodem
843 2584 967 2650 redeunt)
990 2586 1123 2649 similiter,
1151 2531 1232 2637 liam.
1257 2584 1283 2634 A
1306 2596 1329 2634 11

103 2645 188 2704 Voss]
214 2659 258 2706 est
277 2653 423 2720 Babilone,
448 2661 504 2707 tum
521 2673 571 2725 pro
583 2655 691 2723 proesi-
725 2652 992 2716 criminantibus
1010 2667 1033 2703 11
1051 2655 1075 2705 is
1093 2654 1201 2704 militum
1219 2652 1327 2717 habent,

105 2718 147 2792 dere
161 2720 186 2773 in
196 2722 319 2774 Bern.A
337 2719 408 2774 Flor.
419 2722 467 2775 AB
504 2725 607 2783 raeside
625 2739 690 2787 csse,
725 2738 792 2773 unus
815 2720 889 2774 Leid.
916 2728 998 2774 novat
1020 2737 1043 2772 11
1066 2723 1176 2773 militurn
1200 2722 1249 2772 bis.
1284 2719 1329 2771 Ex

104 2787 243 2843 naemu
263 2788 467 2844 Fronnns'ffl
511 2809 561 2844 oss.
579 2798 691 2860 ‘sprae-
725 2805 756 2842 eo
774 2797 885 2859 apparet
902 2791 937 2842 iis
955 2806 1011 2841 esse
1026 2788 1226 2844 restituendum.
1245 2789 1328 2840 Acce-

104 2855 165 2910 siden
182 2877 251 2925 esse,
270 2858 346 2912 Flor.
366 2857 387 2911 C
400 2862 555 2927 praesidere
573 2877 644 2926 esse,
663 2858 691 2911 in
725 2857 765 2910 dit
782 2876 879 2910 novum
897 2857 1003 2928 aliquid.
1029 2858 1136 2911 Modius
1154 2855 1259 2926 scripsit
1277 2858 1328 2908 duo

105 2936 142 2977 uuo
156 2925 354 2997 Gpraess'dere
375 2935 446 2981 recte
463 2928 568 2999 legitur.
604 2927 690 2996 (Leid.
725 2928 766 2979 bis
775 2928 858 2979 millia
866 2929 985 2995 peditum
995 2944 1052 2979 cum
1061 2928 1132 2977 mille
1141 2927 1243 2977 talentis
1251 2927 1327 2994 dota.

104 2987 162 3047 Voss.
180 3004 190 3048 1
210 2996 350 3061 silentur.)
725 2995 769 3047 De
785 2994 875 3047 ordine
892 2995 1033 3047 verborum
1049 2994 1103 3046 iam
1119 3010 1173 3045 non
1190 3010 1263 3058 curo,
1281 2993 1327 3044 sed

131 3065 217 3131 ropioni
238 3067 408 3134 Babyloniae
434 3083 465 3119 ac
486 3067 608 3137 Ciliciae]
645 3065 690 3119 Sic
726 3066 788 3116 data
806 3062 943 3134 perspicue
960 3069 1001 3115 est
1018 3062 1126 3115 inFlor.
1139 3061 1223 3114 Ghoc
1236 3060 1327 3114 modo:

107 3129 200 3201 codices,
217 3153 273 3188 non
292 3150 366 3200 vere,
384 3135 468 3187 lateor
485 3135 607 3205 quoniam
625 3133 690 3188 Dio·
726 3136 752 3183 Ω
1029 3135 1054 3182 Ω
1241 3134 1243 3138 ’

106 3195 147 3270 dor.
169 3217 247 3270 xvn,
274 3209 309 3256 64
336 3201 365 3255 in
392 3202 485 3256 ceteris
511 3223 569 3257 cum
596 3203 690 3257 Curtio
724 3216 748 3252 11
765 3202 806 3254 bis
824 3202 934 3253 rnilitum
952 3219 1010 3254 cum
1027 3215 1048 3254 x
1066 3203 1170 3256 talentis
1198 3204 1275 3268 data,
1299 3208 1328 3254 et

106 3271 248 3324 concutiens
281 3277 333 3336 τῆς
365 3292 395 3323 τε
423 3271 609 3338 Βαβυλωνίας
644 3277 690 3324 καὶ
724 3270 746 3323 si
763 3288 817 3323 non
834 3277 912 3336 esset,
931 3278 1021 3323 tamen
1034 3278 1155 3341 putarem
1166 3287 1226 3323 cum
1236 3270 1327 3324 Modio

106 3342 149 3388 τῶν
163 3346 347 3411 σατραπειῶν
361 3340 439 3408 μέχρι
455 3339 581 3397 Κιλικίας
598 3342 688 3407 habet,
724 3339 874 3393 coniectura
890 3340 1068 3392 revocandum
1086 3356 1156 3407 esse,
1176 3339 1238 3410 quia
1256 3342 1327 3411 quod

106 3405 188 3481 ttdcst
204 3411 256 3463 hoc
273 3407 359 3478 ipsius
367 3411 454 3478 potius
464 3409 600 3479 scriptoris
610 3427 689 3491 quam
723 3408 843 3478 sequitur
856 3410 957 3477 utrique
965 3419 1135 3478 praeceptura
1148 3409 1185 3463 sic
1194 3417 1257 3480 apte
1266 3409 1327 3462 coit.

106 3467 249 3532 hunnorum
276 3495 361 3530 error.
405 3478 484 3533 Certe
516 3497 548 3531 ac
579 3480 688 3545 ciuitati,
758 3480 781 3545 §.
799 3485 840 3530 44.
876 3488 1006 3548 satrapea
1024 3477 1104 3530 etiam
1130 3479 1156 3531 h.
1180 3478 1197 3531 l.
1224 3477 1327 3543 sensi,

108 3546 158 3608 quod
178 3548 260 3617 vulgo
285 3563 320 3598 ex
345 3548 474 3600 emendat.
497 3546 567 3600 Iunii
593 3546 689 3601 substi-
723 3545 791 3599 sicut
811 3545 879 3598 infra
901 3564 923 3599 c.
949 3554 963 3600 9
988 3555 1016 3599 et
1037 3562 1095 3614 vu,
1120 3555 1135 3600 5
1158 3547 1210 3600 iam
1228 3497 1328 3600 dudirm

107 3613 181 3683 luunt,
199 3632 286 3686 aeque
305 3613 423 3684 ineptum
440 3623 490 3681 est,
509 3633 569 3668 nam
588 3614 689 3668 ciuitati
723 3614 855 3668 scribitur.
879 3617 947 3667 Item
966 3615 1003 3668 sic
1021 3616 1122 3669 habent
1140 3617 1198 3668 edd.
1236 3616 1326 3681 rimae,

108 3679 190 3744 quidem
206 3691 335 3755 praeerat
352 3692 459 3754 satrapa
476 3684 608 3738 Mazaeus.
630 3685 689 3736 Me-
724 3684 808 3737 donee
828 3682 917 3736 lunius
935 3687 1056 3753 satrapia
1075 3685 1150 3738 dedit
1167 3635 1327 3754 Modiusque

107 3759 166 3805 Mon
182 3753 296 3819 retinui,
324 3770 481 3823 quamquam
500 3754 577 3806 codd.
595 3754 690 3806 Mane·
722 3752 840 3806 retinuit.
866 3751 950 3805 Codd.
969 3770 1059 3807 omnes
1076 3763 1202 3822 satrapae
1219 3761 1267 3806 aut
1284 3771 1327 3806 sa-

108 3820 144 3870 lon
157 3830 200 3875 aut
216 3823 375 3875 Maneatant
400 3831 447 3875 aut
465 3820 535 3874 Vlor.
555 3820 580 3875 G
598 3823 689 3875 Mene·
723 3832 805 3891 trope.

108 3888 144 3938 lon
157 3891 268 3956 habent,
294 3907 356 3942 nam
380 3890 457 3944 homo
475 3909 491 3943 a
508 3890 626 3945 Diodoro
643 3909 689 3944 vo-
758 3897 782 3957 5.
800 3897 843 3944 45.
860 3892 1024 3959 Babyloniae
1042 3892 1141 3943 tradita
1151 3891 1326 3942 Macedonum

108 3961 163 4011 Vtar
170 3961 273 4022 Μένης.
284 3958 388 4011 Deinde
397 3961 557 4028 Apollodoro
565 3960 688 4012 mendose
723 3961 850 4028 equitibus
868 3962 929 4026 cet]
967 3959 1066 4012 Omnes
1084 3959 1161 4010 codd.
1180 3965 1207 4010 et
1226 3959 1325 4011 tradita

107 4013 166 4080 Rern.
181 4030 207 4080 Α
224 4026 300 4080 Flor.
318 4029 344 4079 A
367 4028 442 4081 Voss.
467 4036 498 4095 1,
527 4031 688 4097 Apollodoro
722 4028 837 4092 habent,
855 4029 926 4099 quod
942 4027 1023 4096 vulgo
1041 4024 1190 4091 anillitus,
1218 4034 1246 4079 et
1263 4027 1326 4078 Ma-

108 4080 161 4148 laid,
192 4097 332 4164 Relinquit
362 4096 472 4167 denique
505 4096 597 4167 optimi
628 4095 689 4149 libri
723 4100 863 4162 redonum,
886 4115 934 4167 pro
952 4113 1004 4165 quo
1022 4094 1109 4147 editur
1128 4095 1325 4147 Macedonibus.

107 4149 166 4217 Bam„
182 4170 207 4216 A
225 4164 300 4218 Flor.
320 4164 366 4216 ΑΒ
384 4165 457 4218 Leid.
476 4166 588 4232 Vossl,
607 4164 690 4219 ceteri
723 4164 778 4218 Sed
802 4166 896 4219 ultima
928 4165 1053 4217 mendosa
1078 4170 1148 4214 sunt.
1192 4163 1326 4232 Vulgatur

107 4231 252 4303 elvulgares
270 4230 398 4287 editiones
416 4236 534 4303 reliquit,
553 4236 623 4305 quod
640 4233 688 4286 mi·
723 4237 830 4288 ducenis
849 4235 1012 4315 pedestrium
1034 4232 1191 4299 stipendium
1210 4249 1326 4285 mensum

106 4304 143 4349 nur
157 4300 277 4355 convenit
291 4301 412 4371 sequenti
424 4302 538 4373 tempori
546 4302 688 4373 praesenti.
723 4314 769 4371 est,
789 4305 834 4370 sed
846 4322 874 4356 rn
887 4301 1018 4373 plerisque
1032 4298 1152 4353 omnibus
1165 4299 1237 4354 libris
1251 4300 1326 4353 mstis

133 4369 173 4422 duo
194 4373 270 4423 milia
293 4371 329 4423 iis
351 4373 460 4424 militurn
483 4391 539 4426 curn
561 4374 631 4425 mille
650 4383 688 4425 ta·
723 4372 920 4436 ammittitur,
939 4369 966 4423 in
984 4365 1116 4422 nonnullis
1140 4372 1266 4422 mensium
1289 4369 1325 4421 le-

106 4425 166 4490 lentis
187 4441 261 4506 dato]
297 4438 387 4509 Vulgo
413 4442 454 4495 bia
481 4443 689 4510 stapedium
722 4439 809 4511 gitur,
838 4458 917 4511 pono
946 4438 1040 4491 duceru'
1066 4435 1155 4490 estin
1177 4437 1248 4493 Flor.
1272 4437 1324 4492 AD
