2926 5174
187 315 238 387 44
658 325 692 388 Q.
721 323 845 376 curru
871 324 956 375 narr

187 515 372 614 quebatur,
399 510 557 609 opimum
583 506 691 581 decus
717 533 822 581 caeso
847 531 932 605 rege
959 515 1142 603 expetens.
1178 503 1336 604 'Quppe
1359 507 1420 582 Da·

185 650 269 699 reus
295 647 403 696 curru
428 619 588 694 sublimis
615 617 813 709 eminebat,
853 628 891 691 et
924 618 997 690 suis
1023 615 1071 689 ad
1095 641 1134 691 se
1159 615 1356 707 tuendum,
1390 629 1422 691 et

184 736 350 810 hostibus
375 731 424 805 ad
447 727 698 802 incessendum
723 729 848 825 ingens
874 729 1153 802 incitamentum.
1193 724 1295 823 Ergo
1321 730 1446 802 fraters

186 847 261 920 eius
278 843 471 931 Oxathres
498 864 579 913 oum
599 838 848 914 Alexandrum
872 841 1007 912 instare
1032 837 1065 911 ei
1080 846 1255 927 cerneret,
1284 841 1421 935 equites,

176 956 314 1052 quibus
339 961 514 1053 praeerat,
540 961 624 1023 ante
649 950 766 1047 ipsum
793 975 937 1024 currum
961 948 1055 1047 regis
1081 947 1232 1037 obiecit,
1259 950 1368 1024 armis
1392 960 1423 1023 et

184 1066 314 1139 robore
341 1064 499 1162 corporis
525 1063 678 1134 multum
704 1087 812 1159 super
839 1074 977 1134 ceteros
999 1060 1168 1149 eminens,
1195 1059 1320 1133 animo
1346 1087 1422 1134 vero

185 1185 223 1249 et
246 1176 380 1274 pietate
405 1177 443 1247 in
469 1171 699 1271 paucissimis.
763 1170 829 1245 lllo
854 1171 979 1267 utique
1005 1171 1140 1266 proelio
1167 1170 1308 1261 clarus,
1346 1174 1423 1246 ahos

183 1285 383 1384 improvide
409 1286 588 1358 instantes
616 1284 827 1381 prostravit,
867 1282 955 1354 ahos
980 1280 1017 1352 in
1042 1281 1165 1377 firgarn
1190 1283 1338 1355 avertit.
1380 1284 1445 1357 Ats

183 1396 409 1486 Macedones,
437 1395 546 1494 (circa
564 1419 688 1492 regern
701 1392 828 1490 erant)
855 1402 982 1465 mutua
1008 1388 1264 1464 adhortatione
1291 1395 1422 1484 firmati,

187 1532 268 1580 cum
293 1508 371 1604 ipso
397 1507 435 1578 in
461 1506 620 1602 equitum
647 1529 776 1601 agmen
800 1504 1012 1600 irrumpunt.
1071 1500 1163 1573 Tum
1188 1526 1283 1576 vero
1311 1505 1422 1577 similis

183 1616 308 1689 ruinae
335 1625 473 1714 strages
501 1628 587 1691 erat.
616 1612 718 1688 Circa
739 1640 882 1688 currum
893 1614 1002 1686 Darei
1027 1613 1193 1685 iacebant
1220 1614 1421 1688 nobilissimi

185 1726 313 1817 duces,
354 1736 438 1800 ante
465 1728 587 1799 oculos
613 1727 707 1823 regis
734 1726 877 1823 egregia
902 1731 1018 1796 morte
1044 1721 1214 1814 defimcti,
1243 1727 1420 1800 omnesin

184 1863 248 1912 ora
273 1837 395 1935 proni,
422 1838 515 1910 sicut
541 1835 750 1911 dimicantes
776 1837 1059 1935 procubuerant,
1095 1833 1254 1910 adverso
1283 1862 1417 1937 corpore

182 1949 391 2022 vulneribus
417 1948 582 2045 acceptis.
634 1947 734 2022 Inter
758 1949 825 2021 hos
851 1946 1010 2045 Atizyes,
1038 1954 1076 2018 et
1100 1945 1367 2040 Rheomithres,
1389 1958 1418 2022 et
1431 1965 1452 2014 1⁰

182 2056 329 2132 Sataces
364 2069 509 2156 praetor
534 2058 713 2158 Aegypti,
745 2082 957 2156 magnorum
989 2056 1216 2130 exercituum
1249 2061 1417 2157 praefecti,

181 2169 470 2242 noscitabantur:
497 2170 590 2242 circa
616 2192 678 2243 eos
698 2171 878 2243 cumulata
903 2176 982 2240 erat
1006 2166 1170 2264 peditum
1196 2171 1416 2267 equitumque

183 2279 369 2353 obscurior
407 2281 523 2352 turba.
588 2277 825 2355 Macedonum
860 2303 1001 2375 quoque
1033 2304 1108 2352 non
1140 2280 1293 2378 quidem
1318 2279 1415 2369 multi,

182 2389 248 2464 sed
272 2390 529 2487 promptissimi
562 2399 684 2462 tamen
718 2390 811 2462 oaesi
843 2399 942 2462 sunt:
981 2390 1075 2462 inter
1107 2416 1199 2487 quos
1227 2390 1414 2467 Alexandri

135 2507 138 2513 '
182 2499 351 2573 dextrum
376 2501 492 2571 femur
517 2500 645 2572 leviter
670 2525 840 2572 mucrone
871 2501 1101 2597 perstrictum
1133 2513 1200 2574 est.
1282 2503 1413 2600 Iamque
1426 2516 1447 2566 n

181 2611 242 2708 qui
254 2608 413 2682 Dareum
425 2609 608 2682 vehebant
628 2611 718 2707 equi,
745 2611 899 2684 confossi
919 2611 1032 2684 hastis
1059 2621 1096 2685 et
1122 2610 1251 2687 dolore
1279 2613 1411 2702 efferati,

179 2721 304 2818 iugum
336 2728 482 2816 quatere
514 2728 552 2792 et
585 2745 706 2818 regem
741 2746 847 2794 curru
886 2732 1055 2797 excutere
1094 2735 1309 2822 coeperant:
1346 2748 1413 2798 cum

177 2831 248 2921 ille,
274 2829 481 2903 veritusne
507 2829 612 2903 vivus
638 2831 778 2904 veniret
802 2833 839 2904 in
866 2831 1024 2904 hostium
1040 2843 1273 2931 potestatem,
1301 2834 1410 2924 desilit,

180 2951 217 3015 et
242 2941 280 3013 in
307 2965 447 3036 equum,
476 2940 535 3037 qui
562 2939 610 3013 ad
634 2941 704 3013 hoc
729 2942 848 3040 ipsum
873 2942 1105 3038 sequebatur,
1130 2943 1344 3042 imponitur:
1364 2945 1407 3016 in·

177 3050 336 3150 signibus
364 3075 504 3148 quoque
531 3050 687 3148 imperii,
712 3076 758 3124 ne
784 3053 906 3150 fugam
931 3051 1142 3160 proderent,
1168 3054 1339 3132 indecore
1359 3054 1409 3143 ab·

176 3257 261 3304 verat.
309 3248 380 3302 Nam
406 3249 502 3320 reliqui
528 3249 588 3303 libri
613 3248 665 3301 mei
691 3266 781 3302 omnes
817 3250 1249 3321 otDiodorum30u1tianihbri
1268 3259 1324 3313 fere
1342 3259 1413 3312 Tiro-

176 3317 401 3395 paulonrariorem
425 3318 536 3370 formam
559 3324 705 3396 servarunt:
741 3317 782 3370 cf.
816 3322 911 3386 imiter,
947 3321 1069 3375 BernB
1095 3321 1168 3377 Flor.
1192 3325 1223 3380 H
1254 3329 1412 3392 lborountes,

177 3385 300 3455 Append.
318 3399 358 3449 vr,
371 3390 462 3450 35,29.
480 3385 599 3436 Eandem
616 3383 783 3438 hbranorum
816 3387 879 3440 odit.
897 3405 938 3457 pr.
960 3390 1095 3444 Trountes.

177 3451 311 3506 licentiam
336 3452 407 3530 apud
423 3451 529 3503 Livium
545 3452 695 3505 observavit
712 3452 781 3532 Dra-
852 3457 962 3510 Sorores
980 3457 1100 3528 plerique
1117 3476 1209 3513 omnes
1218 3462 1292 3533 libri,
1311 3465 1412 3518 Sorores

177 3520 257 3574 kenb.
284 3519 318 3570 ad
344 3519 389 3571 bb.
416 3533 519 3586 xxxvr,
541 3526 583 3573 31.
617 3520 644 3571 A
662 3521 698 3573 ud
726 3521 781 3576 Cro.
814 3523 929 3581 BernB
947 3525 1018 3579 Flor.
1027 3525 1064 3593 H,
1081 3527 1170 3580 nullus
1188 3530 1287 3585 saltem
1299 3533 1411 3594 Sabaces,

175 3594 320 3655 utrumque
329 3585 356 3638 in
366 3586 415 3639 bac
424 3586 643 3656 significationeo
672 3588 779 3656 ciorum,
816 3609 869 3662 quo
900 3593 1006 3646 nomine
1038 3595 1181 3648 secundum
1207 3599 1318 3653 Arrian.
1343 3598 1411 3666 vulgo

175 3653 297 3709 inaltera
306 3655 433 3708 donorum
447 3672 665 3727 sempermunero
675 3657 778 3712 dicitur.
814 3660 977 3730 appellatur,
1005 3679 1065 3716 cum
1091 3664 1162 3733 apud
1179 3664 1294 3722 Diodor.
1313 3668 1347 3722 sit
1365 3671 1411 3718 Τα-

212 3725 278 3801 529·
296 3724 368 3775 circa
386 3741 471 3801 repent
490 3728 575 3793 eraut]
598 3723 779 3795 jldovvdr'rws
813 3731 917 3792 σιάκης.

175 3789 346 3861 exphcandae
371 3806 411 3843 rer
437 3809 514 3872 causa
539 3792 671 3874 adiectum
697 3802 778 3864 puta:
848 3799 870 3865 §.
891 3803 931 3848 11.
981 3799 1010 3850 ui
1027 3800 1065 3852 od
1080 3799 1128 3851 boc
1144 3801 1155 3851 i
1173 3818 1234 3855 sum
1253 3800 1409 3876 sequebatur]

174 3876 237 3913 nam
254 3859 325 3931 quod
342 3858 423 3979 vulgo
440 3860 538 3929 legitur
555 3871 583 3914 ut
601 3879 673 3941 carco
691 3879 778 3942 repens
811 3865 904 3932 Ipsam
930 3865 963 3916 ad
977 3865 1019 3945 “di
1036 3883 1071 3919 ex
1093 3817 1172 3920 codd
1197 3871 1267 3952 meis
1294 3871 1410 3929 omnibus.

174 3929 778 4067 tttttt.⁰tttttttttltt.tlt7tt
811 3932 891 4054 iiii
907 3931 1103 4056 ildiiillda
1130 3941 1408 4071 tttfttttltt

174 4063 228 4116 lem
244 4063 366 4116 similium
383 4065 562 4135 exemplorum
580 4065 641 4117 vide
656 4065 778 4118 collatam
811 4070 907 4121 siluere
925 4071 954 4120 in
972 4074 1093 4138 scaphas,
1123 4089 1192 4140 quoe
1210 4050 1406 4146 adholsirmam

57 4128 64 4146 '
174 4147 192 4183 a
208 4130 343 4185 Drakenb.
362 4133 397 4185 ad
413 4132 471 4185 Liv.
488 4148 537 4199 xa,
557 4139 599 4185 57.
806 4146 988 4205 praeparatae
997 4141 1178 4218 sequebantur,
1198 4145 1406 4198 sedularum

209 4201 232 4265 ξ.
244 4205 284 4251 10.
302 4200 420 4269 Atizyes]
440 4199 551 4254 Plurimi
569 4201 645 4254 codd.
663 4201 776 4268 Atizr'es,
811 4221 916 4256 causam
934 4206 1035 4258 consrln
1052 4207 1217 4278 exprimendi
1235 4213 1405 4271 habuithanc,

173 4264 245 4318 Flor.
263 4267 290 4318 A
306 4266 387 4320 Bern.
407 4271 434 4321 A
451 4286 511 4322 cum
528 4267 601 4320 Leid.
620 4276 648 4320 et
665 4269 742 4323 Voss.
762 4279 773 4322 1
811 4272 883 4340 quod
908 4288 977 4341 equa
1003 4282 1061 4327 erat
1087 4275 1199 4344 delecta,
1229 4297 1300 4360 quae
1324 4289 1406 4334 recens

174 4335 291 4456 Atqqies,
309 4334 437 4389 Arrianus
450 4336 583 4400 Ἀτιζύης.
809 4347 958 4409 pepererat,
979 4357 1032 4409 quo
1041 4342 1117 4396 citius
1126 4343 1259 4402 desiderio
1268 4348 1334 4418 pulli
1342 4349 1405 4399 mota

183 4430 187 4437 ·
251 4404 395 4471 eomittres]
413 4404 483 4458 idem
500 4413 541 4458 est
554 4403 776 4474 apudArrianum
809 4422 900 4478 regem
916 4407 986 4478 fuga,
997 4411 1118 4464 auferret.
1162 4412 1226 4470 Hoo
1242 4416 1361 4471 Freinsb
1376 4425 1404 4464 ex
