2926 5174
505 303 553 351 nn
580 300 708 353 ansus
734 302 841 351 anax.
868 302 918 370 1v,
946 299 987 347 ss.
1298 280 1369 354 107

97 488 182 575 dem,
212 481 344 587 haud
364 485 504 581 procul
527 484 643 557 insula
670 484 789 557 Pharo
816 485 939 575 sitam,
966 485 1081 573 venit,
1108 486 1370 581 contemplatus

98 598 150 671 loci
181 605 414 685 naturam,
448 595 599 692 primum
631 596 669 667 in
700 595 779 692 ipsa
812 596 928 669 insula
955 605 1130 668 statuerat
1156 596 1283 668 urbem
1309 622 1371 667 no·

102 733 166 781 vam
208 703 418 778 condere.
482 705 588 798 Inde,
630 718 672 779 ut
702 707 869 804 apparuit
902 732 1054 805 magnae
1087 707 1182 779 sedis
1218 708 1372 779 insulam

103 817 182 892 haud
211 841 423 914 capacem
449 843 539 908 esse,
575 819 685 915 elegit
710 817 790 890 urbi
814 820 949 909 lotum,
985 819 1048 891 uhi
1078 842 1173 890 nune
1206 827 1263 890 est
1287 817 1371 890 Ale·

107 929 245 1005 alandria
251 985 264 1019 ,
300 929 598 1026 appellationem
629 929 777 1001 trahens
805 955 853 1002 ex
878 929 1022 1002 nomine
1048 929 1213 1002 auctoris.
1268 926 1370 1003 Com·

109 1045 218 1140 plexus
249 1039 454 1137 quicquid
478 1040 543 1113 soli
577 1051 634 1112 est
658 1039 752 1112 inter
777 1040 947 1138 paludem
973 1066 1014 1113 ac
1040 1066 1155 1132 mare,
1188 1042 1372 1140 octoginta

113 1153 307 1226 stadiorum
351 1152 473 1224 muris
506 1152 680 1224 ambitum
715 1150 885 1243 destinat3
922 1164 960 1224 et
994 1154 1054 1248 qui
1081 1151 1371 1225 exaedificandae

95 1265 175 1337 aubi
195 1274 448 1362 praeessent
471 1262 611 1352 relictis,
637 1259 833 1360 Memphim
858 1264 959 1362 petit.
1014 1260 1168 1361 Cupido,
1185 1263 1293 1336 'haud
1318 1264 1369 1335 in·

119 1375 190 1448 iusta
213 1372 412 1472 quidem,
445 1383 600 1445 ceterum
633 1373 905 1472 intempestiva,
936 1377 1150 1464 incesserat,
1183 1398 1257 1449 non
1282 1376 1372 1448 inte·

126 1487 195 1560 riora
225 1482 366 1558 modo
407 1482 579 1582 Aegypti,
610 1483 676 1558 sed
701 1486 810 1558 etiam
835 1485 1062 1583 Aethiopiam
1089 1487 1259 1559 invisere:
1299 1485 1372 1559 Me·

119 1598 232 1671 anonis
265 1594 510 1691 Tithonique
542 1597 723 1670 celebrata
751 1597 850 1693 regia
881 1598 1149 1696 cognoscendae
1183 1598 1372 1672 vetustatis

94 1708 239 1782 avidum
270 1705 470 1779 trahebat
492 1731 605 1802 paene
632 1701 738 1780 extra
763 1709 935 1782 terminos
962 1709 1056 1781 solis.
1098 1707 1171 1783 Sed
1183 1710 1371 1783 imminens

114 1817 244 1910 belum,
286 1818 416 1891 ciuus
448 1818 557 1889 multo
583 1818 698 1891 maior
731 1830 919 1917 supererat
944 1820 1073 1907 moles,
1110 1820 1245 1893 otiosae
1271 1845 1371 1917 pere·

110 2078 169 2133 detur
186 2097 262 2134 esse.
320 2076 521 2131 Veruntamen
548 2076 671 2132 Curtium
697 2079 731 2130 ad
767 2081 818 2133 soli
839 2089 1029 2148 occupaverant
1051 2081 1155 2133 eastris.
1191 2078 1262 2131 Illud
1284 2085 1374 2132 autem

110 2150 223 2218 poetam
259 2145 396 2202 dicendi
432 2145 559 2199 rationem
590 2145 732 2200 acrioribus
767 2148 853 2202 solum
876 2147 975 2202 Strabo
1002 2166 1049 2202 sua
1074 2156 1164 2201 aetate
1190 2155 1224 2202 30
1251 2147 1319 2200 stad
1345 2146 1374 2201 in

111 2218 273 2290 scriptoribus
285 2230 475 2270 communem
483 2232 641 2286 quamquam
656 2224 733 2268 caute
768 2217 977 2287 longitudinem,
1002 2225 1015 2270 7
1039 2226 1086 2271 aut
1108 2221 1124 2270 8
1150 2217 1178 2270 iu
1196 2214 1374 2283 latitudinem,

110 2287 143 2340 ad
204 2285 348 2340 etentim
368 2290 465 2335 tamen
477 2283 612 2338 accessisse
625 2301 680 2338 non
693 2292 734 2337 est
768 2286 848 2355 longe
865 2285 948 2356 igitur
964 2285 1074 2356 amplius
1090 2304 1169 2355 quam
1182 2283 1376 2339 volueratAle-

110 2371 135 2476 ἓν
178 2371 344 2427 negemus.
388 2351 434 2404 cf.
457 2352 490 2404 de
506 2351 591 2423 poetis
608 2351 734 2405 Ruddim.
768 2356 879 2421 rander,
898 2353 1012 2426 patuisse
1029 2353 1113 2407 tradit
1130 2355 1175 2408 lib.
1192 2369 1264 2407 xvn.
1290 2352 1377 2407 Paulo

125 2432 205 2493 yntsx.
230 2443 262 2496 p.
290 2427 359 2476 284
392 2418 486 2473 Stallb.
508 2435 532 2472 11
557 2428 612 2474 not.
631 2427 679 2487 883
701 2422 736 2473 de
770 2432 832 2493 post
849 2441 882 2476 aa
900 2441 972 2476 raare
994 2423 1113 2494 plerique
1135 2432 1163 2477 et
1187 2422 1281 2493 optimi
1298 2422 1375 2475 oodd.

112 2499 226 2546 terrarum
247 2487 431 2546 nominibus
447 2490 515 2558 apud
528 2489 659 2560 prosarios
674 2489 736 2543 scri-
770 2511 819 2562 pro
836 2491 907 2562 vulg.
926 2502 949 2544 et
967 2510 1047 2545 mare.

111 2569 184 2684 glarea
199 2579 256 2616 nos
278 2559 313 2612 in
338 2574 461 2628 gramm.
474 2558 531 2611 Lat.
547 2561 629 2626 §.398
646 2565 735 2611 notl.
806 2563 851 2629 qai
882 2562 1095 2627 exaedtficaaclae
1126 2561 1187 2613 arbi
1209 2559 1376 2629 praeessent]

129 2631 204 2685 artius
224 2646 327 2700 supra
351 2640 411 2691 111,
436 2631 506 2696 9pr.
521 2629 651 2696 regionem
670 2643 736 2696 qaae
771 2629 827 2680 Vul
846 2647 863 2682 0
907 2630 1105 2697 aedfieandae,
1151 2646 1199 2681 nos
1241 2645 1269 2681 se
1289 2625 1378 2679 uimur

113 2711 185 2754 matra
205 2700 283 2768 Cyri
305 2695 476 2766 appellatur
487 2706 651 2764 pervenerat,
671 2712 736 2764 quo-
770 2697 818 2750 Lei
839 2737 845 2749 .
864 2697 970 2751 00001
998 2698 1078 2750 Bern.
1103 2697 1129 2750 A
1157 2696 1228 2750 Flor.
1247 2697 1273 2750 A
1309 2695 1377 2749 CH.

113 2784 160 2820 enm
182 2768 320 2822 conferas
357 2762 430 2815 Tac.
451 2763 484 2816 A.
506 2778 550 2830 vr,
573 2771 606 2817 44
633 2765 686 2817 iam
705 2781 737 2815 ue
771 2768 926 2820 Dinocratt's
953 2764 1092 2818 architecti
1117 2783 1198 2835 opera
1224 2765 1378 2817 Alexander

110 2839 303 2918 propinqua
331 2832 479 2885 Seleuciae
495 2834 658 2885 adventabat.
685 2781 708 2884 1ς

115 2903 175 2958 tilius
193 2915 284 2959 etmm
318 2901 361 2954 fit
392 2897 441 2951 ubi
461 2899 546 2969 gentis
564 2918 658 2953 nomen
676 2918 737 2972 pro·
773 2920 851 2973 quem
870 2902 939 2954 Plin.
958 2903 986 2955 in
1003 2910 1058 2955 nat.
1076 2901 1138 2955 hist.
1156 2901 1224 2953 male
1242 2901 1376 2952 Dinocha-

116 2973 189 3042 prlam
203 2982 267 3028 est:
290 2971 390 3025 Curt.
411 2981 457 3033 IX,
483 2975 513 3022 31
533 2971 593 3022 iade
610 2970 736 3022 Praestos
772 2990 826 3024 rem
844 2970 977 3024 nominat:
1001 2971 1062 3022 vide
1080 2969 1137 3022 Silli
1158 3010 1164 3021 .
1183 2969 1294 3038 catalog.
1312 2965 1377 3018 arti-

121 3043 232 3110 stipsam
250 3041 371 3096 Indiae
394 3045 495 3104 qeatem
516 3048 668 3106 perventum
691 3047 736 3090 est.
771 3041 812 3092 fic.
835 3058 861 3109 p.
885 3044 933 3092 185
961 3057 973 3091 0
996 3078 1001 3088 .
1036 3039 1103 3092 Mox
1147 3039 1272 3106 lemphim
1297 3034 1378 3104 vulgo

123 3106 185 3162 Hine
201 3124 251 3176 vr,
286 3114 330 3162 24
362 3105 496 3172 Dranqat
519 3108 637 3174 pervenit
664 3115 737 3160 reete
772 3107 861 3160 editur
884 3123 933 3159 nee
954 3057 1010 3160 ulla
1035 3106 1150 3159 varietas
1175 3123 1189 3158 e
1216 3105 1290 3158 codd.
1318 3119 1378 3155 mss.

127 3176 264 3246 suppletum
279 3192 353 3230 esse
372 3169 435 3224 veri
452 3171 532 3226 simile
548 3175 588 3227 ht.
624 3175 688 3228 Tae.
702 3177 736 3226 A.
772 3184 892 3242 notatur,
910 3175 1017 3229 Modius
1034 3183 1124 3228 tamen
1142 3175 1284 3242 Memphin.

126 3252 222 3312 111,ss
248 3249 361 3300 dactus
389 3242 453 3293 iude
472 3241 574 3312 Caayos
598 3246 736 3308 exereitus,
808 3248 831 3313 ς.
850 3252 874 3299 3.
894 3247 989 3313 cupido
1006 3276 1042 3285 -
1059 3247 1202 3296 incesserat
1219 3273 1252 3280 -
1267 3241 1379 3294 invisere

122 3324 166 3382 111,
181 3321 209 3368 51
229 3317 293 3386 ,pse
315 3325 457 3383 praeceps
468 3310 554 3365 Iberos
568 3315 606 3365 ad
617 3313 738 3382 patriam
772 3332 823 3384 pro
841 3315 981 3367 turisendi.
1009 3313 1054 3366 sic
1071 3312 1187 3365 Iustinus
1204 3325 1257 3378 x11,
1277 3317 1290 3363 7
1310 3316 1379 3362 extr.

120 3399 213 3452 regnam
226 3380 385 3455 procedit.
774 3393 866 3453 captas
900 3383 988 3452 itaque
1018 3383 1140 3435 caldine
1169 3381 1293 3434 Herculis
1319 3387 1379 3430 acta

146 3455 167 3521 ς.
183 3460 206 3506 7.
244 3451 336 3506 haud
357 3464 393 3500 ca
415 3463 483 3526 atem
500 3451 565 3515 esse]
583 3450 740 3502 Extremam
774 3468 909 3521 superare.
947 3451 1016 3505 Vide
1039 3401 1123 3504 lirak.
1145 3451 1179 3502 ad
1204 3448 1262 3502 Liv.
1286 3461 1335 3513 111,
1354 3452 1379 3512 4,

118 3518 175 3574 haue
201 3537 311 3575 vocem
355 3532 374 3567 a
405 3531 444 3568 0οι
473 3525 580 3587 propter
611 3517 740 3570 librorum
776 3528 838 3575 aet
855 3537 921 3591 quos
943 3519 1009 3573 alios
1033 3520 1124 3572 laudat
1142 3517 1330 3570 Stallhaumius
1352 3513 1381 3568 in

117 3598 237 3644 marum
257 3600 445 3649 eonsensum,
463 3600 545 3655 aquo
562 3587 651 3638 abesse
661 3586 739 3638 Voss.
775 3606 844 3642 nova
866 3588 929 3640 edit.
952 3587 1072 3640 Institut.
1090 3587 1267 3639 Ruddirnann.
1303 3584 1380 3637 Tom.

119 3655 350 3730 lnagligentiae
379 3650 506 3705 adscribo.
541 3653 616 3707 Voss.
638 3661 653 3708 2
680 3655 739 3716 sore
774 3672 812 3722 11,
838 3676 865 3726 p.
889 3662 948 3709 225.
984 3655 1133 3709 Memnonis
1159 3655 1233 3725 regia
1255 3651 1381 3709 Straboni

118 3724 198 3780 habet
774 3726 972 3778 monstrabatur
1001 3724 1091 3794 Abydi
1120 3722 1311 3794 videbaturque
1342 3719 1382 3773 illi

122 3789 445 3918 ..ltlttfftthtl
460 3788 742 3926 303300111ᾱοῖ1917
776 3789 1383 3929 ⁰ltttlllltlll‘slttutltlfttt

122 3930 191 3986 mirer
208 3928 398 3986 Snakenbur
418 3922 468 3975 ‘um
490 3926 522 3977 de
540 3875 592 3978 suis
610 3898 742 3980 codicibus
777 3936 806 3981 et
823 3928 923 3981 Ritteri
941 3946 1032 4009 geogr.
1050 3930 1077 3997 l,
1101 3947 1126 3998 p.
1147 3934 1195 3980 770
1215 3929 1316 3995 seqq.):
1336 3924 1384 3978 sed

123 3997 221 4054 laudare
242 4005 383 4071 tantum·
419 4009 467 4045 oss.
484 4000 513 4061 2,
531 4011 617 4065 neque
634 4011 744 4075 persua·
780 4015 812 4050 ea
828 4006 917 4050 tamen
939 4015 1027 4051 omma
1044 3996 1071 4049 in
1093 3994 1227 4066 superiore
1248 3996 1382 4073 Aegypto,

124 4067 175 4121 dere
198 4067 274 4122 mihi
300 4078 413 4134 pos⁸1m
438 4078 490 4114 non
514 4062 585 4115 idem
610 4072 693 4116 etiam
718 4061 745 4115 in
780 4083 833 4119 non
851 4065 879 4118 in
896 4064 1051 4135 Aethiopia,
1070 4064 1143 4118 cuius
1160 4079 1208 4115 rex
1225 4065 1312 4130 po'e'tu
1329 4069 1385 4114 tra-

124 4132 187 4190 10ὶο,
206 4138 298 4190 Voss.
321 4138 337 4182 1
359 4127 449 4180 fuisse.
480 4130 570 4184 Habet
587 4131 668 4184 etism
686 4130 745 4184 Mo·
780 4135 893 4187 debatur
918 4133 996 4188 luisse
1016 4133 1144 4186 Memnon
1171 4129 1280 4199 eiusque
1307 4137 1386 4200 pater

125 4203 192 4258 diana
210 4200 321 4258 editio.
348 4197 430 4248 Adeo
446 4206 546 4252 veteres
564 4199 625 4253 novi
646 4216 746 4252 aecor·
781 4203 921 4256 Tithonus.

125 4282 234 4327 ratores
264 4263 447 4341 proprietati
474 4268 597 4321 sennonis
625 4218 745 4322 garriant
816 4277 840 4338 §.
867 4279 891 4323 4.
932 4271 1029 4323 otiosae
1061 4267 1282 4336 peregrinatione]
1323 4265 1387 4320 Non

129 4347 288 4395 aruerunt:
332 4349 402 4384 nam
432 4335 511 4387 solam
539 4336 567 4389 id
592 4335 679 4406 ipsum
705 4345 746 4388 est
780 4340 848 4391 male
874 4338 945 4390 Flor.
968 4338 991 4389 B
1019 4338 1121 4390 otiosae
1143 4335 1385 4403 peregrinationis:

132 4411 190 4475 quod
205 4403 378 4481 poscimus,
403 4397 472 4453 sieut
487 4416 544 4474 vu,
565 4410 605 4458 ’78
623 4414 746 4475 quantam
780 4407 824 4461 alii
841 4406 901 4460 libri
919 4404 992 4460 Voss.
1013 4411 1025 4458 1
1050 4411 1079 4456 et
1095 4402 1166 4473 Flor.
1185 4401 1283 4456 GDEF
1300 4403 1381 4456 otiose

709 2849 737 2884 a·
771 2833 886 2887 maxime
899 2833 925 2886 in
941 2852 1010 2888 nova
1024 2835 1089 2887 urbe
1103 2852 1178 2885 usum
1193 2849 1249 2885 esse
1262 2839 1375 2898 constat,
