2926 5174
583 292 779 345 ssvvnmx.
1224 277 1297 350 387

149 477 241 552 5.17.
280 479 442 554 sntiqatione
460 479 619 553 continuata]
640 479 755 555 futiqati
770 487 840 536 cont.
866 477 946 536 Flor.
962 479 994 537 Ε
1015 478 1103 538 Voss.
1122 481 1159 555 2,
1184 487 1297 546 sentati-

60 566 122 640 903
136 566 256 622 continui
270 564 351 622 Flor.
370 563 402 620 H
425 561 514 620 Bern.
532 562 568 621 B.

148 650 173 722 S.
193 651 241 706 18.
281 659 306 706 et
323 651 352 706 in
369 649 488 723 asperis]
508 657 534 705 et
550 650 655 723 asperas
672 648 751 706 Flor.
767 648 843 706 DFI
860 648 950 723 Mod,
968 659 993 707 et
1010 652 1127 725 aspretis
1144 651 1224 710 Flor.
1235 652 1296 711 ΕΗ

61 733 148 791 Bern.
165 734 201 807 B,
223 745 249 792 et
265 737 388 809 aspersis
409 733 488 790 Flor.
506 732 547 792 G.
592 735 735 808 nnvntu]
760 736 886 791 rimantis
909 735 997 792 Bern.
1015 735 1047 793 A
1071 735 1153 795 Laid.
1170 737 1259 796 Voss.
1278 741 1293 795 l

59 819 140 877 Flor.
157 820 230 893 AB,
253 821 412 877 rimantium
436 819 514 878 Flor.
534 817 575 877 G.
619 820 724 894 790000]
747 819 838 876 omit-t.
861 820 940 878 Flor.
957 821 990 879 H
1015 821 1102 878 Bern.
1120 823 1157 880 Β.
1201 841 1297 898 specus

60 906 137 981 infra
153 906 194 980 se]
210 909 312 980 'spesve'
328 906 405 980 infra
428 923 456 961 se
478 905 617 978 1110011,
645 907 739 979 specui
762 907 837 961 intra
857 923 887 962 se
904 905 1017 964 Flanl
1045 906 1110 963 Pal.
1129 909 1165 981 1,
1187 912 1298 984 sumum

59 1008 158 1064 spectes
175 993 295 1066 infense
312 992 445 1048 evolutum
462 999 487 1046 et
504 1009 533 1047 os
551 1009 648 1065 speetu
664 990 700 1047 de
717 989 878 1048 coniectura
894 987 1031 1050 Palmati
1047 991 1122 1049 edid.
1140 992 1221 1051 Mod.

18 1132 24 1149 ‚
147 1072 219 1152 Cap.
238 1076 289 1150 43,
307 1078 333 1150 S.
352 1075 403 1132 20.
430 1084 599 1150 conspectum
616 1077 765 1150 oculorum]
787 1073 888 1134 omia.
906 1069 1044 1135 savinum
1060 1076 1211 1136 Ε100.Ι)Ε
1229 1079 1295 1137 edit.

146 1246 172 1319 S.
190 1246 240 1302 22.
282 1254 459 1321 vocatumque
479 1244 600 1321 Cophen]
619 1245 669 1303 Ex
693 1246 771 1304 Flor.
789 1245 861 1303 nihil
876 1264 895 1302 0
913 1246 992 1323 vulg.
1020 1245 1134 1322 Capina
1150 1247 1297 1307 diversum

58 1339 204 1389 enotutum
233 1339 294 1405 est,
323 1332 374 1389 sed
405 1330 515 1406 Cephen
544 1331 631 1389 Bern.
656 1331 688 1389 A
715 1331 797 1390 Laid.
825 1331 915 1390 Vasa.
945 1334 960 1388 1
993 1332 1060 1391 edit.
1090 1352 1153 1408 pn,
1184 1331 1295 1409 Capuan

59 1415 147 1473 Bern.
165 1416 200 1473 B.
823 1451 830 1466 ·

147 1504 172 1575 S.
189 1502 240 1559 23.
280 1502 418 1577 coepisset]
439 1504 583 1576 coepissent
599 1501 679 1559 Flor.
697 1502 757 1560 ΕΗ
774 1501 860 1559 Bern.
878 1502 916 1559 B.
949 1501 1059 1577 Cophen
1076 1502 1158 1579 iuhet]
1181 1501 1294 1580 Capina

59 1585 177 1645 retinuit
194 1585 283 1648 Snak.
301 1607 354 1645 nea
370 1588 535 1659 annotavit,
563 1605 654 1663 neque
671 1607 709 1645 ex
725 1588 804 1645 Flor.
822 1587 974 1662 quicquam
992 1595 1139 1647 enotatum
1155 1596 1216 1663 est,
1244 1589 1295 1648 sed

57 1671 143 1730 Bam.
160 1672 193 1730 A
209 1673 276 1734 edit.
295 1693 340 1750 pr.
358 1673 430 1731 Ald.
448 1673 515 1730 Iun.
532 1672 611 1731 Mod.
633 1673 753 1749 Cophen,
771 1674 857 1731 Bern.
875 1672 902 1730 B
923 1672 1044 1748 Cophen.
1087 1674 1162 1732 Item
1180 1676 1206 1750 S
1224 1675 1275 1733 26.

143 1759 168 1833 5.
188 1759 238 1816 27.
283 1759 477 1834 condicionem]
495 1759 615 1816 Annato
633 1759 674 1817 sic
691 1777 755 1817 0000
771 1759 802 1817 in
819 1758 907 1817 Bern.
925 1759 957 1817 A
975 1761 1040 1834 (per
1057 1760 1095 1835 0).

578 1979 655 2074 viv.
677 2014 770 2073 vm.

143 2181 216 2261 Cap.
243 2186 278 2258 l,
306 2187 331 2259 S.
356 2187 384 2243 1.
416 2193 532 2260 propter
548 2187 658 2261 napum]
682 2195 798 2262 propter
815 2185 1027 2259 mupnitudv‘nem
1042 2203 1142 2260 vapvns
1164 2187 1289 2246 Voss.2

58 2268 145 2328 Bern.
167 2270 204 2328 B.
250 2270 370 2347 Ooenvn]
393 2270 487 2327 Canon
503 2269 582 2328 Flor.
600 2272 657 2345 DI,
676 2290 799 2329 cenantem
815 2269 894 2328 Flor.
912 2270 944 2327 H
961 2270 1048 2327 Bern.
1063 2271 1099 2328 B.

143 2357 168 2430 S.
187 2356 216 2412 2.
251 2359 504 2431 perseveraverant]
522 2367 731 2430 perseverarunt
754 2356 834 2415 Flor.
851 2356 912 2413 ΕΗ
929 2355 1015 2414 Bam.
1033 2357 1069 2414 B.

141 2443 167 2514 5.
185 2443 214 2498 4.
259 2461 328 2518 quae
345 2450 424 2499 erant
439 2444 517 2515 forte
534 2460 628 2518 canvpa
646 2444 765 2518 iunctae]
792 2461 863 2517 quae
883 2444 957 2519 forte
979 2460 1074 2516 cumpo
1091 2452 1171 2500 nant
1186 2446 1293 2502 iunctae

56 2527 134 2586 Flor.
152 2527 240 2600 DFI,
257 2536 283 2585 et
299 2544 369 2602 quae
378 2530 454 2602 sorte
472 2545 567 2602 campo
585 2539 664 2586 erant
680 2531 786 2589 iunctae
803 2529 883 2586 Flor.
902 2526 950 2601 G,
974 2538 1000 2584 et
1009 2531 1085 2603 forte
1103 2538 1182 2586 erant
1198 2548 1293 2605 campa

56 2614 162 2671 iunctae
178 2612 246 2670 edit.
264 2612 344 2672 Mod.
364 2611 506 2670 sedidem
526 2612 558 2669 in
581 2614 657 2672 notis
682 2624 707 2670 et
724 2623 803 2670 erant
820 2617 895 2690 farte
919 2613 1012 2672 voluit
1032 2613 1156 2690 dicitque
1173 2615 1300 2692 vulgata.

55 2697 225 2774 elegantius.
266 2699 309 2756 Et
330 2700 405 2775 forte
430 2716 525 2773 eampo
549 2709 628 2756 nant
651 2702 757 2757 iunctae
781 2699 972 2774 fragmentum
996 2699 1100 2757 0001ἰο10
1125 2701 1291 2777 Herbipoli-

56 2792 165 2842 tanum.

141 2870 166 2942 5.
184 2869 213 2926 5.
247 2869 407 2944 solutisque]
426 2871 521 2926 volutis
538 2867 617 2925 Flor.
635 2867 695 2925 ΕΗ
713 2868 799 2925 Bern.
817 2869 843 2924 B
861 2866 950 2925 11000.
969 2869 999 2925 2.

140 2956 167 3028 5.
185 2957 214 3016 6.
258 2952 371 3030 Dahae]
390 2956 473 3012 Daue
489 2954 578 3012 Bam.
592 2954 624 3012 A
640 2953 723 3017 Leid.
741 2954 832 3012 Voss.
851 2954 878 3026 1,
895 2953 1011 3011 Daciae
1028 2953 1144 3012 Flavii
1162 2953 1251 3012 Voss.
1270 2955 1288 3011 2

52 3039 121 3098 edit.
139 3058 198 3114 pn,
214 3041 312 3098 Daaae
329 3039 417 3099 Bern.
436 3040 462 3097 B
480 3039 547 3098 edit.
564 3040 635 3098 Ald.
679 3040 753 3098 Item
770 3047 878 3115 postea.

141 3126 166 3199 S
187 3125 235 3182 12.
277 3125 426 3200 spatiosas]
452 3128 585 3201 spatiosas
602 3124 692 3184 Voss.
713 3127 727 3182 1
748 3125 829 3183 Flor.
849 3122 948 3198 CEH,
972 3127 1108 3200 speciosas
1124 3125 1213 3185 Bern.
1230 3125 1289 3183 AB

51 3207 139 3269 Laid.
157 3210 237 3268 Flor.
255 3209 314 3270 AB
331 3210 421 3271 Voss.
439 3212 468 3268 2.

140 3297 167 3370 S
189 3297 239 3354 14.
281 3299 330 3372 qui
352 3306 446 3372 pastea
466 3298 599 3371 reqnuvs't]
632 3297 731 3355 Verba
758 3297 828 3354 haee
851 3295 959 3355 omissa
983 3304 1051 3354 sunt
1073 3295 1104 3354 in
1127 3296 1206 3354 Flor.
1229 3295 1290 3353 ΕΗ

51 3380 183 3439 Bern.B
201 3381 291 3440 Voss.
309 3383 338 3440 2.
373 3382 497 3457 obiicere]
517 3382 619 3440 obicere
636 3383 723 3440 Bam.
742 3383 800 3440 AB
823 3381 905 3440 Leid.
924 3383 1013 3441 Vasa.
1032 3384 1048 3438 1
1076 3383 1106 3460 (0
1122 3383 1201 3442 Flor.
1219 3382 1290 3440 nihil

53 3468 91 3524 nd
108 3467 185 3526 hune
201 3468 317 3542 quidem
334 3469 386 3526 100
404 3475 534 3525 notatum
552 3469 621 3543 est).

139 3554 165 3626 S.
186 3554 235 3612 18.
271 3554 389 3629 detecta]
411 3555 515 3611 dilectis
531 3553 610 3611 Flor.
627 3551 773 3612 ABCEH
790 3553 879 3611 Bern.
897 3553 924 3611 B
941 3552 1006 3613 Pal.
1026 3556 1055 3614 1.

141 3635 212 3714 Cup.
231 3639 268 3712 3,
286 3641 311 3713 5.
331 3640 380 3697 19.
424 3640 607 3714 euvusata‘one]
626 3641 808 3697 evcusats'onis
824 3638 916 3701 Voss.
937 3641 951 3696 1
978 3641 1065 3698 Bam.
1082 3641 1114 3699 A
1131 3640 1210 3698 Flor.
1228 3640 1268 3696 A.

139 3725 164 3797 S.
184 3723 234 3782 25.
269 3727 398 3800 usquam]
417 3743 611 3799 usquequaque
628 3726 707 3783 Flor.
724 3725 756 3782 H
773 3725 861 3782 Bura.
881 3725 917 3785 B.

140 3806 213 3884 Cap.
232 3811 262 3882 4,
279 3812 306 3883 S.
326 3809 377 3868 27.
412 3807 536 3886 inqrata]
553 3819 579 3866 et
600 3811 710 3885 inprata
726 3810 805 3868 Flor.
823 3809 909 3868 CEH
926 3810 1013 3867 Bern.
1031 3810 1058 3866 Β
1076 3808 1164 3866 Voss.
1183 3809 1212 3864 2.
1247 3825 1288 3863 se-

55 3894 188 3969 nioribus]
206 3894 339 3953 ueteribus
355 3895 444 3953 Bern.
462 3894 500 3952 B.
681 3904 683 3911 '

139 3981 165 4054 S.
184 3979 235 4036 28.
278 3982 347 4038 satis
363 3981 482 4055 sobrius]
500 3980 607 4037 sobrius
624 3982 692 4044 satis
709 3979 788 4038 Flor.
808 3977 892 4037 CEH
910 3979 997 4037 Bern.
1016 3979 1053 4038 B.
1083 3979 1183 4054 posset]
1200 3979 1289 4053 possit

55 4063 157 4122 vitiose
172 4064 256 4123 Laid.
275 4065 365 4124 Voss.
387 4067 414 4122 1.
432 4067 450 4122 2
475 4065 561 4122 Bern.
579 4066 620 4123 A.

138 4152 163 4223 5.
187 4151 238 4207 31.
281 4152 423 4227 aeneaque]
441 4153 611 4224 tenuioresque
628 4151 707 4208 Flor.
724 4149 784 4207 ΕΗ
802 4150 889 4206 Bes-n.
909 4147 935 4204 B
953 4149 1020 4206 edit.
1038 4150 1119 4208 Mod.

138 4236 164 4308 S.
183 4236 234 4292 32.
269 4238 465 4311 imperaturus]
485 4237 680 4310 impetraturus
697 4235 826 4292 110οΑ
842 4233 929 4292 Bern.
949 4233 980 4292 A
998 4255 1016 4291 a
1034 4254 1073 4297 m.
1092 4253 1135 4312 pr.
1154 4233 1236 4293 Leid.

138 4322 164 4393 5.
183 4321 234 4378 33.
269 4322 344 4396 vino]
362 4341 416 4379 una
433 4322 512 4380 Fiat.
530 4318 692 4380 CDEFHI
710 4321 796 4378 Barn.
814 4319 840 4377 B
857 4318 922 4376 Ρο1.
939 4320 953 4375 1
975 4319 1064 4379 Voss.
1083 4323 1113 4377 2.

138 4406 164 4478 S.
183 4406 233 4462 34.
270 4403 318 4463 Ad
333 4406 471 4486 ultimam]
489 4406 530 4463 Et
547 4409 586 4465 aa
604 4409 726 4466 ultimum
742 4407 822 4464 Flor.
841 4403 926 4462 CEH
945 4406 1074 4465 Be1·n.B
1096 4405 1185 4466 Voss.
1204 4406 1232 4463 2.
