2926 5174
199 315 247 386 28
499 335 508 344 ·
667 334 701 396 Q.
727 333 851 384 cuaru
875 333 961 384 auu

195 516 309 590 Aetas
341 541 483 613 quoque
517 516 581 589 vix
612 517 723 589 tantis
755 525 896 588 matura
920 515 1046 604 rebus,
1080 513 1146 587 sed
1170 514 1317 588 abunde
1343 519 1457 590 sulii-n

196 627 310 716 ciens,
350 628 469 699 omnia
501 627 576 700 eius
612 652 722 724 opera
747 626 973 700 honestabat.
1020 625 1069 698 Et
1095 649 1186 721 quae
1212 625 1353 700 leviora
1376 629 1426 701 ha·

195 737 274 811 beri
308 729 441 827 solent,
476 738 685 836 plerumque
716 737 753 808 in
780 761 819 809 re
850 737 994 809 militari
1019 737 1177 834 gratiora
1204 738 1317 834 vulgo
1344 748 1427 829 sunt,

195 848 404 921 exercitatio
436 848 596 944 corporis
625 848 720 919 inter
753 847 867 944 ipsos,
900 848 1016 920 cultus
1046 847 1264 944 habitusque
1291 850 1428 946 paulum

196 959 385 1056 aprivato
420 959 633 1046 abhorrens,
665 958 826 1031 militaris
860 959 976 1055 vigor3
1013 957 1091 1053 quis
1126 957 1183 1030 ille
1216 959 1279 1031 vel
1306 959 1459 1056 ingeniis

196 1069 340 1142 dotibus
379 1071 439 1145 vel
464 1069 572 1142 animi
598 1069 750 1158 artibus,
782 1078 824 1141 ut
848 1069 983 1166 pariter
1009 1093 1112 1141 sams
1138 1093 1180 1141 ac
1207 1069 1428 1144 venerandus

195 1189 300 1270 esset,
327 1181 503 1253 effecerat.

146 1295 192 1364 17
297 1289 349 1364 At
360 1289 510 1380 Dareus,
537 1290 662 1363 nuntio
689 1289 735 1362 de
761 1289 914 1363 adversa
938 1288 1144 1362 valetudine
1170 1289 1249 1363 eius
1277 1299 1459 1389 acceptam

195 1398 396 1490 celeritate,
432 1410 602 1498 quantam
634 1425 762 1498 capere
794 1410 870 1472 tam
900 1424 1011 1496 grave
1043 1425 1172 1497 agmen
1198 1411 1366 1498 poterat,
1389 1401 1427 1474 ad

195 1510 406 1610 Euphraten
431 1509 625 1601 contendit,
650 1512 842 1607 iunctoque
869 1536 911 1584 eo
936 1511 1117 1607 pontibus,
1137 1512 1298 1608 quinque
1318 1522 1427 1585 tamen

196 1620 322 1695 diebus
350 1622 488 1695 traiecit
514 1622 725 1711 exercitum,
754 1619 909 1695 Ciliciam
935 1646 1110 1720 occupare
1134 1623 1325 1697 festinans.
1362 1622 1447 1695 lama

194 1730 422 1824 Alexander,
456 1733 592 1806 viribus
619 1733 777 1830 corporis
802 1733 971 1831 receptis,
998 1731 1046 1805 ad
1071 1733 1198 1806 urbem
1226 1730 1335 1807 Solos
1359 1759 1425 1832 per·

227 1971 250 2035 §-
271 1973 310 2021 19.
329 1970 377 2021 sed
393 1968 497 2020 abunde
514 1969 658 2037 afficiens]
672 1967 747 2037 ‘quod
760 1983 795 2020 ex
829 1969 882 2021 lam
900 1966 1028 2033 derivata,
1046 1984 1099 2019 non
1115 1974 1263 2036 usurpatur
1280 1975 1370 2023 tamen
1384 1968 1425 2022 nisi

193 2052 224 2088 ea
241 2043 338 2102 aetate,
357 2052 424 2105 quae
441 2035 544 2088 infirma
568 2035 613 2088 vul
633 2054 649 2090 o
671 2036 793 2102 habetur,
864 2035 941 2088 sitivo
959 2053 1038 2106 quem
1055 2033 1163 2087 dicimus
1182 2052 1273 2101 sensu,
1293 2055 1354 2092 cum
1367 2056 1423 2108 puu-

192 2103 258 2156 nihil
274 2111 364 2156 tamen
388 2103 424 2156 im
459 2104 569 2156 dimenti
591 2055 632 2156 ad
642 2120 683 2157 res
734 2121 794 2165 ren-
828 2054 919 2184 idmst
936 2103 1049 2173 positivo
1065 2101 1210 2182 accipiatur
1229 2105 1387 2178 (straena),
1402 2114 1424 2159 et

193 2172 239 2223 das
257 2171 399 2225 oriebatur.
452 2190 580 2241 xymoron
598 2171 702 2225 Schmie
721 2189 794 2225 erum
829 2180 953 2241 negativo
974 2171 1160 2224 adverbuhter
1182 2174 1291 2243 (menig)
1318 2174 1346 2228 id
1365 2176 1423 2246 quod

192 2238 293 2292 fefellit.
330 2262 337 2275 τ
829 2241 878 2293 hoc
904 2240 961 2293 loco
990 2256 1095 2293 necesse
1122 2247 1171 2291 est.
1208 2241 1327 2312 Legitur
1347 2252 1422 2297 auten

228 2309 315 2360 omnio
325 2308 381 2360 eius
391 2310 481 2376 opero]
499 2307 533 2360 In
550 2306 623 2360 libris
631 2306 709 2361 editis
736 2325 794 2360 rae·
847 2311 935 2361 calum
952 2308 980 2361 in
997 2307 1070 2361 Lcid.
1089 2307 1165 2361 Voss.
1187 2315 1200 2362 1
1220 2310 1306 2365 Bern.
1322 2313 1347 2367 A
1362 2312 1421 2366 llor.

193 2381 236 2428 ter
252 2374 408 2428 Medianum
425 2374 533 2428 additur
550 2377 637 2442 etiam,
656 2394 692 2445 qu
746 2394 794 2428 suo
855 2376 891 2430 CI
909 2384 937 2429 et
954 2376 1017 2429 edit.
1035 2377 1109 2430 Mod.

193 2443 250 2495 iure
267 2442 415 2496 Schefferus
437 2442 518 2496 deleri
538 2443 624 2497 voluit
645 2452 674 2497 et
696 2444 794 2497 delevit
864 2444 989 2514 Cap.17,
1015 2447 1037 2512 ξ.
1066 2451 1088 2497 1.
1110 2446 1262 2500 valetudine
1281 2450 1349 2519 cias]
1365 2448 1420 2502 Pro

194 2511 385 2564 Schmiederus.
412 2511 520 2564 Possem
538 2512 725 2566 abundantiam
734 2530 794 2583 par-
828 2531 924 2566 nomen
951 2513 1032 2567 adieci
1059 2529 1186 2566 consensu
1215 2517 1294 2570 codd.
1318 2534 1420 2571 meorum

193 2579 291 2632 ticulae
308 2579 434 2632 similibus
452 2583 581 2634 bonorum
590 2581 746 2651 scriptorum
754 2581 793 2634 lo·
828 2581 945 2635 omnium
971 2589 999 2634 et
1026 2581 1088 2634 edit.
1106 2580 1189 2651 princ.
1208 2584 1289 2651 Ald.;
1318 2595 1420 2640 oetemn

193 2647 230 2702 cis
257 2648 407 2714 defendere,
434 2665 476 2701 ex.
497 2667 536 2719 gr.
556 2650 639 2703 Cicer.
666 2649 694 2702 in
715 2651 793 2704 Verr.
828 2658 869 2703 est
892 2650 919 2703 in
937 2649 1017 2703 Bern.
1035 2650 1058 2702 Β
1076 2649 1148 2703 Flor.
1166 2649 1290 2706 DEFHI
1316 2657 1346 2708 de
1370 2656 1418 2708 ada

192 2731 239 2782 111,
258 2723 291 2769 88
309 2735 375 2786 quae
409 2720 510 2770 orsitus
528 2720 578 2772 alii
617 2735 699 2787 coque
716 2721 794 2772 etium
828 2721 918 2771 naratio
935 2719 1082 2772 valetudine
1100 2720 1155 2771 eius
1174 2732 1290 2790 accepto.

184 2787 302 2855 fecerint
320 2786 364 2854 (cf.
408 2786 490 2838 uhnk.
507 2787 541 2840 ad
550 2736 619 2839 vell.
639 2793 704 2852 1,17
723 2805 749 2857 p.
760 2794 803 2841 67.
861 2789 991 2840 celeritate
1017 2797 1140 2856 quantam
1172 2806 1270 2858 capere
1300 2801 1318 2844 t.
1340 2809 1378 2860 pr.
1397 2807 1418 2842 o.

192 2861 221 2906 et
239 2854 292 2906 Wo
311 2853 430 2907 kensium
447 2854 534 2908 Lectt.
554 2854 625 2908 Tull.
643 2855 688 2908 lib.
707 2870 740 2922 11,
761 2862 792 2909 10
826 2857 938 2924 poterat]
957 2854 1001 2910 Sic
1018 2862 1079 2925 post
1095 2855 1218 2909 Modium
1236 2859 1319 2929 vulgo
1338 2861 1417 2923 edunt,

192 2940 217 2992 p.
230 2927 279 2974 184
293 2873 373 2975 buius
390 2922 440 2977 loci
457 2941 511 2976 non
528 2923 727 2994 immemorem),
747 2925 793 2977 sed
827 2923 987 2993 antiquiores
1005 2925 1134 2976 celeritate
1144 2935 1246 3002 quanta
1260 2936 1360 2998 poterat
1370 2936 1416 2978 tum

192 3007 295 3044 omnem
320 3008 426 3062 operam
444 2992 528 3045 eludit
551 2994 625 3046 codd.
643 3001 793 3046 nostrorum
845 3010 906 3045 rure
924 3010 1025 3060 cymen.
1059 2991 1152 3044 Nostri
1169 2991 1253 3047 Bern.
1273 2998 1299 3049 A
1313 3002 1338 3048 et
1352 2993 1413 3047 Flor.

191 3077 251 3114 cum
259 3058 333 3112 Leid.
350 3069 379 3113 et
396 3061 472 3115 Voss.
493 3071 504 3113 1
525 3078 673 3129 consensus,
690 3061 719 3114 in
735 3061 792 3132 qui·
825 3012 850 3114 il
869 3060 1021 3130 simpliciter
1042 3078 1101 3113 cum
1118 3061 1192 3113 Mod.
1220 3064 1273 3117 scri
1292 3072 1349 3118 tura
1363 3079 1415 3116 oon·

191 3128 240 3181 bus
263 3129 382 3183 omuibus
408 3129 478 3184 vocis
500 3130 671 3184 addubitatae
696 3146 730 3182 ne
747 3147 793 3182 ve·
827 3129 954 3195 sentiunt,
980 3129 1045 3182 item
1070 3127 1141 3181 Flor.
1169 3128 1191 3182 C
1220 3139 1251 3184 et
1325 3139 1416 3186 tantum

190 3195 297 3265 stigium
314 3198 420 3316 ‹ppidem
437 3206 556 3268 apparet,
574 3199 640 3251 adeo
658 3206 689 3251 ut
700 3198 727 3250 in
736 3198 791 3251 solo
825 3199 895 3267 quod
913 3197 957 3249 ille
975 3207 1087 3266 quanta,
1113 3197 1158 3249 hic
1180 3210 1310 3267 quantam
1335 3201 1415 3264 habea

189 3268 266 3317 Voss.
285 3272 300 3317 2
348 3264 397 3318 isse
414 3265 544 3318 videatur.
825 3266 871 3319 sed
888 3265 983 3318 omisso
1001 3282 1093 3334 capere
1110 3265 1204 3337 reliqui
1229 3279 1356 3337 quantam
1399 3276 1415 3318 t·

225 3333 254 3383 ia
271 3349 300 3384 re
317 3333 440 3402 militare]
476 3332 522 3385 Sic
538 3348 627 3386 omnes
645 3332 720 3385 codd.
744 3349 790 3386 no·
825 3343 882 3386 erut
900 3344 952 3386 tam
967 3351 1048 3402 proce
1066 3351 1167 3402 cymen,
1186 3335 1303 3391 Bern.B
1316 3346 1345 3391 et
1377 3337 1414 3389 lor.

190 3397 248 3464 stri,
277 3406 308 3450 ut
325 3398 420 3452 merito
437 3398 527 3469 pigeat
544 3399 629 3453 Modii
651 3399 705 3469 qui,
732 3417 791 3453 cum
824 3401 852 3455 H
870 3412 994 3470 quantam
1008 3412 1113 3471 poterat
1129 3412 1183 3455 tam
1198 3423 1284 3473 prave
1301 3423 1395 3486 upmaa

190 3465 218 3517 in
236 3466 325 3519 codice
342 3484 389 3520 suo
406 3468 488 3520 verba
505 3469 533 3519 in
550 3485 579 3520 re
604 3469 695 3521 abesse
712 3467 791 3522 vidis·
859 3471 904 3538 qai
940 3487 971 3522 ee
993 3481 1078 3523 tumen
1101 3472 1192 3524 diebus
1213 3471 1232 3525 i.
1252 3490 1276 3527 e.
1298 3471 1415 3529 mbilomi·

191 3541 232 3585 set
250 3541 278 3586 et
295 3542 357 3605 apte
373 3537 486 3588 militari
503 3538 578 3604 culpo
601 3535 725 3616 coniungi
742 3555 789 3607 pu·
825 3556 873 3590 nus
954 3555 1005 3609 que
1023 3538 1077 3590 dies
1094 3537 1122 3591 in
1139 3539 1297 3597 traiiciendo
1310 3541 1415 3598 exercitu

189 3609 270 3666 taret,
289 3618 320 3654 ea
337 3620 389 3672 qua
405 3605 474 3657 solet
490 3601 689 3674 importunitate
707 3622 790 3659 meos
825 3605 979 3676 absumpsit.

190 3668 324 3723 invehitur
340 3687 357 3722 a
391 3671 466 3724 uibus
485 3671 547 3726 istas
564 3672 669 3727 voculas
687 3673 790 3727 additas
893 3678 916 3742 ς.
935 3682 960 3727 2.
995 3675 1053 3727 Ium
1072 3675 1238 3746 Alexander]
1267 3679 1324 3741 Qua
1346 3675 1414 3750 parti-

190 3737 350 3807 opinaretur.
400 3742 434 3794 ed
451 3757 501 3810 ego
518 3741 657 3811 dupliciter
674 3742 789 3795 offende-
824 3742 909 3796 culam
927 3742 1127 3810 coniunctivam,
1145 3742 1199 3796 sive
1216 3754 1250 3798 ut
1268 3747 1356 3801 dicere
1371 3762 1414 3799 ma-

189 3816 246 3860 rem
270 3806 299 3860 in
324 3806 364 3860 his
390 3809 476 3862 verbis
501 3812 653 3879 plerumque
679 3812 790 3864 militari
824 3811 879 3877 lim,
906 3810 951 3864 ubi
976 3827 1036 3863 cum
1062 3813 1115 3864 lom
1136 3812 1319 3883 coniungitur,
1345 3811 1413 3870 aucti·

188 3877 310 3945 protioru
328 3878 403 3946 culpo
422 3887 492 3943 suat,
510 3876 622 3947 primum
640 3879 711 3948 quod
728 3897 789 3931 nus-
824 3897 901 3944 vam,
935 3878 1073 3932 meliorum
1099 3878 1227 3949 simulque
1274 3883 1413 3937 lurimorum

189 3962 267 4014 quam
285 3961 327 3998 mc
343 3945 437 4015 legisse
454 3945 560 3999 memini
577 3948 610 4000 de
627 3949 703 4016 culpo
720 3949 790 4000 mili·
824 3948 900 4000 codd.
919 3947 1103 4015 (Beruensium
1120 3950 1242 4015 duorum,
1285 3952 1333 4006 lor.
1352 3946 1413 4005 BCG

189 4015 244 4065 tari
269 4031 425 4084 quamquam
451 4017 543 4084 vulqus
576 4019 686 4069 militum
713 4032 790 4085 saepe
824 4016 852 4068 H
869 4014 942 4068 Leid.
960 4016 1036 4069 Voss.
1057 4025 1080 4083 1,
1099 4023 1127 4082 2)
1145 4019 1302 4072 auctoritati
1319 4022 1412 4074 obsecu-

189 4079 338 4148 invenitur,
366 4091 423 4136 tum
449 4084 520 4153 quod
545 4082 622 4136 istam
647 4085 788 4137 verborum
823 4093 866 4138 tus
892 4083 991 4150 delevi3
1018 4102 1103 4156 neque
1128 4084 1198 4138 enim
1224 4086 1275 4141 loci
1295 4084 1413 4141 sententis

188 4149 387 4206 collocationem
405 4170 421 4205 a
438 4168 530 4222 prosae
548 4151 672 4205 orationis
683 4151 788 4206 Curtia-
822 4170 855 4205 ea
881 4161 921 4204 est
947 4160 977 4205 ut
1003 4170 1044 4207 res
1069 4154 1097 4207 in
1122 4170 1247 4223 praesens
1271 4158 1412 4210 deducam.
1459 4214 1461 4221 ,

190 4234 240 4271 uae
258 4221 444 4274 consuetudine
463 4221 603 4274 abhorrere
620 4220 714 4273 iudico.
823 4223 881 4274 Iam
900 4238 931 4273 ue
949 4221 1147 4275 admirationem
1164 4223 1266 4278 excitat
1284 4225 1411 4296 quandam,
1459 4226 1461 4233 '

220 4289 331 4356 paulum
348 4308 365 4341 c
379 4291 485 4357 privato
503 4290 657 4359 abhorrens]
688 4289 790 4343 Contra
823 4238 918 4359 quaqh.
936 4289 953 4341 l.
979 4307 1030 4341 non
1052 4309 1068 4343 o
1088 4309 1117 4342 us
1139 4298 1188 4343 est.
1225 4292 1354 4346 Ceterum
1379 4288 1411 4342 hic
1458 4298 1461 4365 ᾗ

188 4364 305 4408 mentem
322 4357 454 4427 scriptoris
480 4356 561 4425 vulgo
582 4357 671 4410 editur
691 4361 789 4426 paulu·
823 4357 903 4429 ipsius
928 4357 1034 4410 videtur
1084 4359 1146 4412 urtii
1171 4375 1245 4414 error
1272 4379 1330 4415 esse
1354 4355 1410 4431 quod
1458 4370 1461 4409 ἐ

189 4426 255 4478 lum:
271 4425 335 4480 haec
352 4426 421 4480 enim
438 4444 500 4496 vox,
517 4443 675 4496 quamquam
691 4443 706 4480 a
719 4445 790 4496 pau·
824 4427 1007 4481 Alexandrum
1031 4427 1095 4482 facit
1110 4428 1187 4482 Solos
1209 4431 1286 4500 quasi
1304 4442 1410 4502 progre-
