2926 5174
410 318 460 367 nn
486 313 612 368 oneris
637 314 746 365 linx.
777 314 813 382 x,
841 309 881 356 20·
1191 296 1264 368 513

37 497 279 573 Alexandrum
310 499 532 589 consultum,
572 497 628 570 cui
659 497 874 593 relinqueret
904 521 1070 594 regnum,
1110 501 1264 574 voluisse

36 612 208 708 optimum
232 609 348 708 deligi.
402 608 601 683 ludicatum
626 618 746 681 autem
767 608 813 680 ab
833 607 911 704 ipso
931 610 1105 706 optimum
1124 608 1264 684 Perdic-

9 741 126 811 rcam,
142 722 196 794 cui
209 723 354 795 anulum
366 720 582 794 tradidisset.
618 717 742 815 Neque
760 719 853 791 enim
871 744 982 791 unuin
992 745 1074 793 euin
1090 721 1264 795 assedisse

35 833 218 923 morienti,
256 831 321 906 sed
356 833 660 905 circumferentem
695 830 816 902 oculos
852 855 898 902 ex
932 831 1039 903 turba
1072 833 1266 905 amicorum

35 942 217 1042 delegisse,
245 944 301 1015 cui
326 943 494 1016 traderet.
546 940 692 1015 Placere
717 942 835 1038 igitur,
862 965 1040 1013 summum
1065 942 1202 1041 imperii
1220 943 1267 1017 ad

8 1053 239 1128 sPerdiccam
277 1052 416 1126 deferri.
445 1050 543 1125 ‘Nec
582 1050 807 1142 dubitavere,
847 1052 931 1147 quin
970 1077 1057 1126 vera
1096 1066 1265 1129 censeret.

33 1163 158 1261 Itaque
191 1165 346 1238 universi
380 1162 573 1262 procedere
606 1165 643 1237 in
675 1162 831 1237 medium
861 1162 1068 1237 Perdiccam
1102 1176 1140 1237 et
1173 1168 1266 1264 regis

34 1276 182 1348 anulum
205 1277 330 1350 tollere
354 1275 537 1350 iubebant.
589 1273 771 1349 Haerebat
786 1275 880 1347 inter
897 1276 1127 1373 cupiditatem
1152 1277 1264 1375 pudo·

32 1410 187 1482 remque,
214 1397 250 1460 et
275 1412 346 1484 quo
371 1386 568 1460 modestius
595 1386 692 1483 quod
718 1387 933 1484 expectabat
959 1398 1160 1485 appeteret,
1187 1414 1263 1485 per·

9 1497 188 1569 rvicacius
214 1498 397 1571 oblaturos
424 1522 502 1572 esse
529 1496 706 1571 credebat.
759 1496 884 1595 Itaque
910 1509 1108 1589 cunctatus,
1135 1498 1265 1597 diuque

35 1606 118 1704 quid
144 1618 268 1705 ageret
290 1609 463 1698 incertus,
501 1607 549 1680 ad
575 1609 737 1681 ultimum
767 1617 888 1682 tamen
914 1610 1074 1701 recessit,
1117 1620 1154 1683 et
1184 1622 1268 1709 post

35 1741 105 1809 eos,
133 1719 193 1815 qui
220 1718 388 1792 sederant
413 1717 577 1815 proximi,
605 1719 772 1792 constitit.

9 1845 20 1893 t
135 1831 188 1900 At
213 1827 401 1928 Meleager,
427 1855 520 1901 unus
547 1855 566 1901 e
592 1828 751 1920 ducibus,
779 1830 987 1904 confirmato
1005 1832 1133 1924 animo,
1161 1835 1315 1928 quemil
1392 1903 1396 1908 .

35 1938 430 2018 Perdiccae-‚cunctatio
457 1950 631 2030 erexerat,
656 1940 732 2016 Nec
757 1941 809 2014 dii
831 1942 954 2035 sierint
979 1943 1102 2040 inquit,
1130 1957 1165 2016 nt
1189 1944 1266 2018 Alc·

36 2052 161 2126 sundri
174 2055 319 2153 fortune
343 2051 487 2151 iambus
512 2052 608 2152 regini
622 2052 802 2151 surripiam
828 2054 865 2126 in
889 2055 968 2128 istos
993 2055 1145 2129 bnnoeroa
1169 2068 1264 2128 rud:

36 2160 181 2236 domines
212 2175 294 2235 cene
327 2189 394 2238 nnn
416 2167 539 2266 ferent.
592 2162 693 2238 Nitit
722 2165 794 2239 dico
831 2165 873 2237 de
905 2165 1133 2256 nobilioribus,
1168 2191 1269 2265 quant

36 2271 86 2346 nn
111 2287 174 2363 est,
208 2275 270 2348 aed
294 2276 335 2348 de
365 2274 449 2348 cina
480 2287 620 2366 minam,
656 2275 772 2372 quibes
804 2275 916 2350 invitc'a
945 2277 1031 2350 nibil
1052 2277 1185 2374 perpeti
1216 2301 1269 2349 ne·

10 2398 121 2458 lceeae
146 2397 203 2457 cat.
256 2383 332 2459 Nec
355 2409 432 2459 ceco
457 2387 602 2476 intereat,
632 2385 791 2462 Ronnnes
804 2387 937 2484 filiuni,
963 2387 1158 2485 quandoque
1178 2388 1270 2485 peni·

36 2504 87 2568 tue
117 2495 197 2583 ecit,
232 2520 279 2568 un
302 2495 497 2571 Perdiccam
531 2521 640 2595 repent
670 2496 829 2590 bohemia
868 2523 943 2572 curn
974 2499 1033 2572 iste
1064 2499 1124 2571 snb
1155 2499 1270 2572 tutele

34 2605 141 2704 specie
177 2631 320 2705 reqnnm
353 2620 572 2707 occupaturus
601 2608 653 2682 sit.
706 2608 823 2708 Itaque
857 2634 952 2683 nenio
990 2611 1022 2683 ei
1055 2634 1116 2682 rec
1150 2610 1270 2708 plac,

35 2778 140 2849 quidem
155 2782 278 2862 potiores
295 2781 394 2851 primus
411 2781 507 2850 edidit,
525 2798 637 2852 eumque
670 2783 749 2836 modo
771 2789 872 2852 potest,
894 2782 1003 2837 invento
1021 2785 1162 2836 verborum
1179 2781 1272 2835 discri-

34 2846 72 2901 ita
87 2857 171 2904 secuti
189 2861 255 2903 sunt
276 2850 366 2916 ceteri,
389 2858 420 2905 ut
440 2868 544 2904 omnem
564 2866 637 2903 men·
671 2851 750 2918 mine,
772 2849 894 2904 videlicet
910 2857 941 2904 ut
958 2860 1074 2920 expetere
1091 2851 1127 2903 ad
1144 2849 1271 2917 animum,

34 2915 132 2970 tionem
148 2917 249 2988 prioris
266 2917 386 2972 lectionis
404 2918 578 2990 sepeliverint
600 2921 638 2972 At
671 2930 791 2988 appetere
809 2920 843 2971 ad
859 2936 950 2972 manus
968 2927 996 2971 et
1013 2917 1133 2989 capiendi
1149 2926 1272 2972 conatum

33 2982 112 3039 Sunii.
131 2994 189 3040 tres
208 2993 238 3039 et
256 2986 403 3041 Beruenses
421 2996 449 3040 et
458 2987 528 3041 Flor.
547 3002 636 3041 omnes
672 2985 821 3056 pertineat,
842 2994 930 3039 tamen
952 3004 1046 3056 parum
1085 2985 1205 3056 erspicue
1222 3003 1272 3039 nec

28 3055 171 3122 panciores
190 3053 329 3122 exhibent,
348 3072 396 3109 nec
413 3055 517 3108 Iunium
534 3073 564 3109 ac
577 3055 638 3109 Mo·
672 3054 734 3108 satis
749 3054 884 3174 &edim
896 3063 1005 3125 propter
1017 3005 1160 3108 verborum
1175 3071 1272 3124 cogna-

32 3119 104 3176 dium
120 3122 196 3176 aliud
213 3121 244 3174 in
261 3121 314 3176 suis
332 3123 406 3178 libris
418 3124 547 3177 invenisse
560 3124 638 3176 fidem
672 3123 773 3177 tionem
810 3122 930 3176 'ceretun
966 3123 1045 3188 Quod
1063 3131 1151 3176 autem
1164 3121 1271 3175 Modius

32 3188 129 3244 faciunt
146 3190 271 3261 ipsorum
287 3191 423 3254 editiones.
458 3193 561 3247 Verum
579 3191 638 3272 qui·
673 3191 757 3244 edidit
777 3194 847 3261 pind
863 3193 998 3261 appetebat
1016 3199 1160 3260 expectoret
1178 3189 1273 3244 falsum

32 3256 155 3313 demeat
178 3257 324 3313 nobiliores
351 3261 406 3313 fere
432 3278 491 3314 cuni
514 3261 640 3313 Perdicca
674 3268 724 3326 est,
747 3276 809 3312 nam
825 3259 941 3313 omnise
979 3259 1077 3314 ectatio
1094 3260 1215 3312 modesta
1233 3266 1274 3312 est

32 3325 131 3394 fecisse,
156 3328 206 3381 sed
223 3326 362 3398 pauciores
379 3336 470 3382 tamen
487 3328 514 3381 hi
531 3329 639 3381 fuerunt
673 3344 722 3381 nec
735 3328 950 3398 gradationemvi
969 3328 1166 3398 eturaccipere.
1191 3327 1274 3380 Cete-

32 3411 87 3448 com
153 3396 177 3450 ti
195 3413 258 3450 oum
338 3396 490 3462 omilitum,
512 3413 560 3450 uec
578 3414 639 3450 con·
673 3406 856 3465 rumeapctere
866 3405 895 3450 et
904 3408 1040 3467 expectare
1057 3397 1085 3450 in
1102 3414 1163 3450 mss.
1177 3396 1275 3467 saepis-

33 3462 86 3516 sule
104 3471 168 3518 atur
184 3471 247 3517 tuin
265 3463 299 3515 de
340 3464 456 3531 erdicca,
484 3466 530 3518 sed
550 3471 640 3517 utrum
673 3465 738 3517 sime
755 3472 945 3534 permutantur.
982 3465 1023 3520 Of.
1041 3484 1104 3520 mox
1121 3471 1248 3532 c.26,10.

32 3534 148 3587 nonduin
171 3539 256 3586 natus
278 3530 346 3584 filius
367 3550 401 3586 an
423 3533 489 3587 alius
512 3532 569 3604 quis
590 3549 640 3585 rex
709 3532 827 3602 Cap.2l,
846 3536 922 3602 §.aa
957 3535 1017 3588 Nec
1034 3537 1074 3587 dii
1090 3536 1194 3601 sierint]
1230 3532 1275 3587 Sic

32 3608 109 3668 esset,
128 3618 185 3683 qua
203 3599 234 3652 in
251 3615 282 3652 re
299 3599 418 3671 plerique
436 3618 527 3656 omnes
546 3600 640 3654 aPer·
673 3601 832 3671 integriores
859 3601 935 3665 libri,
972 3601 1116 3656 deteriores
1142 3620 1196 3655 non
1222 3614 1278 3654 uno-

32 3667 104 3723 (licea
120 3668 328 3723 dissentiebant.
673 3670 751 3723 modo
777 3679 895 3740 peccant.
934 3670 1005 3724 Nam
1027 3688 1085 3724 cum
1109 3670 1137 3723 in
1158 3669 1231 3722 Flor.
1249 3670 1273 3721 B

64 3742 86 3804 5.
97 3745 146 3803 17,
167 3739 220 3792 aed
228 3737 489 3806 circumferentem—
501 3739 638 3808 deleyisae]
674 3738 766 3791 fuisset
783 3741 915 3806 desierint,
933 3739 1036 3794 Flenc
1055 3741 1084 3791 di
1106 3747 1181 3790 erent
1198 3736 1285 3787 effino

31 3803 284 3860 Libiimss.0mnes
293 3805 494 3873 circumferenti,
513 3808 639 3860 sedrecte
673 3806 728 3872 xit,
751 3808 900 3927 differant
924 3807 995 3860 Flor.
1016 3807 1066 3859 DE
1089 3805 1132 3858 HI
1154 3806 1234 3857 Bern.
1249 3803 1274 3855 B

31 3872 114 3928 Aldus
130 3874 249 3928 videtur
266 3872 421 3940 correxisse,
440 3882 495 3928 'aut
517 3877 640 3928 delectans
674 3874 760 3926 Poll
807 3883 881 3928 osse
902 3875 1031 3943 (serant),
1051 3875 1088 3926 dii
1105 3870 1274 3924 sinontFlor.

31 3940 213 4007 scribendum,
233 3939 258 3993 si
276 3939 379 3994 dativus
395 3959 473 3995 verus
492 3951 542 3996 est.
675 3941 708 3995 G.
735 3943 793 3996 Nec
802 3942 906 4012 scripsit
914 3950 1014 4006 auctor,
1025 3940 1146 4011 quoniam
1160 3953 1274 4007 pergere

64 4012 86 4078 ξ.
97 4017 137 4066 18.
176 4026 230 4062 nec
247 4009 408 4080 dubitavere]
435 4009 541 4064 FlenA
559 4010 639 4063 Bern.
674 4010 784 4063 volebat
800 4028 847 4063 nec
864 4010 977 4062 homines
990 4009 1088 4078 ferent,
1106 4005 1275 4085 causaigitui·

31 4075 177 4134 ΗΜ
199 4075 332 4130 dubitare.
673 4096 728 4132 non
743 4086 785 4131 est
807 4077 918 4144 idonea,
947 4092 994 4128 cur
1011 4094 1070 4129 cum
1087 4075 1198 4128 Heinsio
1217 4090 1275 4128 cor-

32 4164 111 4269 ..c
133 4145 407 4270 castrice
443 4149 639 4269 appi-
673 4145 789 4268 rui
803 4147 852 4199 r
1134 4212 1181 4262 ..2
1229 4209 1275 4264 a.

30 4281 62 4335 a
127 4231 255 4339 odoolim
273 4232 401 4360 edebatlii
417 4233 491 4337 eisin
507 4232 640 4354 pleniorii}
675 4218 751 4336 codd.
774 4230 1147 4352 pauiiianexcqeptisqquornm
1168 4211 1272 4360 bloiet

31 4347 278 4407 llonBDEFGH
294 4346 399 4419 legitur,
422 4354 492 4421 quod
508 4301 640 4421 experibor
674 4351 778 4406 Flenc
797 4353 910 4420 quondo,
929 4346 1015 4400 nullus
1028 4355 1119 4401 tamen
1148 4346 1277 4425 uodohm

31 4430 169 4490 appnerct,
189 4417 222 4472 id
232 4431 391 4487 quamquem
400 4417 506 4474 defendi
515 4419 640 4492 quodam·
672 4421 799 4474 edebatur
816 4420 1020 4489 quandocunque
1037 4417 1091 4470 h.l.
1110 4431 1144 4468 ex
1172 4414 1228 4469 bet.

1089 4504 1122 4553 88
