2926 5174
473 317 521 367 nn
548 315 674 368 663333
700 315 807 366 nnnx.
834 316 884 384 vn,
909 312 953 365 43.
1263 298 1335 368 283

141 493 353 590 Alexandrum,
388 499 463 598 aare
495 500 615 574 deiude
640 499 856 590 Archelaum,
889 500 964 599 qaas
989 500 1185 577 Perdiccam
1218 504 1338 578 6666363

101 605 206 679 666663
227 606 288 680 est?
317 609 368 682 laic
393 611 527 709 quidem
552 611 806 713 interfectoribus
826 613 938 708 patris
964 612 1095 711 6966666.
1150 612 1245 687 Haec
1270 615 1337 687 He·

136 717 257 815 aeleclas
281 720 363 794 dicit
388 748 490 821 saper
515 749 669 798 coemam:
696 736 726 796 66
743 735 877 821 postem
903 723 958 796 die
976 722 1096 820 prima
1122 724 1191 797 lace
1208 738 1339 822 epatre

91 844 94 850 ’
138 854 265 905 accersor.
322 831 444 908 Tristis
469 848 557 925 6366,
591 846 621 907 66
654 859 705 907 ure
731 846 892 906 6666366333
918 834 1055 908 videbat.
1109 835 1339 912 Audieramas

104 942 218 1033 686666,
251 968 331 1042 qaae
369 946 619 1020 sollicitudiuem
653 946 838 1018 6666663666.
896 944 1013 1045 166666
1047 959 1083 1019 at
1113 947 1339 1045 experiremur

136 1065 257 1128 ammae
280 1055 355 1130 uiua
377 1071 539 1156 aracaeus
565 1056 733 1157 effudisset
757 1056 830 1147 illu,
864 1082 909 1128 aa
944 1057 1057 1132 altiore
1089 1071 1241 1157 cmcepta
1267 1084 1338 1133 666

135 1163 208 1255 eilia,
245 1169 365 1242 accersi
398 1194 472 1243 6663
501 1169 640 1268 placuit.
710 1167 825 1242 Vertit.-
860 1169 1033 1268 eademque
1067 1193 1215 1243 semaam
1254 1170 1338 1246 ultra

136 1277 241 1372 repetita
265 1279 390 1370 adiecit,
415 1305 459 1371 36,
484 1281 554 1355 3666
580 1280 777 1353 caderemus
802 1280 901 1353 daces
915 1303 992 1370 6336,
1012 1281 1228 1378 6366636636
1247 1283 1339 1357 mdis

131 1399 223 1482 partas
245 1390 496 1482 vindicaturam,
522 1392 590 1466 3666
616 1391 739 1465 deesset
763 1390 904 1482 6663663,
931 1391 1102 1464 camillam
1127 1391 1253 1466 36666666
1268 1417 1337 1466 6336

97 1514 120 1562 er
134 1508 271 1573 adamae.
323 1501 539 1578 Parmeaiaai
569 1503 642 1576 civo
674 1502 783 1574 aeliae
808 1494 934 1595 Dareo¹
960 1501 1185 1603 intempestiva
1211 1527 1264 1577 363
1289 1504 1336 1577 66-

134 1608 260 1683 delatm:
292 1638 357 1687 raam
383 1614 469 1687 euim
495 1614 572 1706 sibi,
598 1613 658 1687 3666
683 1614 779 1704 666366,
805 1638 874 1687 6336
900 1614 1062 1689 corbaras
1087 1614 1338 1690 Aleaamdram:

133 1719 228 1795 Darae
260 1748 333 1797 cera
367 1725 505 1819 sublata,
536 1726 729 1828 praemium
767 1724 855 1823 36963
889 1725 987 1799 666636
1017 1724 1140 1799 Asiam
1175 1739 1205 1798 66
1238 1741 1337 1802 taram

136 1828 275 1906 0366336636
318 1834 572 1938 interfectoribus
623 1861 691 1910 6336
739 1861 882 1909 cessura.
962 1836 1217 1937 Apprabutaqae
1266 1865 1338 1915 ccre-

94 1959 120 2006 30
133 1942 209 2035 silio,
255 1947 290 2019 ia
328 1944 405 2019 66666
446 1949 539 2045 fides
583 1962 612 2023 66
655 1948 735 2022 data
777 1960 824 2021 636
865 1960 896 2020 66
931 1960 1072 2046 accepta.
1153 1945 1252 2032 (laad
1293 1954 1340 2026 ad

131 2053 274 2131 Dimmm
311 2058 473 2157 pertimet,
525 2061 610 2136 aileil
651 2060 739 2152 3666,
791 2072 820 2132 66
858 2059 936 2134 laec
983 2064 1151 2162 coufessus
1198 2061 1339 2162 imelle'qc

92 2183 117 2230 ³1
133 2191 185 2241 um
208 2171 361 2268 prodesse
391 2171 491 2265 milri,
533 2173 621 2273 qaod
646 2170 800 2272 proaimi
829 2170 959 2246 sceleris
993 2196 1111 2270 erpere
1141 2199 1226 2247 sam.
1285 2172 1339 2248 1111

131 2368 287 2425 Alexandrum
305 2374 367 2428 dicit
383 2375 457 2428 illum
467 2375 511 2447 qui
520 2375 619 2429 Xerxis
636 2383 703 2428 tem·
734 2385 842 2444 postera
852 2376 894 2429 die
912 2373 1013 2428 codices
1021 2373 1149 2444 plerique,
1167 2375 1251 2429 nostri
1268 2384 1340 2430 certe

130 2455 182 2506 pore
189 2442 299 2510 regnavit
309 2443 468 2514 Graecisque
487 2445 555 2498 clam
571 2443 623 2497 suit
640 2443 704 2497 ami·
739 2461 829 2498 omnes
846 2452 953 2514 praeter
970 2442 1041 2497 Flor.
1058 2442 1073 2497 I
1091 2452 1119 2496 et
1135 2443 1216 2498 Bern.
1235 2444 1268 2501 B.
1297 2444 1339 2500 cf.

131 2523 174 2574 cue,
189 2509 218 2561 de
233 2528 283 2580 quo
299 2511 457 2572 Herodotus.
492 2513 520 2567 Is
537 2521 626 2566 autem
642 2529 704 2566 vere
739 2514 773 2566 ad
790 2528 834 2579 111,
854 2521 885 2568 31
904 2512 987 2584 princ.

131 2593 172 2629 non
194 2596 316 2648 proavus,
345 2583 391 2634 sed
417 2583 514 2636 abavus
540 2581 591 2635 fuit
612 2581 704 2651 Magni
774 2584 797 2649 ξ.
815 2588 858 2634 28.
885 2583 985 2635 accersi
1002 2613 1036 2623 -
1053 2585 1120 2634 663366
1136 2613 1172 2623 -
1187 2584 1340 2654 616363666-

130 2643 261 2724 Alexandri.
271 2649 440 2704 Interfectum
448 2667 590 2704 essenemo
597 2658 705 2731 praeter
739 2653 794 2704 6666.
816 2649 929 2703 Veniant
947 2650 1022 2704 codd.
1039 2649 1110 2703 inter
1126 2650 1223 2703 formas
1240 2655 1340 2705 accersi

131 2711 232 2768 Curtium
248 2717 336 2771 tradit.
355 2721 501 2774 Arclrelaas
517 2719 546 2773 in
563 2737 635 2773 curus
645 2720 705 2772 aula
740 2727 767 2772 et
776 2721 910 2784 accersiri,
928 2718 996 2772 hanc
1014 2717 1101 2788 plures
1115 2718 1251 2786 exhibent,
1269 2720 1341 2773 illam

130 2780 246 2859 1166613163
263 2786 421 2856 aliquamdiu
437 2796 555 2842 versatus
573 2797 623 2855 636,
642 2788 704 2840 1631-
739 2787 860 2840 meliores
877 2786 1064 2841 Leid.voss.1
1083 2786 1154 2840 Flor.
1172 2787 1198 2839 A
1215 2787 1294 2841 Bern.
1304 2791 1339 2854 A,

130 2849 169 2902 (163
183 2850 326 2908 interfectus
343 2857 457 2910 traditur
469 2857 608 2910 Aristoteli
625 2856 704 2909 Polit.
739 2856 825 2909 nullus
843 2872 891 2909 nec
908 2857 1007 2908 arcessi
1024 2871 1072 2907 nec
1089 2857 1222 2908 arcessiri.
1246 2856 1340 2927 Itaque

130 2931 153 2982 v,
165 2925 185 2972 8.
207 2923 344 2977 Perdiccas
360 2926 441 2978 trater
458 2935 499 2979 est
508 2924 624 2996 Philippi
641 2933 705 2978 natu
739 2925 801 2995 quid
819 2940 985 2993 sequeremur
994 2923 1101 2976 dubium
1110 2941 1163 2976 non
1172 2924 1230 2990 fuit,
1250 2943 1340 2993 quam-

129 2987 207 3056 maior,
230 3009 306 3060 quem
327 3011 381 3046 non
402 2994 487 3047 multo
511 3002 571 3064 post
587 2994 705 3047 Alexan·
739 3012 817 3064 quam
834 2992 914 3061 vulgo
932 2991 1019 3045 editur
1037 2993 1170 3044 accersiri.
1185 2991 1239 3044 Sed
1247 2992 1341 3046 mirum

129 3054 203 3134 11366,
219 3060 280 3112 item
297 3060 411 3132 Philippi
429 3064 551 3127 fratrem,
574 3062 705 3132 Amyntae
739 3071 780 3116 est
798 3079 877 3131 quam
900 3067 1049 3113 constanter
1071 3077 1160 3112 omnes
1182 3068 1292 3114 teneant
1309 3081 1342 3116 66

129 3122 202 3201 filium
215 3128 353 3197 Eurydices
363 3131 462 3184 artibus
475 3132 641 3185 interfectum
650 3139 705 3183 tra·
739 3132 833 3184 6633636.
869 3128 974 3182 Modius
996 3130 1029 3181 de
1046 3127 1170 3181 Palmcrii
1191 3128 1340 3185 coniectura

129 3191 160 3270 dit
177 3194 285 3249 Iustinus
307 3214 360 3266 vn,
378 3207 402 3263 4,
421 3206 445 3252 5.
482 3200 605 3255 Ceterum
623 3199 703 3252 Snak.
740 3201 807 3253 venit
817 3198 941 3263 correxit,
960 3214 1009 3251 nec
1023 3198 1107 3251 audeo
1116 3200 1149 3251 ab
1158 3215 1190 3250 eo
1200 3197 1340 3252 discedere.

128 3278 150 3312 1n
163 3281 214 3318 mss.
232 3266 282 3318 suis
298 3284 354 3320 esse
370 3269 518 3322 Perdiccan
536 3276 664 3334 testatur,
688 3285 703 3320 e
737 3269 807 3322 Tum
824 3285 872 3338 pro
889 3268 996 3335 repetito
1013 3266 1091 3319 multi
1113 3273 1140 3318 66
1156 3267 1219 3320 boni
1236 3269 1294 3322 edd.
1312 3277 1341 3322 66

128 3332 206 3386 nostris
223 3334 285 3389 nihil
301 3354 318 3389 a
329 3337 399 3407 vulg.
416 3337 600 3392 terminatione
618 3337 703 3389 diver-
736 3344 858 3391 vetustae
875 3344 937 3388 ante
954 3335 1091 3389 Iunianum
1107 3334 1236 3390 editiones
1249 3339 1340 3406 petito,

126 3415 172 3452 sum
187 3411 311 3456 enotatur.
738 3414 845 3459 extrusa
866 3404 950 3485 prima
976 3404 1076 3474 syllaba
1101 3405 1134 3458 ob
1161 3406 1341 3476 praecedentis

152 3472 447 3542 didacidem—iamavit.
482 3475 538 3529 Uni
552 3473 704 3527 Alexandro
739 3474 951 3542 similitudinem
978 3476 1084 3543 repetita
1111 3482 1200 3528 tamen
1222 3482 1297 3529 extat
1313 3475 1341 3528 in

125 3534 255 3606 Lyncestae
280 3541 407 3611 ignovisse
435 3543 551 3597 traditur
572 3541 705 3596 alustino
738 3545 810 3598 Flor.
828 3542 901 3596 DFI.

123 3619 155 3673 ΣΙ,
172 3616 194 3676 2,
211 3610 242 3662 cf.
261 3609 379 3664 Curtium
396 3611 480 3682 ipsum
498 3626 551 3679 vn,
572 3621 593 3664 1.
775 3616 798 3680 ξ.
817 3619 858 3666 29.
894 3629 949 3665 6336
970 3629 1085 3666 cessura.
1126 3612 1201 3666 Nihil
1229 3612 1341 3668 interest

149 3681 169 3742 9.
191 3685 231 3732 27.
271 3681 336 3732 dicit
360 3699 438 3750 saper
464 3683 593 3748 coenam]
633 3678 706 3732 Libri
741 3681 778 3735 sic
788 3699 829 3744 an,
845 3687 875 3734 ut
884 3681 928 3733 vul
948 3700 974 3746 6,
987 3699 1119 3734 cessuram
1129 3682 1209 3750 legas.
1228 3681 1341 3735 Secutus

121 3761 170 3800 mss.
184 3755 211 3800 66
220 3748 265 3800 vul
283 3747 371 3802 oediti
379 3769 459 3819 supra
471 3768 584 3804 ceruam.
607 3749 707 3802 Verum
740 3758 830 3803 tamen
851 3767 908 3802 sum
970 3750 1004 3802 id.
1022 3750 1099 3803 Voss.
1119 3757 1142 3803 1.
1160 3757 1175 3803 2
1194 3748 1273 3802 Bern.
1291 3751 1340 3802 AB

121 3812 150 3867 sic
165 3833 240 3868 nemo
258 3766 350 3870 1166166
371 3818 473 3875 locutus
491 3825 532 3873 est
549 3835 608 3871 cum
626 3815 706 3884 signi·
739 3818 812 3871 Flor.
829 3818 933 3871 ABEH
960 3826 988 3871 et
1011 3819 1075 3872 edit.
1099 3817 1259 3871 Modianam.
1288 3817 1342 3871 Sed

119 3881 184 3938 liure
201 3885 282 3938 vellet
290 3887 350 3938 dum
359 3895 490 3953 coenatur,
508 3886 579 3939 inter
587 3901 705 3950 coenam,
739 3889 809 3958 quod
821 3886 941 3956 sequitur
947 3889 1021 3953 fides
1039 3897 1071 3940 66
1083 3889 1146 3939 data
1157 3896 1195 3939 636
1204 3896 1227 3938 66
1236 3896 1342 3954 accepta

118 3953 156 4004 sed
171 3971 250 4024 super
267 3972 378 4020 caecam,
396 3974 427 4008 sa
445 3974 473 4008 er
485 3973 609 4020 recusam,
628 3970 706 4021 super
740 3955 847 4009 omniuo
865 3955 915 4008 fuit
932 3955 1109 4026 recipiendum
1126 3971 1160 4006 ex
1176 3953 1250 4006 Leid.
1260 3953 1341 4007 Bern.

117 4023 193 4076 uinum
220 4032 244 4075 66
271 4025 368 4090 epulas.
430 4032 509 4094 taque
539 4029 706 4076 constantem
738 4026 764 4079 A
781 4024 853 4076 Flor.
867 4023 952 4077 ABG.
987 4023 1055 4076 Vide
1073 4040 1151 4093 supra
1168 4022 1202 4074 ad
1220 4029 1339 4088 c.42,15.

116 4089 232 4145 sermonis
250 4107 324 4143 usum
337 4098 442 4145 ‘secutus
459 4109 529 4145 nunc
546 4091 606 4144 dedi
617 4108 703 4158 super,
773 4096 796 4161 5.
815 4099 857 4146 30.
892 4095 962 4161 quael
978 4092 1096 4160 proximi
1122 4092 1227 4143 sceleris
1251 4108 1342 4160 cupere

115 4159 285 4213 confusionem
301 4167 421 4213 notarum
438 4160 614 4214 intercessisse
622 4167 703 4225 ratus,
740 4180 805 4216 sam.
823 4160 914 4214 Placet
931 4162 994 4213 haec
1012 4160 1090 4213 lectio
1109 4158 1162 4212 sive
1180 4159 1341 4214 emendatio-

115 4229 153 4280 sed
176 4233 312 4281 auctorem
339 4246 440 4299 quoque
466 4231 550 4284 habeo
575 4228 646 4281 Flor.
671 4225 705 4293 G,
739 4248 799 4284 nem
826 4228 933 4283 vocabis
957 4229 1028 4282 Flor.
1052 4227 1092 4293 G,
1129 4245 1206 4296 66366
1233 4229 1342 4281 eandem

114 4296 152 4365 qui
168 4316 224 4350 non
241 4313 301 4349 raro
319 4295 431 4368 insignes
450 4298 563 4352 veritate
580 4296 705 4350 lectiones
739 4297 847 4353 Modius
865 4297 952 4350 nescio
971 4315 1024 4366 quo
1038 4297 1118 4349 modo
1127 4303 1277 4366 compertus
1285 4297 1342 4350 vul·

114 4365 236 4432 servavit,
258 4363 322 4417 item
345 4367 424 4420 Voss.
445 4375 460 4421 2
497 4375 525 4420 et
551 4365 705 4420 Medianum
740 4366 821 4438 gavit.
848 4365 959 4435 Legitur
969 4365 997 4417 in
1007 4365 1101 4418 ceteris
1119 4367 1188 4433 qaod
1198 4382 1341 4434 prorsus

113 4432 258 4488 editionem.
292 4433 356 4487 Mox
373 4445 479 4504 postera
503 4439 543 4490 die
565 4453 616 4507 pro
633 4433 705 4504 vulg.
740 4437 845 4490 sceleris
863 4451 956 4503 expers
974 4452 1037 4487 3636.
1071 4434 1172 4487 Verum
1193 4449 1221 4487 se
1238 4433 1342 4490 sceleris
