2926 5174
86 311 89 315 ⁴
197 275 270 346 226
666 292 700 357 c.
728 291 852 343 cunrn
876 292 962 343 num

195 472 230 526 ad
246 473 430 527 Alexandrum
450 471 542 538 mittit,
566 471 601 524 de
616 478 690 524 motu
709 470 838 526 Graeciae
861 471 1001 525 certiorem
1018 471 1141 523 facturos.
1177 466 1270 538 Atque
1286 467 1327 523 illi
1341 484 1423 539 regem

193 551 265 620 apud
281 551 379 603 Bactra
397 549 501 601 demum
519 548 651 604 consecuti
669 558 743 603 sunt:
761 567 820 602 cum
837 548 941 602 interim
958 546 1092 619 Antipatri
1108 545 1230 613 victoria,
1249 553 1279 599 et
1294 562 1358 600 nece
1365 546 1423 615 Agi-

194 626 248 694 dis,
270 625 298 680 in
315 625 432 679 Arcadia
454 634 614 681 transactum
637 634 712 679 esset.
748 625 818 679 Sane
836 625 888 679 iam
905 625 1008 695 pridem
1026 624 1139 677 tumultu
1155 622 1423 677 Lacedaemoniorum

194 703 311 774 cognito,
330 711 457 774 quantum
474 711 517 757 tot
533 711 662 756 terrarum
679 703 770 773 spatiis
788 703 915 757 discretim
931 701 1029 772 potuit,
1046 701 1215 772 providerat:
1238 701 1423 772 Amphoterum

194 797 254 833 cum
272 780 376 852 Cypriis
393 788 421 834 et
437 780 586 834 Phoeniciis
603 781 713 834 navibus
734 781 763 833 in
779 780 995 850 Peloponnesum
1011 777 1150 850 navigare,
1168 777 1301 832 Meneten
1317 778 1367 832 tria
1382 778 1423 830 mi·

193 856 230 910 lia
245 858 374 911 talentum
390 859 425 910 ad
441 875 513 911 mare
530 857 636 912 deferre
653 858 772 926 iusserat,
790 866 821 911 ut
838 874 872 910 ex
888 855 1038 928 propinquo
1055 854 1194 927 pecuniam
1205 855 1353 927 Antipatro
1370 856 1422 909 sub-

193 934 362 1003 ministraret,
381 943 479 1005 quanta
496 935 570 988 illum
586 934 706 1005 indigere
723 934 899 1005 cognovisset.
934 934 1025 988 Probe
1044 932 1113 986 enim
1130 940 1324 1004 perspexerat,
1343 932 1422 1003 quanti

194 1013 229 1065 ad
247 1011 334 1066 omnia
354 1012 480 1065 momenti
503 1021 590 1066 motus
607 1011 681 1066 istius
703 1012 838 1066 inclinatio
857 1012 945 1065 flatura
961 1020 1043 1079 esset,
1066 1027 1228 1082 quamquam
1246 1009 1371 1080 deinceps
1387 1027 1422 1062 ac-

193 1097 271 1160 cepto
294 1089 420 1143 vicmnae
443 1090 537 1143 nuntio
559 1088 611 1142 suis
634 1089 758 1160 operibus
776 1090 805 1142 id
823 1088 963 1142 discrimen
984 1105 1152 1160 comparans,
1174 1086 1293 1140 murium
1310 1105 1367 1141 eam
1381 1105 1422 1157 pu-

193 1185 272 1238 gnam
288 1167 368 1223 fuisse
385 1166 520 1220 cavillatus
538 1174 587 1221 est.
624 1165 749 1220 Ceterum
769 1165 900 1238 principia
921 1168 976 1221 eius
993 1166 1058 1220 belli
1076 1166 1148 1219 haud
1163 1165 1336 1236 Mprospera
1351 1164 1421 1217 Lace-

193 1243 337 1297 daemoniis
358 1243 441 1297 fircre.
475 1243 554 1296 quta
572 1244 739 1312 Corrhagum
759 1244 933 1298 Macedoniae
954 1244 1090 1298 castellum
1110 1261 1169 1298 cum
1186 1242 1328 1313 Antipatri
1345 1241 1420 1294 militi-

192 1323 242 1375 bus
264 1320 397 1393 congressi
418 1320 532 1374 victores
553 1321 707 1383 extiterant:
734 1329 762 1374 et
782 1321 822 1374 rei
842 1322 912 1375 bene
933 1330 1024 1392 gestae
1045 1322 1115 1375 fama
1136 1319 1218 1374 etiam
1236 1319 1284 1391 qui
1303 1318 1420 1389 suspensis

191 1397 323 1452 mentibus
348 1399 483 1452 fortunam
505 1407 701 1469 spectaverant,
725 1398 754 1451 in
774 1399 926 1454 societatem
948 1417 1040 1454 eorum
1061 1397 1188 1469 pertracti
1212 1404 1285 1451 sunt.
1320 1397 1379 1451 Una
1394 1412 1420 1448 ex

190 1475 263 1530 Eleis
281 1476 445 1546 Achaeisque
462 1477 570 1530 urbibus
587 1475 696 1529 Pellene
713 1476 807 1529 foedus
824 1479 1025 1548 aspernabatur3
1048 1485 1075 1530 et
1092 1475 1119 1528 in
1135 1474 1256 1529 Arcadia
1273 1473 1418 1544 Megalopo

191 1552 232 1619 lis,
250 1552 304 1605 fida
320 1552 509 1606 Macedonibus
527 1554 562 1606 ob
580 1551 699 1623 Philippi
716 1553 878 1621 memoriam,
898 1573 913 1606 a
931 1573 984 1626 quo
1001 1552 1134 1607 beneficiis
1151 1552 1248 1605 affecta
1266 1552 1359 1606 fuerat
1376 1551 1418 1604 Sed

191 1628 256 1683 haec
273 1637 329 1682 arte
346 1629 515 1683 circumsessa
536 1629 606 1683 haud
627 1631 721 1699 procul
740 1630 872 1684 deditione
888 1633 993 1699 aberat,
1017 1630 1066 1683 nisi
1083 1631 1191 1684 tandem
1209 1629 1353 1699 Antipater
1368 1628 1416 1681 sub-

191 1713 311 1759 venisset.
347 1706 373 1759 ls
390 1713 531 1777 postquam
549 1714 633 1759 castra
650 1706 740 1760 castris
757 1708 881 1782 eontulit,
901 1726 979 1780 seque
997 1725 1105 1760 numero
1127 1705 1243 1759 militum
1261 1706 1365 1776 alioque
1379 1721 1415 1774 ap

190 1791 284 1851 paratu
303 1782 462 1854 superiorem
480 1783 629 1854 conspexit,
658 1784 849 1855 quamprimum
867 1786 900 1839 de
917 1803 1016 1839 summa
1033 1801 1120 1838 rerum
1135 1783 1242 1853 proelio
1263 1782 1411 1837 contendere

191 1860 293 1914 statut:
316 1877 403 1931 neque
423 1860 628 1915 Lacedaemonii
655 1863 833 1918 detrectavere
856 1871 996 1916 certamen.
1040 1860 1082 1914 Ita
1103 1859 1244 1913 commissa
1267 1866 1310 1913 est
1331 1875 1413 1929 pugna,

191 1954 258 2008 quae
275 1954 331 1990 rem
347 1937 506 2008 Spartanam
523 1937 650 1992 maiorem
666 1938 695 1992 in
711 1941 819 1993 modum
837 1939 940 1994 afflixit.
981 1939 1049 1994 eum
1066 1936 1136 1990 enim
1153 1935 1284 2007 angustiis
1303 1936 1412 1999 locorum,

190 2013 218 2066 in
235 2014 330 2084 quibus
346 2014 529 2085 pugnabatur,
552 2015 657 2083 confisi,
679 2017 726 2070 ubi
742 2016 813 2070 hosti
833 2017 936 2070 nullum
951 2013 1125 2070 multitudinis
1142 2032 1220 2067 usum
1236 2013 1354 2067 firmnrm
1370 2029 1412 2065 cre·

189 2091 297 2158 debant,
315 2091 431 2145 animose
449 2091 582 2164 congressi
599 2101 699 2160 essent,
717 2110 804 2165 neque
819 2094 980 2147 Macedones
1000 2091 1112 2162 impigre
1129 2089 1298 2159 resisterent,
1321 2091 1411 2143 mulam

189 2167 322 2236 sanguinis
339 2169 426 2222 fusum
441 2176 489 2223 est.
519 2169 574 2222 Sed
590 2178 731 2241 postquam
745 2170 889 2242 Antipater
904 2170 1034 2242 integram
1051 2167 1163 2222 subinde
1179 2186 1290 2222 manum
1307 2169 1410 2222 laboran-

189 2243 260 2296 tibus
282 2245 335 2297 suis
357 2245 474 2299 subsidio
500 2246 637 2315 mittebat,
664 2248 775 2319 impulsa
792 2247 1059 2302 Lacedaemoniorum
1075 2246 1143 2300 acies
1162 2247 1280 2315 gradum
1297 2244 1410 2316 paulisper

189 2317 287 2372 retulit.
324 2319 405 2384 Quod
422 2323 587 2393 conspicatus
603 2324 684 2396 Agis,
709 2343 769 2379 cum
785 2325 896 2379 cohorte
912 2324 998 2395 regia,
1021 2340 1088 2396 quae
1105 2339 1139 2377 ex
1156 2321 1310 2377 fortissimis
1326 2328 1408 2377 consta·

189 2397 246 2465 bat,
265 2412 293 2449 se
309 2396 338 2449 in
355 2399 480 2470 medium]

141 2540 159 2608 1
188 2537 211 2581 *
237 2537 260 2581 *
285 2539 308 2583 *
334 2527 476 2636 pugnae
503 2542 690 2617 discrimen
715 2543 869 2635 immisit,
897 2541 1198 2639 obtruncatisque,
1225 2542 1289 2639 qui
1314 2562 1407 2640 prom·
1415 2549 1428 2597 1·

188 2648 285 2744 ptius
311 2650 544 2746 resistebant,
580 2681 747 2754 magnam
773 2665 912 2752 partem
937 2654 1093 2728 hostium
1119 2654 1290 2753 propulit.
1342 2649 1426 2726 Coe-2

189 2770 318 2857 perant
342 2762 465 2859 fugere
501 2767 672 2858 victoreS,
705 2776 744 2839 et
770 2765 883 2839 donec
909 2766 1048 2840 avidius
1075 2776 1268 2862 sequentes
1295 2766 1330 2839 in
1354 2765 1407 2863 pla·

188 2897 276 2944 num
302 2872 500 2969 deduxere,
536 2878 639 2951 inulti
671 2877 866 2952 cadebant:
903 2877 968 2952 sed
992 2887 1034 2950 ut
1058 2877 1215 2974 primum
1242 2877 1355 2966 locus,
1383 2873 1408 2944 in

190 3011 261 3081 quo
288 2995 384 3060 stare
410 3000 567 3085 possent,
581 2991 658 3081 fuit
672 2990 794 3088 aequis
820 2990 956 3063 viribus
992 2988 1199 3062 dimicatum
1225 3005 1292 3062 est.
1329 2986 1426 3060 interl

191 3121 315 3170 omnes
342 3107 463 3172 tamen
488 3100 789 3175 Lacedaemonios
825 3126 891 3175 rex
918 3101 1110 3191 eminebat,
1146 3126 1220 3173 non
1248 3117 1408 3172 armorum

191 3207 300 3280 modo
326 3217 364 3280 et
389 3211 547 3308 corporis
573 3212 700 3310 specie,
715 3211 780 3285 sed
807 3212 914 3286 etiam
939 3210 1185 3309 magnitudine
1203 3213 1329 3306 animi,
1355 3231 1407 3307 quo
1451 3246 1455 3267 .

190 3343 264 3389 uno
289 3318 384 3391 vinci
407 3344 481 3391 non
506 3325 633 3418 potuit.
678 3322 845 3420 Undique
870 3349 965 3396 nunc
990 3324 1197 3414 comminue,
1223 3347 1320 3396 nunc
1344 3316 1429 3393 emi-⁴

192 3453 260 3500 nus
292 3431 499 3526 petebatur,
533 3433 663 3533 diuque
699 3460 799 3508 arma
824 3435 1089 3527 circumferens,
1122 3437 1192 3509 alia
1217 3435 1291 3508 tela
1317 3433 1409 3531 clipeo

193 3539 408 3637 excipiebat,
443 3570 591 3644 corpore
626 3545 695 3618 alia
728 3546 883 3619 vitabat:
919 3544 1032 3618 donec
1063 3546 1169 3619 hasta
1193 3546 1325 3619 semina
1348 3564 1410 3641 per·

196 3786 202 3799 ι
225 3715 327 3798 Liber
344 3731 383 3770 vr.
408 3717 516 3799 Capul,
552 3728 601 3775 .2.
619 3731 643 3774 et
661 3725 793 3776 donec-
825 3723 965 3776 verborum
989 3722 1070 3793 longe
1099 3720 1318 3792 frequentissima
1357 3719 1413 3775 Vide

190 3787 268 3865 snaltr
286 3788 423 3855 cadebant]
454 3788 500 3841 Src
549 3790 625 3844 odius
641 3789 740 3861 partim
757 3809 792 3845 ex
827 3808 869 3844 ex.
887 3809 928 3861 gr.
945 3791 979 3844 ad
996 3805 1041 3858 111,
1060 3796 1092 3844 27
1112 3799 1181 3843 extr.

191 3861 340 3975 completura
364 3856 460 3935 partim
477 3864 511 3909 ex
528 3857 605 3938 libris·
618 3859 746 3938 cqrrexit3
764 3868 792 3913 et
862 3861 890 3912 in
908 3877 958 3929 quo
975 3869 1047 3939 stare
1060 3858 1185 3939 pqsseat]
1198 3859 1296 3914 Nescio
1303 3856 1412 3938 qucund

191 3924 664 4072 tttttlsttlt’qtttttltt
679 3929 793 4050 titt
826 3926 1412 4066 lllllallmiealltaqliffiffi

191 4068 370 4138 secutrsunt,
389 4063 479 4141 inulti,
506 4065 579 4183 guod
596 4081 611 4116 e
628 4064 702 4144 libris
719 4065 793 4118 mstis
829 4064 875 4187 gui
904 4063 1144 4145 nuneresistunt,
1174 4063 1333 4144 Macedones
1355 4066 1410 4115 suut

190 4129 497 4251 lulllltqullllerl
527 4131 792 4254 tt‘tltlldlt·
827 4140 910 4256 vil?
924 4126 1410 4270 ltlttttltfm‘tlttst

191 4265 229 4316 At
245 4237 363 4333 pertinit
381 4214 489 4319 hocpirel
506 4217 619 4321 rionis
634 4268 709 4321 adid
723 4241 794 4339 qnod
863 4242 936 4337 §.A
975 4287 1081 4338 corpore
1103 4241 1160 4322 clia
1184 4218 1295 4340 vitiabat]
1354 4277 1408 4344 scere

191 4331 311 4401 sequitur
323 4333 412 4403 aequis
420 4334 520 4388 viribus
528 4345 589 4405 post
597 4338 678 4407 paulo
687 4336 793 4391 dimica-
828 4338 856 4391 in
874 4338 954 4392 catil.
973 4338 1049 4392 Orat.
1070 4345 1082 4391 1
1108 4343 1163 4391 ct
1186 4346 1247 4406 quot
1263 4354 1308 4406 epo
1318 4335 1406 4405 penbe-

192 4405 249 4452 tum
279 4417 350 4467 esse,
382 4409 476 4471 estque
500 4403 604 4458 illorum
631 4406 793 4477 permutatio
828 4425 874 4461 nes
904 4417 964 4460 tuas
999 4409 1037 4460 ita
1063 4407 1190 4460 coniectas
1215 4414 1245 4458 at
1269 4404 1346 4458 citeri
1366 4414 1405 4452 noa
