2926 5174
187 289 234 360 92
600 308 623 346 ’-
657 308 692 371 o.
721 307 844 359 cunrn
870 310 956 360 surr

186 488 358 565 Graeciae
391 502 513 590 gestas
549 488 719 565 coronam
754 516 899 564 auream
926 490 1061 563 donum
1088 492 1264 565 victoriae
1291 496 1423 570 ferrent.

185 600 299 673 Iidem
332 602 441 698 paulo
479 612 563 674 ante
598 602 755 676 incertae
785 603 903 675 famae
941 612 1178 699 captaverant
1211 628 1361 696 auram,
1393 619 1455 683 utu

185 736 399 808 quocunque
431 712 630 811 pendentes
664 714 801 786 animos
828 713 972 785 tulisset
996 714 1157 803 fortuna,
1186 729 1423 811 sequerentur.

133 824 181 894 23
289 818 458 895 Ceterum
490 828 564 895 non
595 824 672 921 ipse
706 822 814 897 modo
840 848 908 896 rex
934 823 1058 896 obibat
1084 825 1209 914 urbae,
1239 824 1361 900 adhuc
1384 830 1423 901 iu·
1436 857 1453 905 ιι

182 959 270 1031 gum
295 933 433 1030 imperii
459 944 676 1024 recusantes,
691 932 755 1006 sed
780 944 965 1030 praetores
993 961 1134 1032 quoque
1160 936 1423 1037 ipsius,‚egregii

139 1100 145 1108 .
183 1042 309 1133 duces,
343 1044 513 1140 pleraque
543 1044 761 1117 invaserant.
816 1043 920 1117 Calas
948 1044 1252 1144 Paphlagoniam,
1287 1046 1422 1147 Antigo-

180 1180 250 1228 nus
275 1152 511 1253 Lycaoniam;
538 1152 719 1246 Balacrus,
745 1154 919 1256 Hydarne
936 1153 1046 1228 Darei
1061 1167 1231 1252 praetore
1253 1172 1421 1256 superato,

111 1357 116 1366 .
181 1265 344 1338 Miletum
377 1267 488 1364 cepit:
529 1267 773 1364 Amphoterus
810 1278 847 1339 et
877 1264 1104 1362 Hegelochus
1141 1276 1295 1339 centum
1331 1295 1418 1344 saxa·
1431 1299 1450 1346 u

180 1377 282 1473 ginta
307 1379 455 1450 navium
482 1378 595 1471 classe
621 1378 756 1448 insulas
783 1378 877 1450 inter
903 1375 1077 1448 Achaiam
1104 1387 1214 1473 atque
1243 1376 1371 1452 Asiam
1392 1383 1420 1454 in

181 1488 358 1559 dicionem
392 1483 592 1560 Alexandri
627 1487 852 1585 redegerunt.
916 1486 1062 1559 Tenedo
1098 1514 1244 1585 quoque
1279 1503 1418 1590 recepta,

184 1594 328 1687 Chium,
355 1598 479 1670 incolis
517 1599 611 1670 ultro
639 1599 870 1688 vocantibus,
907 1608 1109 1670 statuerant
1135 1624 1336 1697 occupare:
1369 1604 1447 1679 sedu

182 1707 455 1798 Pharnabazus,
487 1706 596 1780 Darei
622 1719 784 1807 praetor,
817 1707 1081 1804 comprehensis
1109 1709 1170 1804 qui
1196 1736 1259 1783 res
1288 1713 1337 1785 ad
1360 1713 1416 1786 Ma·

181 1818 334 1891 cedones
361 1819 568 1908 trahebant,
594 1845 719 1892 rursus
746 1818 953 1917 Apollonidi
979 1829 1016 1891 et
1040 1817 1321 1918 Athenagorae,
1356 1851 1416 1898 sua·

179 1955 261 2002 rum
291 1930 448 2028 partium
480 1932 582 2021 viris,
616 1931 742 2003 urbem
775 1956 856 2002 cum
890 1929 1032 2001 modico
1063 1929 1248 2024 praesidio
1282 1937 1416 2008 militurn

179 2041 300 2112 tradit.
360 2040 537 2113 Praefecti
568 2039 768 2114 Alexandri
799 2041 836 2111 in
869 2038 1055 2113 obsidione
1087 2040 1186 2111 urbis
1224 2068 1443 2139 persevera-n

179 2153 277 2242 bant,
303 2177 377 2223 non
403 2162 479 2223 tam
505 2153 578 2223 suis
606 2152 760 2241 viribuS,
797 2176 904 2247 quam
929 2150 1099 2246 ipsorum,
1126 2152 1188 2249 qui
1215 2153 1413 2229 obsideban-

180 2272 249 2350 tur,
277 2261 473 2334 voluntate.
525 2260 600 2335 Nec
625 2262 750 2334 fefellit
776 2262 904 2358 opinio.
965 2258 1128 2358 Namque
1159 2263 1259 2336 inter
1287 2264 1412 2364 Apollo

215 2550 238 2615 ξ.
258 2554 298 2600 12.
340 2564 489 2616 quocunque
511 2549 654 2616 pendentes
680 2547 781 2598 animos
816 2546 861 2599 Fr.
880 2545 1008 2600 Gronovii
1024 2545 1188 2611 emendatio,
1218 2547 1335 2602 Observ.
1351 2565 1378 2618 11,
1392 2553 1408 2600 8.

180 2618 282 2668 tulisset
290 2617 405 2684 fortuna
420 2622 483 2694 post
501 2615 620 2667 Modium
642 2631 675 2666 ex
694 2631 781 2666 emen·
818 2614 902 2668 Codd.
920 2615 990 2667 enim
1016 2616 1136 2667 Tenedon
1153 2631 1260 2683 quoque
1279 2629 1407 2687 receptore

179 2683 286 2736 datione
303 2682 428 2736 Palmerh
454 2682 549 2735 editur.
584 2682 658 2736 Libri
679 2691 782 2735 veteres
817 2686 879 2750 lum,
899 2684 970 2753 quod
987 2691 1018 2735 ut
1034 2681 1243 2751 intelligeretur,
1258 2688 1407 2739 hostiumn·

179 2759 207 2805 et
225 2754 328 2804 animas
346 2759 374 2804 et
382 2754 524 2821 fortunam
551 2751 691 2816 exhibent,
714 2769 781 2804 unus
817 2755 976 2821 septoculum
1010 2751 1131 2821 princeps
1167 2752 1288 2823 scripsit.
1335 2753 1406 2806 lunius

177 2821 258 2874 Bern.
276 2821 300 2872 B
319 2822 434 2887 animos,
461 2819 520 2873 Pal.
541 2828 552 2872 1
574 2822 678 2872 animis.
714 2819 781 2871 Mihi
816 2820 911 2872 deinde
945 2837 1005 2872 oum
1035 2818 1095 2873 chii
1128 2818 1232 2872 insulae
1264 2823 1407 2875 mentionem

196 2889 283 2941 uidem
312 2905 403 2942 verum
428 2888 524 2941 vidisse
551 2888 657 2941 videtur
687 2889 781 2941 doctus
815 2888 873 2941 fieri
890 2905 996 2941 necesse
1012 2887 1115 2940 videret
1132 2903 1190 2939 esse
1208 2889 1258 2957 (ef.
1277 2891 1405 2954 Ari-lanu,

179 2957 185 2970 “
207 2975 222 3009 e
241 2956 340 3010 Gallus.
814 2964 848 3023 2,
876 2960 924 3026 4),
957 2956 1060 3008 addidit
1085 2965 1237 3008 statuerant
1266 2969 1295 3012 et
1323 2959 1402 3011 Chion

213 3024 278 3096 Cap.
296 3032 339 3092 23,
358 3029 380 3094 ξ.
401 3033 441 3080 13.
465 3029 551 3079 adbuc
569 3028 657 3095 iopam
676 3026 780 3093 imperii
815 3042 954 3094 occupare,
978 3024 1006 3076 id
1023 3024 1094 3094 quod
1111 3023 1193 3076 etiam
1210 3027 1320 3079 Modius
1333 3040 1402 3079 serra-

177 3104 326 3147 recusontes
345 3111 435 3147 omnes
452 3095 513 3147 libri
531 3113 604 3160 mss,
632 3093 696 3146 editi
718 3094 779 3160 imp.
814 3093 854 3146 vit
871 3111 930 3146 cum
947 3095 1058 3145 hostiurn
1075 3109 1172 3145 nomen
1185 3111 1282 3147 rursus
1300 3093 1405 3148 decisa.

176 3163 230 3231 inp.
249 3164 404 3216 adhaereo.
440 3163 506 3216 Post
529 3163 694 3232 aliquantum
716 3159 780 3212 item
816 3162 869 3215 Sed
888 3160 1017 3214 Gronovii
1034 3160 1162 3230 sagacitas
1180 3162 1274 3215 omnia
1291 3161 1405 3234 praeclare

176 3247 265 3282 omnes
284 3231 313 3282 H
330 3233 413 3284 dorne
430 3233 516 3284 Darei
535 3233 570 3300 (s.
590 3232 685 3298 Darii)
700 3247 781 3298 prae·
816 3229 963 3284 constituit.

177 3306 248 3362 tore,·
274 3247 355 3366 vulgo
382 3301 481 3351 Idorne
504 3317 549 3366 pr.
575 3299 665 3350 Darii.
700 3299 781 3367 Apud
850 3303 873 3367 ξ.
893 3304 933 3350 15.
956 3301 994 3350 od
1009 3299 1182 3377 Macedones]
1201 3298 1406 3368 Editionesquae

175 3364 317 3416 Arrianum
334 3379 388 3433 vn,
407 3373 432 3432 6,
453 3375 465 3418 7
483 3364 620 3439 Ὑδάρνης
637 3374 665 3418 et
680 3363 779 3438 ‘Pddp-
815 3366 1000 3420 auctoritatem
1013 3367 1113 3418 habent
1125 3374 1243 3434 variant,
1263 3386 1325 3433 nam
1333 3370 1406 3419 llore-

176 3452 225 3496 της
243 3431 349 3501 legitur.
814 3439 897 3488 donas
932 3434 991 3486 Iun.
1022 3435 1093 3503 Mod.
1125 3433 1224 3501 Such,
1262 3437 1406 3489 Macedones

211 3501 333 3553 Miletum
360 3503 438 3570 cepit]
483 3501 527 3555 Sic
553 3502 624 3554 Flor.
655 3501 778 3566 DEFGI,
813 3503 912 3556 Aldina
938 3511 966 3555 et
992 3502 1120 3568 Freinsh,
1148 3503 1196 3554 sed
1224 3505 1331 3557 codices
1355 3503 1377 3554 h.
1393 3499 1405 3550 l.

175 3561 313 3637 ediditque
331 3568 429 3638 primus
447 3569 529 3623 Hadr.
547 3569 655 3636 Iunius,
674 3589 734 3623 cum
750 3571 778 3623 in
813 3571 896 3624 nostri
924 3571 1030 3640 quidem
1053 3587 1142 3623 omnes
1163 3578 1277 3640 praeter
1299 3568 1405 3624 BernB

175 3634 260 3716 princi
311 3636 403 3689 firisset
421 3641 471 3690 dno
489 3641 563 3691 milio
581 3641 776 3709 militnmcepz't,
814 3641 975 3692 Macedones
1001 3640 1113 3704 habent,
1151 3636 1217 3690 item
1241 3657 1276 3692 ue
1303 3639 1406 3692 Snakeu-

174 3722 203 3757 m
220 3704 256 3756 Al
275 3703 318 3757 'na
335 3714 423 3758 autem
441 3708 565 3759 mendose
583 3718 704 3776 superato
724 3709 777 3760 He·
812 3707 899 3777 burgii
933 3707 1008 3760 Laid.
1044 3707 1120 3760 Voss.
1145 3712 1169 3759 2.
1240 3726 1278 3761 ox
1302 3709 1403 3760 Anna-

170 3775 294 3896 qptochua
317 3775 490 3843 Amphoterus
512 3786 535 3828 et
557 3777 679 3828 Miletum
702 3778 776 3845 cepit.
810 3793 893 3845 perae
918 3775 1036 3845 itemque
1068 3779 1090 3843 §.
1119 3782 1149 3827 17
1179 3777 1353 3845 Athenoporn
1368 3789 1404 3844 pro

202 3841 306 3894 imirum
323 3843 454 3910 Miletum,
473 3862 532 3897 cum
549 3846 658 3897 militum
676 3844 778 3913 legere-
812 3845 883 3913 vulg.
907 3846 1096 3913 Athenoporue
1117 3841 1179 3894 dedi
1196 3846 1320 3915 fpropter
1345 3840 1404 3896 codd

171 3919 230 3976 tur,
253 3927 285 3963 ea
310 3910 423 3965 ludibria
440 3912 586 3982 scripturae
608 3912 777 3992 provocarit,
812 3931 873 3965 mss.
892 3912 919 3965 in
936 3913 1021 3966 altero
1039 3921 1111 3966 certe
1128 3910 1188 3964 loco
1206 3929 1369 3966 consensum.
1453 3942 1455 3949 ·

171 3978 267 4050 quibus
293 3979 388 4048 optimi
414 3979 530 4050 alioquin
557 3981 658 4034 codices
685 3990 777 4034 conta·
849 3985 871 4048 §-
891 3987 931 4034 16.
955 3999 1007 4032 ιιοη
1025 3991 1077 4033 ran
1095 3981 1151 4032 suis
1169 3981 1286 4051 viribus]
1316 3975 1403 4034 Ablati·

171 4047 265 4099 minati
284 4057 358 4100 sunt:
382 4052 433 4101 duo
456 4052 566 4102 militurn
589 4057 635 4101 aut
659 4050 695 4100 II
709 4051 778 4101 mili·
812 4068 861 4101 vus
878 4049 921 4102 hic
939 4059 980 4101 est
997 4065 1096 4102 causae.
1132 4047 1233 4100 Sensus
1251 4058 1305 4102 est:
1331 4060 1402 4101 move

173 4125 227 4167 tum
245 4114 274 4181 (i.
283 4132 306 4167 e.
320 4117 373 4170 duo
388 4116 480 4184 milia),
499 4121 564 4170 dnos
577 4119 697 4180 militant,
712 4118 778 4169 adeo
812 4119 911 4170 bantur
928 4126 959 4169 ut
974 4117 1133 4170 obsidionem
1147 4116 1345 4183 continuarent,
1361 4128 1401 4167 non

173 4183 210 4235 ΙΙ
238 4185 302 4237 dnos
325 4187 435 4238 militnm
464 4194 506 4253 (ut
523 4186 603 4237 Bern.
621 4186 646 4237 A
664 4185 735 4237 Flor.
752 4186 778 4237 A
812 4195 869 4238 tam
904 4187 957 4238 uod
974 4185 1073 4238 viribus
1091 4185 1269 4252 abundarent,
1288 4178 1399 4254 sedquod

174 4248 263 4317 Leid.)
812 4254 840 4307 id
857 4204 982 4307 volebant
999 4254 1036 4306 illi
1053 4252 1103 4324 ipsi
1120 4251 1166 4322 qui
1183 4253 1374 4306 obsidebantur.

211 4320 233 4385 ξ.
253 4325 293 4372 14.
323 4322 425 4373 Tenedo
445 4338 543 4389 qnoque
561 4331 663 4441 recepto
685 4322 778 4374 Chium
847 4324 1032 4392 Apolloniden]
1069 4321 1114 4374 Sic
1132 4338 1193 4374 cum
1210 4321 1287 4374 Leid.
1305 4319 1396 4375 Vossl

176 4389 239 4453 een]
275 4387 386 4457 Optima
403 4406 434 4442 ac
451 4389 598 4442 {elicissima
634 4406 680 4443 aec
697 4397 738 4442 est
755 4390 777 4442 I.
811 4390 965 4445 Bem.Aet
973 4390 1043 4444 Flor.
1056 4390 1117 4457 AB3
1132 4389 1215 4460 vulgo
1225 4389 1396 4460 Apolloniden·

83 4792 200 4880 fla
