2926 5174
203 320 278 390 450
673 341 707 404 o.
735 339 968 394 carrucam
1015 338 1020 345 ’

201 523 356 595 effertur.
409 521 466 596 Ita
492 523 674 599 seditionis
699 549 772 595 non
797 523 954 599 remedia
974 549 1084 622 quam
1110 526 1294 623 principia
1319 530 1426 603 maiora

201 643 294 705 sunt.
346 631 427 705 Non
454 634 540 706 alias
561 645 635 707 tam
655 636 771 708 alacer
789 637 923 708 clamor
941 637 986 709 ab
1006 636 1179 709 exercitu
1203 647 1263 710 est
1280 637 1452 730 redditast

199 743 414 836 iubentium,
447 745 594 820 duceret
621 746 686 818 diis
714 747 878 820 secundis
885 803 894 837 ,
927 757 1178 844 aequaretque
1205 750 1337 846 gloria,
1359 777 1424 847 quos

200 856 447 928 aemularetur.
501 857 632 930 Laetus
659 858 713 929 his
733 859 1044 931 acclamationibus
1065 857 1115 930 ad
1139 859 1272 933 hostes
1291 863 1425 959 protinus

199 976 317 1039 castra
342 977 473 1039 movet.
528 966 776 1041 Validissimae
802 968 971 1042 Indorum
996 979 1130 1066 gentes
1162 982 1287 1062 erant,
1319 983 1352 1045 et
1372 972 1452 1046 bel-u

197 1078 272 1149 lum
297 1079 446 1176 impigre
472 1080 666 1176 parabant3
695 1077 890 1176 ducemque
917 1104 962 1151 ex
987 1080 1141 1154 natione
1172 1079 1424 1181 Oxydracamn

197 1200 379 1288 spectatae
405 1190 549 1263 virtutis
577 1191 767 1287 elegerant,
794 1192 854 1286 qui
878 1191 943 1263 sub
965 1187 1155 1264 radicibus
1177 1195 1314 1268 montis
1333 1206 1424 1268 castra

197 1301 328 1398 posuit,
348 1303 490 1398 lateque
510 1301 620 1397 ignes,
648 1311 689 1373 ut
709 1302 862 1398 speciem
880 1299 1122 1374 multitudinis
1145 1321 1312 1403 augeret,
1333 1317 1423 1380 osten-

198 1411 260 1502 dit,
288 1414 442 1484 clamore
469 1436 609 1508 quoque
636 1436 677 1483 ac
704 1412 759 1484 sui
784 1413 893 1485 moris
918 1412 1056 1485 ululatu
1080 1412 1292 1489 identidem
1313 1418 1422 1514 acquie

197 1533 336 1596 scentes
361 1521 576 1595 Macedonas
603 1523 736 1595 frustra
762 1533 896 1596 terrere
922 1532 1084 1596 conatus.
1142 1523 1227 1599 Iam
1254 1528 1318 1600 lux
1342 1544 1447 1626 appea

196 1635 307 1725 tebat,
334 1658 416 1705 cum
441 1658 508 1706 rex
527 1630 678 1706 fiduciae
700 1659 742 1706 ac
765 1634 840 1731 spei
865 1636 988 1732 plenus
1016 1635 1162 1737 alacres
1192 1640 1325 1712 milites
1347 1664 1421 1712 arma

198 1768 334 1841 capere,
362 1755 398 1817 et
417 1746 515 1818 exire
535 1745 571 1816 in
591 1745 702 1817 aciem
720 1746 829 1819 iubet.
882 1743 961 1835 Sed,
986 1743 1088 1818 haud
1109 1748 1277 1822 traditur
1295 1761 1420 1839 metune,

197 1879 243 1926 an
262 1855 391 1930 oborta
413 1857 586 1930 seditione
612 1857 705 1929 inter
732 1857 838 1954 ipsos,
866 1856 982 1929 subito
1009 1859 1264 1956 profugerunt
1289 1860 1419 1948 barbari

196 1977 292 2040 certe
328 1969 427 2041 avios
469 1983 610 2040 montes
647 1976 684 2039 et
725 1966 913 2064 impeditos
948 1982 1251 2064 occupaverunt:
1296 1985 1444 2070 quarunt

194 2102 322 2175 agmen
348 2104 414 2150 rex
439 2079 572 2151 frustra
598 2087 817 2175 persecutus,
843 2076 1101 2176 impedimenta
1129 2083 1241 2180 cepit.

146 2189 191 2260 18
297 2188 515 2261 Perventum
550 2188 678 2261 deinde
714 2199 770 2261 est
804 2189 851 2261 ad
885 2187 1057 2286 oppidum
1085 2190 1418 2292 Oxydracurum,in

158 2323 161 2334 ·
195 2299 292 2396 quod
325 2301 484 2397 plerique
519 2301 770 2397 confugerant,
805 2297 901 2371 haud
926 2298 1061 2373 maiore
1089 2302 1231 2378 fiducia
1257 2307 1417 2392 moenium,

195 2435 302 2507 quam
329 2435 518 2483 armorum.
571 2409 647 2482 Iam
679 2409 896 2483 admovebat
920 2435 984 2482 rex
990 2466 999 2500 ,
1035 2436 1121 2484 cum
1159 2426 1270 2491 vates
1300 2439 1417 2491 mma-e
1426 2428 1443 2478 ιι

191 2602 265 2656 Edit.
280 2623 320 2675 pr.
338 2607 453 2674 affertur,
476 2603 560 2656 Aldus
579 2611 608 2656 et
625 2600 720 2672 reliqui
735 2603 796 2672 ser·
831 2601 938 2656 structio
956 2619 1078 2657 tte—an
1097 2623 1151 2675 pro
1162 2610 1264 2662 sive-
1276 2614 1335 2676 siae,
1351 2625 1417 2682 quau·

193 2682 250 2738 tar,
278 2673 354 2725 codd.
382 2681 429 2726 aut
455 2673 577 2741 adfertur
603 2679 650 2724 aut
677 2673 795 2740 affertur.
830 2671 869 2723 vis
893 2670 1015 2740 frequens
1045 2671 1081 2725 sit
1105 2677 1183 2744 apud
1209 2678 1346 2747 Tacitum,
1367 2674 1417 2730 eud

192 2740 274 2793 Patet
290 2741 463 2794 Vindelinum
481 2757 573 2794 verum
591 2739 695 2792 vidisse.
831 2738 951 2793 Curtium
982 2747 1072 2794 tamen
1104 2761 1163 2797 non
1191 2746 1334 2802 invenitur.
1369 2695 1416 2799 lla

226 2813 248 2877 ξ.
266 2816 308 2863 23.
344 2829 374 2863 aa
392 2820 516 2879 caretque
537 2810 637 2879 ylario]
673 2807 748 2861 Editi
772 2818 795 2861 et
830 2807 968 2887 ipsam-ob·
982 2825 1090 2862 causam
1116 2813 1207 2867 nolim
1232 2833 1293 2870 curn
1310 2815 1416 2871 Modioet

192 2888 324 2998 aeqaafret,
344 2830 391 2931 sed
409 2877 449 2931 uti
467 2876 660 2997 ¹¹⁰?fldffliffls
678 2877 795 2997 lgllodqp
831 2877 1019 2998 rqcentrorrpus
1030 2877 1274 2998 edqtorlbusistud
1288 2897 1316 2939 ut
1329 2884 1416 3001 aad&

191 2964 600 3086 ttatffittltngtttt
611 2964 681 3067 ,tl
699 2964 794 3084 altu.
829 2960 1225 3094 {statuerumt
1240 2955 1415 3096 tltttttt

191 3094 278 3152 reaque
294 3036 417 3153 quoriam,
829 3081 1083 3159 dubrtatumlfuent.
1122 3085 1227 3157 Itaque
1247 3107 1308 3144 cum
1325 3085 1415 3145 Auula

225 3155 248 3219 ἕ.
267 3159 324 3205 25.-
344 3157 388 3206 lua
411 3152 560 3223 appetebat]
596 3150 686 3220 Vulgo
709 3168 793 3220 appa·
827 3168 875 3220 pro
893 3161 920 3202 at
938 3151 1025 3230 scrrbo
1040 3153 1125 3218 haud,
1144 3154 1266 3211 fortasse
1287 3158 1361 3212 etiam
1371 3171 1415 3226 prv-

190 3222 272 3287 rebat,
299 3223 345 3274 sed
372 3222 438 3274 illud
463 3240 522 3274 mss.
540 3221 622 3289 longe
648 3219 735 3289 plures
763 3227 790 3272 et
819 3221 941 3289 fugerint
958 3221 1152 3288 corrigendum
1161 3241 1217 3293 pro
1226 3224 1365 3281 indicativo
1370 3239 1414 3295 ptr

188 3287 309 3341 meliores
325 3289 401 3343 Leid.
412 3295 513 3343 Voss.1
528 3288 644 3342 Bern.A
657 3287 729 3340 Flor.
740 3287 788 3340 AB
817 3289 955 3359 fugerant.
983 3286 1113 3341 Ceterum
1128 3292 1229 3347 oborta
1243 3298 1414 3350 seditionem·

189 3355 247 3421 alii3
275 3361 418 3425 apparebat
445 3375 460 3410 e
486 3357 584 3411 nostris
610 3373 663 3409 non
690 3356 789 3409 habent
823 3364 880 3409 tato
897 3354 991 3409 ordine
1007 3356 1174 3429 verborum,
1194 3377 1231 3415 ex
1247 3371 1412 3418 msaerntrt·

189 3423 238 3475 nisi
256 3423 327 3477 Flor.
346 3426 408 3478 DFI
426 3434 453 3478 et
469 3427 522 3479 ΕΗ
539 3427 618 3478 Bem.
634 3425 668 3491 B,
686 3425 733 3476 sed
750 3424 788 3477 lta
822 3424 991 3478 stituendum.
1247 3433 1250 3437 ’

188 3498 220 3542 ut
237 3490 264 3543 in
281 3492 321 3544 his
340 3496 385 3546 lua
402 3495 546 3547 omittatur.
574 3493 695 3545 Diximus
709 3511 788 3562 supra
857 3493 922 3564 Cap.
942 3498 982 3558 18,
1001 3494 1023 3560 ξ.
1042 3499 1084 3547 26.
1113 3496 1145 3548 ia
1219 3495 1412 3571 dcoasirymtll

189 3575 221 3612 ea
238 3561 271 3611 de
288 3577 317 3613 re
334 3562 369 3613 ad
384 3578 443 3630 vu,
471 3570 511 3617 33.
546 3561 602 3615 Sed
632 3559 720 3614 nescio
753 3578 786 3614 an
821 3560 943 3633 Plerique
959 3578 1017 3613 mss.
1035 3563 1065 3613 in
1074 3580 1138 3632 qua,
1158 3515 1218 3620 dlii)
1226 3575 1257 3622 et
1274 3560 1363 3641 optimi
1374 3562 1412 3638 qui·

189 3627 246 3700 quis
264 3629 387 3683 maluerit
403 3650 455 3683 aaa
473 3632 617 3751 qsspetebat,
635 3638 665 3682 ut
678 3630 788 3683 coniun·
822 3631 881 3684 dem
906 3632 937 3683 id
960 3646 1008 3750 Ἐκ)
1035 3629 1121 3684 Bern.
1150 3638 1177 3686 A
1211 3635 1286 3691 Flor.
1314 3638 1338 3690 A
1360 3631 1412 3690 1AE

479 3719 488 3751 1

188 3705 266 3768 gutur
283 3705 386 3769 tempus
402 3717 462 3753 cum
509 3700 613 3769 oquod
626 3707 704 3752 antea
713 3699 787 3752 dixe·
821 3700 898 3753 Voss.
920 3707 942 3750 l.
992 3705 1128 3753 astrorum
1156 3720 1231 3758 unus
1250 3705 1322 3761 Flor.
1339 3697 1412 3760 But

187 3774 231 3819 rat
256 3767 384 3836 protinus
420 3769 491 3820 Nam
520 3767 608 3821 contio
633 3776 706 3821 certe
732 3786 787 3821 non
821 3771 899 3838 gatae
924 3766 1003 3819 favet.
1046 3766 1106 3846 §ed
1130 3773 1284 3853 coqsaqere
1309 3792 1359 3829 non
1378 3767 1412 3824 uls

188 3833 280 3887 habita
297 3844 356 3889 erat
373 3846 465 3903 noctu,
484 3837 531 3889 sed
549 3836 641 3888 adulto
659 3836 708 3888 die.
820 3835 922 3889 ratione
939 3841 1102 3888 construrtur
1126 3839 1181 3893 nisa
1201 3859 1266 3896 cum
1288 3846 1326 3898 aa
1339 3838 1411 3896 aazia

222 3906 294 3956 laad
316 3909 429 3959 traditur
450 3907 559 3972 metune]
594 3904 660 3956 Mss.
683 3915 712 3957 at
734 3915 787 3959 tra·
820 3923 879 3959 cum
896 3901 1051 3958 accusativo.
1097 3906 1158 3968 Quo
1177 3917 1209 3964 et
1228 3915 1303 3983 quod
1317 3904 1410 3967 mutand

188 3973 273 4037 ditur,
299 3974 371 4042 quod
389 3975 530 4028 defendere
548 3971 642 4042 possis,
668 3971 688 4024 si
706 3976 787 4027 verba
821 3988 884 4041 vm,
904 3979 945 4040 51,
963 3977 1003 4024 48.

187 4049 286 4092 metune
303 4060 338 4094 aa
356 4045 481 4096 seditione
499 4043 587 4095 oborta
601 4039 786 4097 subintellecto
854 4046 877 4110 ξ.
895 4049 936 4095 2⁷.
962 4040 1117 4096 admovebat
1138 4049 1202 4114 rex]
1232 4045 1410 4122 Singularcltf

186 4107 311 4160 incertam
328 4121 366 4163 est
386 4111 508 4165 absolute
530 4108 584 4163 acci
603 4108 641 4162 ies
663 4128 709 4175 pro
731 4113 784 4164 siae
819 4119 873 4177 est,
897 4109 942 4164 sed
959 4107 1096 4161 terendum
1124 4119 1227 4170 tamen
1244 4113 1410 4191 propurmr

187 4205 221 4213 —
239 4176 292 4229 sive
310 4178 390 4246 dictu,
407 4180 445 4233 ita
462 4180 528 4232 fere:
547 4128 603 4245 sed:
621 4184 651 4230 ut
660 4177 783 4247 traditur,
818 4177 956 4232 litudinem
977 4173 1104 4244 simplicis
1128 4183 1213 4238 verbi
1232 4202 1331 4242 movere
1361 4175 1409 4255 qml

186 4241 292 4296 barbari
309 4248 493 4318 profugerunt,
513 4245 571 4300 sive
587 4254 660 4299 metu
675 4247 729 4300 sive
744 4265 784 4301 se·
819 4264 896 4318 saepe
913 4247 951 4300 ita
967 4261 1015 4296 usu
1047 4253 1113 4299 atur
1141 4257 1178 4304 ut
1196 4265 1294 4310 castra
1308 4225 1348 4309 tel
1361 4263 1409 4305 dtr·

188 4309 287 4387 ditione
304 4315 405 4369 oborta.
442 4316 496 4369 Sed
519 4316 598 4369 habet
616 4323 704 4368 tamen
721 4317 786 4370 haee
819 4319 895 4370 citam
919 4312 1031 4368 subintel
1044 4312 1081 4384 'gi
1099 4331 1220 4375 neme
1239 4323 1284 4378 sie,
1300 4338 1334 4391 v,
1348 4315 1409 4376 stit

188 4386 264 4454 rano,
282 4382 354 4447 quod
364 4384 403 4436 dis
423 4383 511 4448 liceat,
530 4383 641 4452 primum
655 4384 689 4435 ob
703 4383 784 4436 inter·
819 4388 908 4438 audito
930 4384 1045 4434 Dareum
1079 4389 1203 4442 movisse
1231 4394 1268 4447 ab
1291 4384 1408 4447 Etlttffll'·

187 4449 286 4496 rectum
303 4457 330 4499 ut
348 4460 388 4504 tra
409 4454 472 4518 itur,
487 4450 580 4504 deinde
593 4450 654 4521 quia
667 4449 712 4504 illa
723 4470 783 4505 con·
819 4453 888 4507 Vide
905 4449 986 4504 Drak.
1010 4449 1045 4500 sd
1062 4449 1142 4507 Livii
1163 4456 1214 4513 lib.
1232 4472 1273 4530 x,
1300 4479 1322 4517 e.
1336 4458 1408 4523 ⁴5⁹·
