2926 5174
498 269 545 319 nn
572 269 699 321 ansus
733 269 842 321 max.
868 270 921 342 m,
939 267 965 320 a.
1331 257 1353 326 7

105 481 168 530 cum
189 454 418 526 latentibus
444 450 554 541 nodis,
581 452 674 543 nihil,
708 452 832 548 inquit,
869 453 1008 545 interest,
1035 455 1197 554 qumodo
1222 457 1353 531 sonan-

101 581 159 641 tur:
181 562 400 663 gladioque
426 563 537 660 ruptis
565 562 731 636 omnibus
757 563 853 653 loris,
880 565 1014 655 oraculi
1039 574 1175 638 sortem
1200 569 1261 641 vel
1279 568 1352 641 elu-

101 679 146 768 sit,
169 677 227 748 vel
254 674 475 771 implevit..

189 783 286 859 Cum
324 783 467 857 deinde
497 783 666 874 Dareum,
698 783 900 881 ubicunque
934 795 1039 876 esset,
1072 811 1247 885 occupare
1279 797 1350 860 sta-
1378 786 1400 855 3

100 897 223 986 tuisset,
250 904 300 967 ut
330 921 357 967 a
388 905 493 992 tergo
518 904 600 968 tuta
624 893 850 991 relinqueret,
884 893 1147 994 Amphoterum
1174 899 1278 971 classi
1303 897 1351 971 ad

101 1033 187 1082 oram
210 1005 470 1103 Hellesponti,
505 1006 615 1103 copiis
642 1014 762 1077 autem
795 1007 967 1104 praefecit
997 1006 1253 1106 Hegelochum,
1285 1008 1350 1082 Le·

100 1120 191 1192 sbum
230 1126 271 1191 et
311 1115 455 1190 Chium
493 1113 677 1212 Coumque
711 1116 912 1213 praesidiis¹
932 1118 1090 1192 hostium
1125 1120 1349 1193 liberaturos.

100 1228 156 1302 His
178 1229 327 1326 talenta
357 1227 412 1299 ad
438 1227 522 1300 belli
547 1251 652 1299 usum
678 1228 874 1325 quingenta
899 1229 1089 1302 attributa:
1127 1227 1176 1301 ad
1200 1229 1349 1325 Antipa-

102 1351 190 1412 trum
212 1350 248 1412 et
272 1364 360 1428 coe,
395 1339 456 1434 qui
483 1333 637 1411 Graecas
663 1336 771 1410 urbes
798 1337 1003 1428 tuebantur,
1030 1349 1202 1413 sexcenta
1222 1341 1350 1412 missa:

109 1472 148 1522 ex
168 1449 309 1525 loedere
340 1473 465 1521 naves
492 1451 595 1522 sociis
621 1451 827 1548 imperatae,
861 1474 952 1546 quae
978 1448 1214 1548 Hellesponto
1249 1476 1350 1548 prae·

105 1559 255 1634 siderent.
311 1557 498 1632 Nondum
524 1561 618 1633 enim
642 1559 872 1635 Memnonem
896 1561 972 1632 vita
999 1561 1195 1635 excessisse
1221 1587 1350 1658 eogno-

100 1681 211 1744 verat:
243 1673 285 1744 in
317 1695 439 1767 quem
466 1696 589 1744 omnes
616 1670 820 1745 intenderat
846 1696 959 1762 curas,
992 1673 1079 1745 satis
1105 1696 1239 1769 gnarus
1266 1697 1349 1744 cun-

99 1792 149 1854 cta
170 1783 206 1854 in
234 1780 427 1880 expedito
456 1782 542 1872 fore,
570 1783 600 1854 si
625 1782 713 1853 nihil
738 1783 784 1854 ab
812 1807 854 1854 eo
881 1792 1097 1856 moveretur.

185 1885 347 1989 Iamque
378 1890 432 1963 ad
459 1892 584 1965 urbem
609 1891 794 1991 Ancyram
820 1901 970 1964 ventum
996 1902 1085 1983 erat,
1111 1894 1173 1967 ubi
1199 1918 1349 1966 numero

98 2003 271 2101 copiarum
298 2004 414 2093 init0,
444 2000 724 2099 Paphlagoniam
750 2003 879 2089 intrat3
905 2001 988 2077 huie
1013 2002 1126 2075 iuncti
1151 2013 1254 2078 erant
1279 2001 1349 2075 He-

97 2117 169 2207 neti,
193 2116 299 2204 unde
321 2112 484 2211 quidam
497 2111 655 2187 Venetos
669 2112 811 2186 trahere
831 2112 1004 2209 originem
1023 2111 1201 2186 credunt*
1224 2110 1350 2187 Omnis
1394 2148 1398 2156 ·

97 2229 173 2302 haec
197 2229 305 2326 regio
335 2223 471 2323 paruit
501 2224 585 2320 regi,
618 2222 781 2320 datisque
817 2222 1000 2296 obsidibus
1031 2223 1217 2314 tributum,
1254 2223 1351 2320 quod

98 2365 136 2412 ne
157 2339 278 2413 Persis
309 2335 473 2435 quidem
498 2335 672 2425 tulissent,
710 2333 867 2432 pendere
901 2351 947 2407 n'e
980 2345 1202 2431 cogerentur,
1241 2336 1350 2431 impe·
1439 2335 1442 2341 ’

98 2459 286 2524 traverunt.
349 2445 467 2520 Calas
493 2444 574 2516 huic
594 2445 736 2550 ⁸regioni
752 2446 977 2544 praepositus
1004 2459 1077 2518 est:
1102 2441 1200 2543 ipse,
1216 2471 1350 2519 assum·

101 2563 161 2658 ptis
179 2564 238 2660 qui
259 2588 312 2635 ex
326 2553 553 2632 Macedonia
565 2573 687 2653 ‘nuper
706 2556 938 2645 advenerant,
953 2553 1215 2653 Cappadociam
1236 2557 1348 2654 petiit.

189 2673 241 2746 At
267 2671 441 2758 Dareus
469 2668 633 2745 nuntiata
645 2665 845 2740 Memnonis
871 2676 987 2739 morte
1005 2665 1103 2738 haud
1123 2692 1225 2739 secus
1244 2691 1352 2762 quam
1379 2660 1402 2729 4

103 2794 258 2878 parerat
284 2791 437 2868 motus,
466 2777 596 2849 omissa
627 2777 723 2850 omni
755 2778 824 2849 alia
857 2801 929 2874 spe,
966 2777 1092 2850 statuit
1122 2777 1198 2874 ipse
1231 2775 1350 2848 decer·

104 2917 195 2967 nere:
232 2896 377 2993 quippe
421 2913 514 2985 quae
548 2913 613 2985 per
647 2888 755 2960 duces
790 2913 875 2960 suos
901 2897 982 2960 acta
1008 2897 1111 2959 erant
1136 2895 1265 2959 cuncta
1290 2886 1350 2957 da-

108 3006 240 3077 mnabat
262 3016 376 3078 ratus
408 2999 574 3098 pluribus
607 3024 739 3088 curam,
772 2997 937 3071 omnibus
973 2998 1128 3068 abfuisse
1159 2999 1350 3067 fortunam.

147 3191 714 3264 Cap.3‚§.19.Amphoterum-Hegelochum]
750 3189 820 3310 gphud
850 3186 955 3240 Livium
986 3184 1126 3238 invenitur.
1186 3184 1256 3237 Vide
1287 3201 1308 3237 o.
1335 3191 1351 3237 5

116 3259 174 3313 Vide
187 3277 224 3331 ιν,
241 3272 271 3320 23
301 3264 494 3333 Amphoterus
512 3269 535 3310 et
552 3260 715 3326 Hegelochus
793 3258 874 3310 essoli
899 3257 996 3325 equites
1020 3264 1043 3307 et
1070 3254 1226 3307 Acarnanes
1255 3253 1352 3306 Aetoli-

113 3340 196 3383 centnm
208 3337 352 3404 sexaginta
374 3329 491 3382 navium
508 3330 592 3379 classe
611 3328 715 3378 insulas
750 3343 806 3395 que.

112 3399 168 3451 inter
185 3403 315 3455 Achaiam
347 3392 446 3466 atrue'
465 3396 560 3447 Asiam
582 3397 610 3447 a
635 3395 716 3448 arao.
785 3413 810 3478 s.
827 3416 868 3463 22.
903 3406 1300 3475 {incimmemmaum
1324 3413 1352 3459 et
1431 3474 1434 3478 ἢ

110 3484 158 3519 ”em
173 3471 324 3523 Alexandri
344 3469 520 3547 Yssjdefferum·
624 3529 637 3553 Ἰ
767 3478 868 3549 lerique
890 3495 949 3531 mss.
971 3478 1061 3543 Eheti,
1084 3476 1155 3529 Flor.
1177 3475 1226 3528 BC
1255 3477 1352 3538 Veneti,

127 3536 241 3613 ‚Laium
264 3549 289 3591 et
316 3537 425 3590 Cllwm
453 3531 591 3611 CWWWJ
616 3534 715 3584 ΨΜ·
788 3547 823 3599 id.
848 3547 943 3613 Vineti,
961 3546 1042 3597 Bern.
1059 3546 1087 3597 A
1109 3546 1203 3600 Vincli.
1226 3543 1280 3596 Sed
1297 3544 1352 3595 He-

111 3611 144 3682 prt
156 3604 307 3683 'lectionem
341 3606 421 3657 hanc
453 3616 569 3651 omnium
595 3606 716 3678 veterum
749 3626 821 3668 neto,
838 3622 928 3666 tamen
951 3616 995 3683 (ut
1016 3619 1057 3665 est
1080 3613 1107 3665 jn
1124 3612 1195 3665 mor,
1218 3611 1284 3678 GH)
1306 3627 1356 3690 ap«

110 3672 239 3727 edltlonum
267 3674 432 3728 Glareanus
460 3677 483 3719 el
508 3668 563 3720 0⁰⁷2
588 3668 715 3746 sentens,
769 3683 832 3736 ellat
852 3682 943 3735 Livius
964 3680 1075 3735 notabili
1095 3681 1154 3734 loeo
1175 3680 1202 3733 in
1225 3679 1354 3751 principio

112 3742 178 3807 quod,
210 3753 268 3810 uto,
287 3737 462 3813 particulam
480 3753 527 3803 que
543 3742 651 3788 ternam
668 3750 716 3786 vo·
771 3750 883 3805 gotiae·
1352 3760 1354 3773 ι

113 3822 159 3860 cem
204 3812 368 3881 'ungentem
388 3823 447 3858 non
464 3803 553 3856 ferret.
574 3803 646 3855 Nam
663 3803 716 3855 for·
787 3839 809 3904 ἓ.
841 3842 882 3890 23·
923 3837 1006 3888 omnis
1041 3837 1105 3888 haec
1139 3836 1227 3902 rem-0]
1262 3831 1354 3909 Vulgo

111 3891 169 3929 mam
187 3880 266 3960 emim
284 3879 404 3956 qnidqm
430 3880 503 3925 ωηο
523 3872 718 3951 reprehendere
752 3906 835 3958 munis
855 3921 898 3956 ue:
915 3911 1035 3957 nostrum
1051 3914 1122 3956 recte
1131 3907 1269 3955 servarunt
1278 3898 1354 3963 Leni,

112 3960 156 3996 nou
169 3956 265 4016 potum,
283 3960 423 4018 quomam
437 3941 506 3992 Cous
523 3941 629 4010 qmdem
646 3938 718 4009 apud
751 3973 823 4027 Flor.
882 3971 962 4025 Rem
979 3973 1013 4024 A·
1168 3975 1171 3979 .
1352 3976 1355 3986 .

114 4009 202 4068 Livium
228 4030 363 4081 xxxvn,
398 4016 432 4063 16
464 4016 493 4061 et
522 4026 605 4061 accus.
636 4008 718 4060 Coum

114 4083 172 4198 apud
197 4085 262 4139 Tac.
287 4087 366 4137 Ann.
398 4093 440 4142 11,
461 4082 496 4156 75
522 4077 719 4156 leg1tur,·cum
755 4144 761 4156 ι
789 4078 812 4142 ς.
830 4081 872 4127 24.
911 4075 1004 4154 Calas]
1027 4073 1070 4126 De
1089 4071 1154 4150 Cala
1170 4054 1357 4149 Pephlagonat

178 4151 721 4273 aPassenianum
754 4137 1357 4279 steininen

117 4237 351 4352 sermdhilehtirii,
372 4299 534 4355 quamquam
552 4281 653 4350 saepius
672 4295 721 4356 que
755 4278 914 4349 intelligitur
935 4297 970 4333 ex
990 4228 1176 4346 hgelnophontis
1192 4246 1308 4327 Anahaa
1326 4285 1360 4343 v,

118 4377 145 4391 ·-
167 4366 188 4409 et
210 4357 239 4410 in
265 4357 360 4411 tribus
394 4348 506 4404 diversis
532 4347 721 4420 coniungendis
758 4356 783 4417 6,
802 4357 826 4401 8.
1340 4372 1360 4397 a
