2926 5174
119 270 193 342 410
587 289 621 352 o.
649 289 774 341 cunm
798 293 883 346 amu

115 499 196 546 xxx
227 472 373 546 delectis
406 474 639 571 praemiserat
670 500 753 566 rex,
791 487 828 549 et
860 477 930 548 iam
964 503 1135 576 pugnare
1168 483 1341 558 commitis

116 594 326 682 coeperant3
354 582 418 656 sed
444 608 525 656 cum
552 611 705 684 superne
722 587 796 659 tela
810 587 954 661 barbari
971 590 1197 687 ingererent,
1223 597 1341 694 saepius

114 696 183 793 ipsi
214 695 447 786 feriebantur,
485 721 591 792 quam
624 698 871 771 vulnerabant.
923 698 1022 798 Ergo
1058 700 1282 797 Alexander,
1304 718 1342 781 »et
1356 729 1375 774 u

115 807 267 879 nominis
295 807 349 878 sui
376 818 412 879 et
437 809 602 905 promissi
627 833 780 899 memor,
820 808 906 881 dum
937 812 1059 884 acrius
1088 839 1199 910 quam
1226 819 1341 892 cautius

117 917 278 1009 dimicat,
325 919 510 991 confossus
550 920 706 1016 undique
746 920 918 992 obruitur.
981 919 1104 1010 Quem
1144 936 1188 1000 ut
1226 925 1342 1001 Charus
1355 949 1375 994 a·

114 1030 289 1104 iacentem
315 1031 511 1127 conspexit,
538 1055 641 1104 ruere
666 1032 704 1102 in
730 1033 882 1121 hostem,
908 1033 1073 1106 omnium
1101 1048 1245 1134 praeter
1261 1041 1343 1113 ultio

115 1167 198 1214 nem
224 1143 428 1230 immemor,
464 1143 599 1240 coepit,
633 1143 836 1239 multosque
867 1143 992 1234 hasta,
1031 1148 1213 1242 quosdam
1243 1150 1342 1247 gladio

113 1253 312 1342 interemit3
355 1253 419 1326 sed
453 1279 535 1325 cum
570 1263 627 1327 tot
661 1279 773 1329 unum
805 1254 1028 1329 incesserent
1064 1284 1216 1352 manus,
1255 1287 1342 1360 super

115 1366 218 1438 amici
250 1391 379 1464 corpus
410 1366 601 1462 procubuit
633 1365 815 1439 exanimis.
868 1362 978 1439 Haud
1005 1393 1131 1461 secus,
1166 1397 1270 1470 quam
1292 1392 1372 1472 paru

114 1488 192 1550 erat
199 1534 208 1568 ,
243 1476 589 1575 promptissimorum
623 1478 793 1550 iuvenum
825 1486 1103 1577 ceterorumque
1136 1485 1284 1557 militum
1304 1485 1342 1556 in·

114 1590 224 1661 teritu
261 1599 460 1661 commotus
499 1614 566 1662 rex
598 1590 739 1686 signum
769 1590 929 1686 receptui
961 1588 1077 1663 dedit.
1140 1591 1253 1669 Saluti
1281 1596 1341 1685 fuit
1354 1612 1372 1659 1⁸

114 1699 212 1797 quod
238 1701 368 1773 sensim
395 1710 433 1772 et
457 1699 625 1798 intrepidi
652 1725 690 1773 se
712 1711 943 1798 receperuut;
971 1712 1010 1775 et
1033 1703 1196 1798 barbari,
1222 1709 1341 1781 hostem

113 1812 290 1910 depulisse
318 1813 485 1902 contenti,
512 1838 585 1884 non
611 1812 771 1885 institere
797 1811 1017 1886 cedentibus.

64 1925 110 1995 41
219 1921 386 1997 Ceterum
418 1922 626 1996 Alexander
658 1948 740 1995 cum
777 1923 962 1998 statuisset
996 1926 1179 2002 desistere
1208 1930 1338 2029 incepto,
1351 1946 1369 1993 1⁹

115 2035 261 2134 (quippe
296 2035 393 2106 nulla
428 2060 510 2132 spes
550 2032 745 2133 potiundae
779 2045 903 2132 petrae
937 2039 1198 2140 offerebatur)
1239 2053 1338 2116 tamer

113 2148 267 2246 speciem
293 2144 452 2220 ostendit
476 2147 514 2218 in
539 2145 724 2219 obsidione
750 2150 1025 2244 perseverantis.
1063 2150 1162 2225 Nam
1181 2165 1217 2228 et
1233 2155 1339 2228 itinera

113 2257 268 2332 obsideri
294 2258 411 2349 iussit,
439 2268 476 2331 et
501 2269 618 2332 tm'res
645 2258 845 2349 admoveri,
871 2269 908 2331 et
933 2260 1097 2359 fatigatis
1125 2265 1216 2339 alios
1242 2289 1338 2339 succe

113 2370 206 2443 dere.
261 2369 369 2444 Cuius
401 2371 596 2468 pertinacia
627 2370 788 2468 cognita,
823 2371 902 2444 Indi
933 2396 1000 2470 per
1032 2373 1191 2448 biduum
1216 2376 1365 2474 quidemr

112 2508 154 2556 ac
180 2480 269 2556 duas
295 2491 435 2572 noctes,
471 2508 553 2555 cum
578 2483 818 2555 ostentatione
843 2507 917 2554 non
948 2482 1107 2558 fiduciae
1134 2488 1259 2579 modo,
1289 2485 1336 2560 sed

112 2595 219 2669 etiam
247 2595 424 2683 victoriae,
457 2594 591 2691 epulati
618 2604 712 2685 sunt,
738 2604 910 2693 tympana
936 2619 1003 2666 suo
1029 2620 1137 2671 more
1163 2601 1334 2697 pulsantes.

112 2706 233 2781 Tertia
263 2731 350 2779 vero
387 2717 492 2778 nocte
525 2716 779 2805 tympanorum
810 2704 952 2802 quidem
985 2709 1166 2806 strepitus
1207 2710 1362 2784 desieras

111 2817 243 2909 audiri3
280 2828 438 2891 ceterum
465 2843 511 2890 ex
538 2826 617 2889 tota
647 2827 750 2914 petra
775 2818 869 2890 faces
896 2819 1147 2916 refulgebant,
1188 2848 1272 2920 quas
1294 2845 1333 2894 ac·
1375 2888 1377 2905 ,

110 2931 305 3005 cenderant
329 2930 484 3019 barbari,
511 2938 552 3000 ut
578 2927 690 3000 tutior
715 2939 811 3002 esset
835 2928 919 3025 ipsis
945 2930 1042 3027 fuga,
1072 2933 1232 3008 obscura
1251 2944 1333 3008 nocte

111 3070 175 3142 per
205 3044 302 3116 invia
334 3066 423 3114 saxa
455 3040 621 3112 cursuris.
675 3039 769 3131 Rex,
804 3038 970 3128 Balaam,
1010 3042 1073 3137 qui
1101 3048 1361 3142 specularetur‚o

109 3156 306 3254 praemisso
313 3212 322 3246 ,
358 3152 541 3252 cognoscit
572 3161 714 3250 petram
743 3153 828 3250 fuga
853 3149 1026 3224 Indorum
1059 3179 1144 3230 esse
1172 3156 1334 3232 desertas

111 3266 203 3338 Tum
240 3266 324 3339 dato
360 3257 482 3366 signo',
525 3275 566 3337 ut
601 3265 761 3337 universi
795 3263 1081 3358 conclamarent,
1124 3266 1333 3368 incomposite

111 3379 328 3475 fugientibus
363 3390 499 3453 metum
533 3377 696 3449 incussit.
754 3374 945 3471 Multique,
988 3385 1184 3476 tamquam
1218 3381 1377 3487 aduae.

110 3491 242 3580 hostis,
277 3516 341 3588 per
374 3492 510 3564 lubrica
542 3511 652 3578 saxa,
689 3513 821 3587 perque
851 3487 965 3560 invias
997 3499 1102 3564 cotes
1135 3485 1333 3593 praecipitati
1375 3538 1377 3547 ·

111 3600 336 3692 occiderunt3
364 3603 483 3700 plures
511 3603 631 3699 aliqua
657 3601 898 3674 membrorum
922 3609 1029 3696 parte
1054 3606 1221 3698 mulcati,
1244 3605 1284 3679 ab
1295 3601 1331 3675 ir·
1375 3628 1377 3697 g

146 3864 220 3929 §.m
243 3871 266 3914 et
284 3863 337 3914 iam
349 3866 482 3931 preparare]
507 3861 713 3917 Omittituriom
747 3851 838 3914 D'FGI
855 3877 912 3914 cum
929 3880 1011 3915 anam
1028 3873 1066 3917 tol
1084 3865 1257 3934 incessam,
1271 3855 1330 3917 etfl't

110 3929 138 3982 in
160 3929 233 3987 Flor.
249 3930 302 3983 ΕΗ
326 3930 405 3982 Bern.
423 3933 456 3998 B,
484 3932 550 3985 ordo
572 3931 714 3984 verborum
748 3930 812 3983 edit.
830 3929 905 3984 Mod.

110 4005 229 4051 mutatur
246 4007 276 4051 ut
292 3998 327 4051 sit
344 4003 459 4053 cominus
472 3999 714 4070 pappareinFlor.
785 3997 851 4068 Cap.
868 4006 916 4064 41,
943 4001 967 4067 ξ.
986 4006 1030 4054 23.
1066 4005 1164 4074 aliqua
1189 4003 1329 4057 mentm

111 4064 188 4132 DGl,
206 4069 287 4120 verba
325 4086 385 4120 uam
400 4071 571 4122 vulnerabunt
586 4066 713 4121 omittuu-
741 4077 822 4136 parte
839 4069 956 4139 melecta]
988 4068 1119 4142 Plerique
1136 4072 1199 4126 libri
1214 4063 1327 4125 mul·

111 4143 155 4187 tur
172 4134 199 4187 in
216 4137 289 4189 Flor.
308 4085 342 4189 il:
368 4137 504 4219 ediditque
525 4136 590 4189 item
607 4135 713 4189 Modius
748 4138 819 4201 etati,
837 4135 937 4190 Voser
957 4143 986 4190 et
1003 4137 1080 4192 Flor.
1098 4139 1127 4194 G
1143 4158 1203 4194 cum
1219 4130 1327 4194 vettffl

111 4220 174 4256 com.
204 4222 327 4273 pupnare
353 4213 381 4257 et
419 4206 506 4259 omisit
531 4222 608 4275 quam
642 4206 712 4256 vulo.
747 4207 867 4272 mutilati,
885 4205 932 4258 sed
946 4204 1041 4276 optimi
1050 4208 1152 4281 quique
1160 4200 1325 4262 Romano

112 4270 315 4341 sigebergenses
338 4276 516 4342 membranas,
544 4271 643 4339 nteit,
671 4289 712 4325 se·
747 4272 972 4328 ALeidNossl
992 4277 1112 4331 macuti.
1139 4276 1255 4331 Diximus
1268 4282 1325 4343 ΙΨ,

51 4384 55 4390 .
114 4346 197 4392 cutus.
747 4343 781 4395 ad
798 4357 850 4407 vu,
867 4349 899 4396 42
918 4343 952 4396 de
969 4359 1035 4397 vera
1051 4345 1187 4400 scribendi
1206 4343 1257 4398 eiu
1269 4335 1324 4393 rel*

37 4445 39 4449 ψ
148 4409 171 4481 5.
187 4413 227 4460 16.
263 4424 319 4461 cam
343 4420 379 4463 tot
400 4429 478 4463 unum
502 4412 605 4485 incest]
641 4409 712 4468 Flor,
746 4411 857 4465 ratione.
