2926 5174
182 261 232 332 40
649 273 683 335 o.
712 270 837 322 conrii
861 269 946 320 nuri

182 461 329 537 ordines
354 460 475 546 ibant3
501 477 617 551 neque
644 453 739 527 enim
763 450 871 524 letius
898 447 1047 523 extendi
1064 449 1177 522 aciem
1196 451 1412 554 patiebantur
1453 536 1455 547 Ι

184 571 380 670 angustiae.
432 566 613 640 Paulatim
645 561 774 638 deinde
807 562 931 635 laxare
966 584 1005 633 se
1031 559 1129 633 sinus
1154 562 1351 652 montium,
1385 574 1412 636 et
1453 556 1455 645 ξ

181 683 298 758 maius
331 679 487 777 spatium
518 676 655 774 aperire
682 662 893 771 coeperant,
927 671 979 743 ita
1005 680 1143 743 utnon
1170 669 1287 768 pedes
1314 673 1412 745 solun
1453 660 1455 723 ¹

181 793 346 893 pluribus
372 787 556 862 ordinibus
581 783 756 876 incedere,
780 780 972 856 sedetiam
997 781 1169 854 lateribus
1192 783 1413 855 ciroumfimdi

184 912 308 1002 posset
333 900 522 998 equitatus.
1266 955 1272 963 .
1383 953 1386 961 .

134 1008 182 1080 25
286 1011 364 1085 Iam
388 1011 426 1083 in
452 1017 655 1107 conspectu,
683 1004 748 1079 sed
774 1013 880 1077 extra
905 1003 968 1077 teli
992 1003 1125 1077 iactum
1151 1014 1311 1102 utraque
1336 1006 1444 1078 eciesr

185 1132 278 1213 erat,
312 1147 393 1194 cum
426 1120 563 1217 priores
589 1117 722 1192 Persae
756 1114 980 1188 inconditum
1011 1125 1048 1188 et
1073 1122 1215 1189 trucem
1252 1118 1415 1190 sustulere

184 1236 385 1306 clamorem.
455 1228 631 1308 Redditur
671 1238 708 1301 et
742 1253 765 1301 a
794 1224 1051 1299 Macedonibus
1091 1226 1208 1298 maior
1251 1228 1437 1300 exercitum

183 1369 344 1433 numero,
358 1341 449 1439 iugis
462 1341 639 1413 montium
651 1339 835 1436 vastisque
849 1337 998 1410 saltibus
1017 1361 1272 1434 repercussus:
1301 1339 1416 1436 quippe

183 1478 326 1552 semper
358 1451 582 1524 circinniecta
615 1474 764 1540 nemora
794 1458 1004 1547 petraeque,
1032 1456 1348 1546 quantamcunque
1373 1475 1416 1521 ac·

185 1587 311 1661 cepere
338 1586 474 1650 vocem,
501 1560 735 1659 multiplicato
767 1585 857 1633 sono
883 1559 1053 1631 referunt.
1106 1556 1323 1632 Alexander
1347 1571 1437 1633 antes

184 1779 245 1815 nem
271 1760 404 1830 dicamus,
433 1777 493 1815 cum
538 1764 636 1817 halanx
662 1777 712 1830 pro
735 1761 789 1814 loci
824 1775 931 1830 quoque
949 1759 1016 1813 siout
1033 1758 1148 1812 Romani
1169 1777 1256 1812 unum
1274 1760 1417 1814 vocabulum

185 1831 389 1911 opportunitate
406 1831 486 1884 modo
503 1780 623 1901 piuribus
632 1831 712 1882 modo
721 1847 788 1910 pau·
822 1829 949 1881 habemus
968 1829 1070 1889 ditio,
1093 1845 1146 1897 quo
1164 1828 1302 1882 sectiones
1321 1829 1416 1900 agninis

185 1899 299 1952 cioribus
317 1899 453 1953 ordinibus
479 1901 651 1965 consisteret,
683 1898 788 1968 ipsique
822 1895 851 1948 in
869 1894 1036 1949 altitudinem
1053 1895 1254 1965 significantur,
1283 1906 1315 1950 ut
1337 1899 1415 1952 cohors

183 1966 222 2020 illi
239 1965 351 2036 triginta
373 1970 426 2021 duo
444 1965 548 2022 ordines
565 1987 619 2023 non
636 1983 698 2020 raro
716 1966 788 2021 inve·
823 1965 929 2018 dicatur
946 1964 1030 2018 tribus
1048 1975 1095 2017 aut
1112 1981 1159 2017 sex
1177 1964 1319 2019 ordinibus
1333 1965 1417 2021 consti·

75 2091 79 2098 ,
183 2036 306 2103 niantur,
333 2055 358 2090 v.
377 2054 399 2090 c.
417 2035 445 2088 in
481 2037 565 2090 roelio
582 2034 709 2091 Antiochi
726 2035 788 2105 Syri
823 2033 895 2100 tisse,
914 2032 936 2085 si
952 2041 1007 2086 tres
1025 2040 1071 2085 aut
1089 2048 1136 2085 sex
1150 2033 1273 2086 homines
1283 2034 1416 2105 alterponc

184 2121 244 2159 cum
260 2103 388 2157 Romanis
406 2106 441 2156 ad
489 2122 505 2156 a
543 2105 641 2159 esiam?
658 2105 786 2157 Pluribus
822 2101 936 2154 alterum
959 2100 1134 2155 constiterint.
1154 2168 1161 2180 .
1178 2100 1326 2181 Quomodo
1347 2103 1416 2173 igitur

184 2178 275 2225 autem
291 2173 425 2238 incedere,
453 2189 506 2242 quo
549 2189 605 2227 esse
622 2174 731 2226 deberet
747 2172 787 2225 ita
823 2170 949 2240 quisunt
974 2178 1003 2223 et
1028 2169 1079 2240 ipsi
1104 2170 1210 2222 ordines
1228 2189 1258 2223 in
1276 2172 1363 2226 fronte
1378 2190 1416 2242 ap-

183 2238 306 2292 incedere
323 2247 355 2290 ut
371 2238 483 2293 militum
500 2258 622 2294 numerus
636 2241 787 2294 infrontem
822 2238 973 2307 pellantur?
1000 2237 1104 2291 Nescio.
1138 2238 1202 2292 Hoc
1219 2238 1284 2292 loco
1301 2240 1416 2294 dicerem:

184 2313 329 2375 augeatur,
355 2305 452 2359 Latine
469 2324 524 2360 non
541 2309 649 2375 dicitur,
677 2315 737 2374 aut,
764 2308 786 2362 si
821 2314 853 2359 ut
878 2306 998 2376 peditum
1024 2306 1092 2360 acies
1114 2306 1302 2376 duplicaretur
1319 2317 1346 2364 et
1363 2326 1417 2389 qua

184 2374 263 2439 forte,
283 2372 423 2428 subaudito
441 2376 523 2427 verbo
540 2377 617 2430 simili
630 2376 708 2447 quale
717 2385 786 2430 esset
822 2375 1016 2445 druplicaretur
1032 2375 1060 2427 in
1074 2375 1196 2427 frontem.
1217 2375 1301 2440 Quod
1310 2385 1417 2447 sequtus

184 2442 322 2496 ordinibus
340 2440 485 2508 diceretur,
511 2458 564 2511 qua
581 2460 610 2496 re
628 2444 692 2497 nihil
709 2461 786 2514 pror·
818 2445 947 2497 ‚luteribus
965 2445 1140 2514 circumfiindi
1164 2443 1284 2498 editores
1304 2461 1415 2515 corrupe·

184 2527 227 2564 siis
254 2508 445 2563 adiuvaremur.
490 2509 624 2573 Quocirca
650 2514 786 2566 ordinibus
819 2519 884 2564 runt
901 2512 1001 2565 inserto
1019 2513 1186 2565 uiatoribus:
1204 2528 1296 2583 neque
1314 2513 1416 2568 enimin

183 2577 255 2632 sicut
271 2576 324 2630 iem
340 2577 367 2630 in
385 2577 504 2648 principe
522 2577 743 2658 editionelegitur
758 2589 786 2634 et
820 2580 896 2632 codd.
914 2598 975 2633 mss.
998 2597 1047 2633 nec
1073 2579 1101 2632 in
1119 2579 1183 2633 edit.
1201 2599 1246 2660 pr.
1265 2590 1315 2635 aut
1330 2583 1416 2636 Aldu

184 2646 241 2716 ipse
259 2645 367 2715 scripsi,
389 2646 514 2698 mendum
530 2654 664 2699 vetustum
681 2664 710 2698 in
726 2646 785 2700 loco
820 2646 926 2715 legitur.
960 2648 1090 2717 (Primum
1106 2647 1134 2700 in
1151 2648 1268 2704 Iuniana
1285 2650 1387 2718 inveni.)

181 2720 319 2767 versatum
336 2713 489 2767 existimaus
513 2714 652 2768 omissione
669 2714 786 2784 syllabae

185 2784 242 2848 bus,
268 2783 339 2834 unde
355 2781 477 2836 relictum
494 2781 522 2834 in
538 2783 612 2836 Leid.
631 2784 732 2848 ordini,
758 2783 787 2835 in
857 2782 923 2852 Cap.
942 2790 985 2850 25,
1020 2788 1043 2853 9.
1062 2793 1086 2839 2.
1125 2786 1213 2839 maior
1231 2790 1415 2850 erudierun-

184 2849 293 2920 reliquis
310 2850 519 2917 factumordine,
537 2869 599 2904 nam
616 2869 706 2905 veram
713 2850 785 2904 Flor.
820 2868 900 2917 mero,
918 2853 998 2921 iupis]
1040 2855 1129 2924 Vulgo
1147 2853 1249 2924 legitur
1266 2859 1380 2910 redditur
1393 2864 1416 2907 et

186 2918 208 2973 C
228 2917 387 2988 scripturam
404 2919 570 2974 correctione
593 2928 684 2974 natam
709 2926 785 2989 puto.
822 2937 839 2971 o
854 2920 927 2972 Mac.
945 2921 1039 2989 maior,
1058 2924 1185 2975 exercitus
1204 2925 1296 2992 impar
1312 2940 1411 2988 amnuo,

186 2986 286 3040 Totam
303 2995 393 3041 autem
408 3004 465 3041 rein
482 3005 516 3040 ex
531 2988 697 3042 Callisthenis
715 3006 732 3041 a
750 2990 787 3040 ud
822 2990 871 3040 sed
886 2989 957 3057 iupis
975 2996 1025 3042 cet.
1061 2989 1115 3042 Sed
1140 2994 1189 3043 sed
1211 2992 1247 3045 ab
1265 2991 1357 3046 Aldine
1371 2991 1411 3042 de·

184 3054 326 3125 Polybium
334 3071 386 3123 xii,
399 3063 430 3111 19
448 3057 601 3111 narratione
618 3057 657 3111 ita
674 3006 785 3126 explico.
821 3073 894 3108 mum
911 3055 1012 3110 editore
1029 3057 1160 3112 adiectum
1177 3067 1229 3127 est,
1249 3069 1279 3114 et
1297 3063 1376 3130 inpar
1389 3059 1415 3111 in

183 3123 324 3178 Exercitus
341 3125 518 3180 Macedonum
541 3125 580 3179 ita
600 3126 628 3179 in
651 3125 735 3180 aciem
758 3141 786 3178 se
821 3141 875 3177 uno
893 3124 964 3178 Flor.
984 3123 1010 3177 G
1036 3135 1077 3179 est
1104 3127 1236 3196 simulque
1262 3147 1317 3182 nou
1341 3129 1417 3181 minor

185 3191 324 3246 coustituit
332 3193 403 3247 inter
410 3193 643 3263 progrediendum,
661 3202 693 3246 ut
709 3193 786 3247 initio
841 3195 973 3245 romoior.
992 3192 1025 3246 In
1037 3193 1145 3265 reliquis
1163 3193 1265 3264 legitur
1282 3196 1350 3251 sicut
1365 3213 1417 3250 cum

183 3259 289 3380 erm
315 3260 656 3382 merresa
675 3261 787 3382 rar.
822 3259 1417 3402 ..sbtburibuunubrd

649 3368 656 3395 ‚
934 3370 939 3382 ,
1407 3362 1417 3375 .

185 3411 246 3447 cum
262 3401 366 3447 montes
384 3410 412 3447 se
428 3395 551 3448 laxarent
560 3403 588 3448 et
596 3396 706 3449 idoneus
716 3411 787 3448 cam·
821 3398 873 3464 ior,
890 3397 999 3451 monn
1017 3401 1102 3453 maior
1119 3402 1228 3466 clamor,
1248 3401 1351 3455 omissis
1367 3417 1418 3454 ier·

185 3477 236 3531 pus
246 3461 403 3529 aperiretur,
421 3463 518 3514 dextra
535 3462 663 3542 laevaque
679 3463 708 3515 iii
716 3464 787 3517 fron·
821 3463 862 3517 bis
880 3468 1007 3520 exercitus
1030 3485 1150 3534 numero,
1178 3468 1297 3539 denique
1313 3466 1417 3524 Floro

184 3536 242 3581 tem
259 3527 432 3582 circumducti
452 3529 549 3583 milites
572 3549 655 3584 maius
672 3531 788 3611 spatium
821 3534 921 3585 maiore
934 3535 1042 3589 habent.
1060 3535 1092 3589 Iii
1109 3542 1201 3589 nostre
1218 3536 1355 3607 scripture
1370 3554 1417 3590 mu·

186 3610 253 3648 occu
273 3604 365 3663 arunt,
391 3596 430 3649 ita
452 3604 484 3650 ut
500 3606 608 3652 auctore
627 3599 787 3653 Calhsthene
821 3602 863 3654 ior
889 3605 1016 3656 euentus
1044 3621 1149 3657 numero
1174 3603 1248 3657 idem
1274 3614 1318 3659 est
1344 3605 1418 3677 quod:

185 3613 282 3741 deinde
307 3664 439 3718 sexdecim
464 3674 493 3719 et
519 3667 559 3746 ad·
578 3667 699 3720 ultimum
725 3676 787 3722 octo
822 3686 901 3738 quom
918 3688 971 3738 pro
989 3690 1094 3725 numero
1112 3674 1242 3725 exercitus
1266 3673 1337 3728 sicut
1354 3676 1420 3728 dolor

186 3731 292 3783 ordines
300 3731 403 3799 fierent,
422 3750 535 3803 cumque
551 3743 590 3788 ita
607 3735 787 3789 constitissent
821 3738 942 3817 opinione
959 3741 1072 3793 omniurn
1089 3741 1174 3794 maior
1191 3741 1267 3809 apud
1285 3741 1344 3797 cic.
1358 3739 1419 3795 simi·

184 3797 316 3869 proelium
333 3800 429 3871 coepit.
447 3802 511 3855 Non
528 3801 610 3882 igitur
629 3805 700 3873 quod
719 3803 787 3859 Cur·
820 3805 883 3858 liter
900 3804 1005 3860 dicitur.

184 3866 238 3920 rius
257 3866 295 3920 ait
314 3870 439 3937 pluribus
458 3871 593 3924 ordinibus
619 3871 785 3939 incedebant,
856 3875 878 3940 ξ.
898 3879 922 3926 3.
957 3891 989 3926 ne
1011 3877 1133 3945 suspensi
1154 3905 1190 3914 -
1207 3906 1244 3920 -
1262 3895 1295 3931 co
1315 3884 1420 3931 esserunt

184 3936 279 3988 cedre
304 3953 368 3990 vera
387 3939 569 4006 paucioribus.
605 3939 676 4003 Quid
703 3957 732 3993 er
751 3941 785 3993 o?
815 3942 956 4010 proelium]
993 3943 1072 3996 Bern.
1090 3944 1114 3996 B
1133 3951 1161 3995 et
1182 3942 1257 3997 Flor.
1325 3948 1418 4009 bellun,

185 4002 273 4082 Sicine
290 4005 469 4076 corrigemus?
495 4005 559 4059 Non
576 4025 635 4128 ego,
654 4009 700 4061 sed
718 3958 786 4063 (igur-
822 4009 894 4130 qod
911 4008 939 4061 iu
956 4010 997 4062 ed.
1015 4029 1055 4090 pr.
1074 4009 1221 4079 ceterisque
1238 4022 1353 4082 praeter
1367 4012 1420 4066 Mo·

185 4078 254 4123 tium
271 4073 389 4149 opinor,
416 4073 515 4144 partim
539 4093 592 4144 quo
629 4077 786 4130 vocabulum
842 4077 928 4129 'anam
952 4081 1072 4132 omnibus
1095 4078 1206 4148 legitur:
1233 4080 1335 4152 reliqui
1353 4080 1419 4135 codd.

184 4153 323 4206 proprium
340 4142 452 4209 deesset,
470 4142 569 4211 partim
587 4144 659 4213 quod
675 4162 731 4197 rem
744 4161 787 4199 ac·
820 4162 881 4199 mss.
900 4153 1053 4199 constanter
1064 4148 1204 4215 proelium,
1222 4155 1255 4199 ut
1274 4163 1316 4216 lv,
1333 4156 1375 4217 28,
1385 4153 1420 4213 253

185 4213 279 4258 curate
296 4223 429 4277 exponere
446 4211 548 4277 nollet,
575 4213 681 4264 ordines
700 4212 786 4266 altero
822 4218 855 4266 56
876 4218 900 4265 b.
934 4213 1008 4283 Apte
1035 4215 1157 4267 dicuntur
1181 4232 1228 4267 sus
1249 4219 1310 4269 ensi
1335 4218 1420 4287 quibos

183 4271 244 4325 loco
262 4274 471 4356 decoctionibus
489 4278 599 4357 agminis
617 4279 645 4331 iii
662 4279 786 4346 frontem,
815 4252 931 4351 ,spiritus
948 4283 1118 4351 suspenditur
1153 4281 1198 4349 (cf.
1218 4232 1352 4346 duineffl.
1370 4287 1418 4351 1,8

181 4357 240 4393 non
265 4359 294 4393 in
319 4343 485 4398 altitudinem
511 4346 679 4400 intellexisse.
727 4346 787 4402 Nos
821 4346 890 4417 [aliis
900 4350 966 4418 141),
985 4367 1044 4404 cum
1060 4350 1105 4403 vix
1122 4357 1234 4420 proptor
1249 4369 1359 4406 cursum
1367 4367 1421 4406 con·
