2926 5174
467 309 516 359 nu
549 307 674 358 cnsms
700 307 808 357 anna.
837 305 968 378 vm,ao.
1265 268 1340 362 ³397

100 489 247 586 gionem
275 487 447 581 decurrit,
488 502 525 563 et
548 515 760 588 magnorum
790 490 966 563 montium
996 490 1080 588 iuga
1105 502 1204 564 recto
1239 492 1341 565 alveo
1446 478 1449 483 ⁵

101 599 262 697 stringit5
304 599 387 672 inde
413 626 494 673 eum
520 602 679 674 obiectae
718 627 824 700 rupes
864 602 1034 674 inclinant
1074 600 1120 673 ad
1148 597 1339 674 Orientem.

100 709 263 808 Uterque
290 709 414 784 Rubro
440 712 529 783 mari
555 712 735 810 accipitur,
761 712 900 785 findens
926 713 1032 812 ripas,
1058 715 1261 808 multasque
1288 737 1341 784 ar·

102 821 209 895 bores
236 847 320 894 cum
345 847 475 919 magna
501 822 566 895 soli
597 832 699 920 parte
726 823 910 914 exsorbet,
943 824 1039 896 saxis
1067 848 1207 920 quoque
1232 823 1340 920 impe·

103 930 217 1024 ditus,
245 934 326 1030 quis
354 935 478 1006 crebro
504 935 773 1007 reverberatur:
801 935 863 1007 ubi
887 934 1028 1007 mollius
1056 935 1172 1007 solum
1197 933 1339 1035 reperit,

103 1051 258 1141 stagnat,
283 1044 489 1140 insulasque
515 1046 668 1118 molitur.
715 1044 885 1117 Acesines
911 1042 1039 1118 Indum
1064 1055 1189 1142 augete
1218 1043 1340 1117 decur-

103 1179 224 1226 surum
250 1154 291 1225 in
316 1180 414 1228 mare
439 1156 631 1254 intercipit,
671 1181 872 1254 magnoque
910 1166 1012 1228 motu
1051 1156 1164 1228 amnis
1190 1165 1339 1251 uterque

104 1264 298 1338 colliditur:
338 1267 467 1364 quippe
494 1291 659 1364 asperum
691 1292 732 1338 os
763 1266 925 1339 influenti
957 1265 1092 1357 obiicit,
1131 1291 1198 1339 nec
1223 1290 1339 1364 reper-

104 1400 227 1448 cussae
255 1401 370 1474 aquae
396 1376 537 1450 cedunt.
582 1375 792 1475 Dyardenes
817 1377 934 1450 minus
961 1377 1099 1452 celeber
1124 1375 1249 1450 auditu
1275 1386 1340 1466 est,

145 1488 183 1579 fa
209 1512 276 1585 per
296 1488 421 1560 ultima
438 1486 560 1560 Indiae
579 1488 707 1559 currit:
736 1499 894 1562 ceterum
912 1513 986 1560 non
1005 1485 1201 1560 crocodilos
1219 1485 1338 1577 modo,

103 1512 160 1671 R
168 1597 285 1688 Nilus,
312 1596 377 1672 sed
403 1599 510 1671 etiam
536 1596 722 1696 delphinos
748 1599 959 1696 ignotasque
986 1599 1062 1672 aliis
1088 1600 1253 1697 gentibus
1279 1599 1338 1672 be·

102 1709 176 1781 luas
209 1710 284 1782 alit.
336 1707 579 1800 Ethimantus,
620 1709 753 1781 crebris
791 1710 944 1783 flexibus
983 1711 1134 1784 subinde
1159 1720 1340 1802 curvatus,

102 1939 217 1996 iunctum
235 1951 264 1996 et
278 1941 312 1994 ab
330 1943 428 1995 oriente
445 1958 495 2012 pro
512 1942 541 1997 in
558 1941 636 1996 terris
653 1939 705 1994 ori-
740 1945 809 1997 sines
836 1961 893 1997 eam
914 1953 1006 2014 capet,
1039 1943 1106 1998 sicut
1134 1945 1215 2016 vulgo
1246 1943 1340 1998 editur.

103 2011 229 2065 entalibus
253 2009 373 2081 positum
394 2027 450 2064 esse
476 2011 608 2066 dicamus?
648 2009 707 2062 Nec
739 2012 810 2065 Nam
828 2013 911 2065 Aroes
927 2012 1120 2067 inmanem
1133 2013 1246 2067 Bern.B
1264 2016 1341 2066 Voss.

103 2095 152 2150 ego
183 2079 328 2150 quicquam
355 2079 416 2131 huic
441 2079 538 2133 rationi
565 2087 630 2150 puto
651 2095 706 2130 ma-
740 2081 865 2135 neodem
883 2080 1008 2161 perticat.
1044 2081 1099 2134 Sed
1116 2082 1142 2135 h.
1155 2082 1173 2135 l.
1192 2082 1341 2135 audendum
1430 2111 1433 2117 ·

102 2155 218 2218 gnopere
229 2149 346 2214 obstare,
366 2147 433 2202 sicut
449 2157 477 2200 et
485 2148 548 2202 alibi
564 2156 592 2201 et
607 2161 648 2215 xx,
664 2153 706 2213 12,
741 2148 841 2219 aliquid
858 2148 923 2213 furt,
942 2167 964 2201 s1
980 2148 1087 2202 veritati
1105 2152 1244 2204 consulere
1261 2149 1341 2204 velle·

104 2223 134 2268 13
153 2219 225 2286 rapio
244 2234 262 2269 a
280 2218 388 2268 meridie
405 2218 490 2270 minas
504 2225 579 2270 varta
597 2224 639 2269 est
655 2232 705 2286 pro
740 2236 810 2285 mus,
832 2233 881 2271 nec
905 2216 1015 2271 difficilis
1039 2218 1187 2273 emendatio
1211 2227 1259 2272 est.
1294 2219 1341 2272 Io-

102 2283 221 2354 regione,
243 2283 397 2337 meridiana.
435 2284 515 2349 Quod
533 2285 654 2365 sequitur
671 2286 708 2337 ad
741 2289 802 2339 dum
823 2285 875 2339 feci
891 2301 926 2338 ex
952 2303 983 2340 eo
1002 2288 1075 2357 quod
1100 2287 1150 2341 fuit
1171 2306 1236 2341 eam.
1272 2286 1342 2340 Tum

102 2352 275 2406 meridianam
297 2368 327 2405 re
348 2352 451 2420 onem,
478 2372 533 2407 non
555 2370 592 2406 arc
617 2359 658 2405 est
678 2352 707 2404 in
741 2355 813 2424 quod
831 2353 951 2425 proxime
971 2353 1012 2408 bis
1032 2355 1135 2425 Gonyis
1158 2373 1255 2409 nomen
1275 2354 1342 2427 legi·

102 2439 161 2474 mss.
179 2439 296 2492 quorum
314 2420 432 2491 parique
459 2438 477 2473 a
494 2423 642 2475 meridiana
665 2438 706 2472 re·
739 2431 785 2475 tur
810 2421 838 2482 in
860 2421 945 2488 libris,
970 2423 1102 2493 Ganyes
1122 2427 1291 2479 decursurum
1313 2424 1343 2476 in

99 2492 186 2559 piene,
204 2488 278 2543 aliia
295 2491 380 2542 media
398 2491 512 2558 rapinae,
530 2489 574 2542 alii
592 2488 706 2558 denique
740 2493 958 2560 mareiatercapit‚
977 2494 1106 2563 etqurppe
1117 2493 1249 2563 Ganyea
1264 2508 1343 2562 cepe-

102 2567 125 2611 et
141 2560 294 2612 meridiana
318 2559 421 2628 reqiooe
442 2558 574 2611 exhibent
606 2555 706 2610 Verum
740 2577 812 2613 mam
836 2577 865 2612 or
883 2561 911 2612 in
932 2561 1004 2613 uenti
1024 2562 1128 2627 obiicit,
1151 2568 1266 2632 utroque
1284 2560 1342 2615 loco

99 2642 209 2680 necesse
226 2634 270 2680 est
292 2625 331 2679 sic
348 2635 380 2678 ut
395 2625 476 2696 vulgo
494 2631 504 2693 (
525 2625 706 2692 ostFreinsh.)
740 2645 836 2681 nomen
853 2627 899 2679 illu
936 2627 1081 2681 tollendum
1099 2637 1310 2699 est‚.tamquam
1327 2646 1343 2681 a

101 2694 199 2766 legitur
216 2693 366 2760 emendari,
391 2711 441 2747 nec
456 2693 484 2747 id
502 2645 607 2748 difficile
624 2701 671 2747 est
741 2704 890 2750 correctore
907 2695 1046 2759 adiectum,
1066 2697 1110 2766 qui
1127 2697 1214 2750 omnia
1227 2698 1261 2749 ad
1271 2695 1344 2749 Gan·
1403 2738 1408 2746 ,

134 2765 203 2818 lade
220 2765 290 2830 eum]
317 2763 382 2815 Mss.
400 2771 429 2815 et
442 2763 501 2816 edd.
518 2764 622 2817 settin
639 2780 705 2829 eum,
739 2781 800 2834 gem
816 2763 908 2817 referri
924 2764 1065 2834 putaverit.
1091 2765 1222 2818 Acesinen
1239 2770 1344 2818 constat

99 2833 149 2885 sed
166 2839 241 2885 recte
259 2831 427 2883 emendatum
446 2838 493 2885 est.
525 2833 592 2886 Inde
603 2829 707 2901 explica
743 2850 776 2885 ex
794 2831 907 2885 Arriano
925 2847 972 2899 vr,
998 2839 1029 2885 14
1045 2831 1158 2902 primum
1176 2833 1202 2885 H
1222 2834 1342 2902 adaspen,

99 2918 161 2954 cnm
182 2898 365 2952 Freinshemio
381 2907 523 2979 postquam
539 2917 555 2952 e
571 2898 706 2953 montibus
744 2899 839 2953 deinde
857 2900 1028 2969 Hydrcoten,
1050 2908 1186 2971 postremo
1232 2898 1343 2970 yphasin

99 2985 129 3022 se
146 2967 286 3039 expedivit
304 2975 333 3020 et
351 2967 379 3021 in
396 2966 532 3039 plamtiem
549 2967 664 3035 depenit.
740 2968 769 3021 in
787 2984 815 3021 se
825 2984 973 3038 nomenque
991 2986 1065 3021 suum
1080 2968 1199 3040 recipere
1212 2968 1343 3022 omnium-

134 3041 159 3106 ξ.
178 3044 203 3091 6.
235 3038 350 3105 Uterque
366 3037 456 3089 Rubro
477 3039 547 3089 mari
568 3038 705 3106 accepitur]
760 3054 794 3089 ue
811 3035 962 3091 coniunctas
979 3053 1059 3106 aquas
1076 3054 1123 3090 suo
1141 3037 1245 3091 nomine
1261 3035 1343 3089 inIn-

98 3107 234 3160 Veterum
263 3103 392 3158 Codicum
422 3105 625 3159 concordantem
650 3104 707 3156 fere
742 3055 804 3158 dum
821 3104 949 3160 emittere.
986 3105 1030 3157 Ita
1048 3121 1081 3157 ue
1100 3107 1172 3186 quod
1190 3113 1282 3159 auctor
1298 3118 1340 3172 1x,
1433 3117 1436 3123 “

94 3174 260 3245 scripturam
286 3173 369 3226 secuti
402 3191 503 3239 sumus,
536 3173 599 3241 nisi,
634 3173 705 3244 quod
743 3181 774 3227 15
792 3172 912 3227 similiter
929 3175 963 3226 de
978 3191 1008 3226 co
1046 3176 1169 3228 uentibus
1179 3172 1297 3228 Acesinis
1314 3182 1343 3226 et

92 3246 158 3314 qaae
173 3244 268 3296 crebro
282 3243 462 3296 reverberatur
479 3241 596 3294 dedimus
603 3259 655 3363 pro
673 3257 705 3294 eo
739 3241 872 3363 Hydaspis
891 3249 995 3310 narrat,
1054 3250 1124 3296 terat
1147 3243 1204 3296 iure
1246 3243 1343 3296 nodam

94 3310 212 3382 quodin
229 3317 344 3364 msaeat
368 3312 512 3363 aiccrebro
530 3328 603 3363 rever
620 3310 705 3362 unde
739 3329 786 3365 suo
812 3329 827 3363 a
871 3310 932 3362 Indi
958 3328 989 3364 co
1027 3318 1119 3364 nentes
1146 3329 1205 3366 cum
1257 3309 1343 3366 cesina

91 3380 152 3434 iam
195 3377 311 3448 rincipes
329 3395 344 3430 e
365 3377 444 3431 'tores
467 3379 584 3432 fecerant
602 3379 704 3448 quibus,
739 3387 880 3450 tantopere
898 3387 976 3433 aucto
993 3378 1145 3433 transferre.

92 3467 160 3504 oum
173 3397 408 3516 -blodiusprorsua
423 3447 537 3508 tolleret.
569 3447 707 3499 Edebatur
774 3450 797 3516 ᾗ.
816 3455 838 3502 9.
865 3449 1031 3516 Dyardenes]
1049 3445 1343 3518 Flor.(Heinsii)Leid.

91 3519 188 3572 adhuc
200 3515 443 3584 vulgo-secundum
455 3515 516 3568 Aldi
530 3514 706 3569 coniecturam
740 3517 816 3569 Voss.
836 3523 848 3568 1
867 3517 1034 3583 Deardeaes;
1055 3532 1070 3568 e
1092 3517 1190 3571 nostris
1207 3517 1278 3570 Flor.
1301 3514 1343 3569 ni·

99 3584 130 3641 U
132 3596 211 3656 tque
229 3585 310 3636 rubro
332 3585 402 3636 mari
427 3586 556 3653 accipitur
572 3615 607 3624 —
631 3585 706 3635 mul·
740 3584 778 3636 hil
804 3583 875 3637 aliud
893 3592 1028 3638 enotatum
1054 3593 1109 3652 est,
1136 3585 1187 3640 nisi
1205 3585 1342 3639 diardiraea

93 3664 152 3708 tas
171 3653 283 3706 arborea
301 3682 337 3692 —
360 3654 488 3719 exsertat,
512 3653 586 3705 saxis
608 3668 707 3720 quoque
740 3668 797 3705 ease
819 3651 847 3705 in
864 3652 915 3719 DI,
934 3655 1059 3706 diardeas
1081 3652 1109 3705 in
1126 3655 1159 3720 E,
1178 3655 1297 3707 dirdines
1314 3649 1342 3702 in

91 3723 243 3843 ίηφοὲἀιζω
262 3721 352 3799 crebro
373 3722 563 3842 qqrerberatg,
585 3719 707 3772 nimirum
740 3721 772 3841 ξ,
792 3723 898 3841 ῗῗνᾱὲε
926 3720 953 3801 in
971 3720 1012 3841 133
1039 3722 1189 3841 Digrdeqqs
1216 3720 1244 3772 in
1261 3719 1342 3841 pern.

91 3809 188 3912 alm
204 3804 367 3908 tatttl
383 3806 517 3926 qaullll.
536 3805 629 3910 ilii?
636 3804 707 3926 tit.
740 3828 797 3909 tut
829 3807 928 3910 tat?
946 3796 1256 3926 tattatffltta
1276 3803 1342 3908 gli.

91 3925 174 3980 latur
191 3924 284 3993 vulgo.
310 3923 369 3977 Hoc
386 3941 444 3977 cum
456 3925 597 3977 manifesto
614 3925 707 3977 falsum
740 3924 773 3978 In
790 3941 822 3978 eo
838 3941 914 3978 amne
931 3941 988 3979 esse
1005 3923 1088 3976 tradit
1101 3926 1243 3994 delphinos.
1270 3921 1341 3976 Nam

91 3995 146 4060 ait,
176 3999 205 4046 et
223 4009 240 4045 a
257 3989 336 4043 nobis
352 4000 513 4060 correctum,
545 4000 646 4045 sextam
665 4009 707 4044 se·
741 3993 778 4046 sic
786 3992 870 4046 nostri
879 4012 975 4057 omnes,
989 4010 1042 4045 non
1051 3994 1192 4061 delphines,
1207 3999 1236 4043 et
1246 4005 1342 4059 graeca

91 4063 267 4132 ptirnamque
277 4076 388 4129 paragra
406 4061 468 4113 hum
483 4062 516 4113 de
533 4069 643 4141 utroque
660 4061 709 4112 flu·
743 4062 828 4115 forma
846 4061 884 4114 uti
904 4079 937 4115 ue
954 4060 1124 4129 relinquenda
1141 4068 1183 4113 eet
1199 4057 1292 4129 poetis.

91 4131 158 4194 vio,
178 4136 208 4181 et
226 4127 323 4197 Gange
339 4137 367 4180 et
383 4078 462 4193 lirdo,
479 4139 653 4183 commumter
669 4128 709 4181 in-
778 4136 800 4196 §.
820 4137 860 4182 10.
886 4080 1064 4194 littimcntas]
1099 4128 1189 4247 Vulpo
1210 4128 1343 4206 Elim·

91 4195 262 4267 telligimus.
743 4201 814 4264 thas,
833 4199 879 4250 sed
898 4215 957 4250 cum
975 4195 1066 4261 amnis,
1085 4194 1139 4247 sive
1175 4211 1208 4248 oc
1225 4210 1280 4245 srve
1296 4195 1342 4248 rllo

134 4269 160 4334 5.
180 4271 206 4318 8.
249 4264 374 4317 Acesines
395 4266 491 4319 Indum
513 4267 602 4335 capet]
643 4265 708 4318 Mss.
742 4265 849 4320 nomine
866 4266 1026 4337 appellatur,
1054 4280 1136 4332 acque
1162 4262 1270 4332 ignotus
1297 4261 1342 4330 sit,

91 4335 206 4387 Aceain
225 4329 391 4386 autdiductc
407 4332 511 4387 nomine
520 4334 588 4386 Aces
606 4335 634 4386 ta
652 4352 708 4386 eum
741 4342 877 4404 praestare
902 4331 1046 4387 censuimus
1077 4330 1191 4384 scribere
1214 4329 1290 4450 qucd
1314 4329 1342 4384 in

91 4409 197 4471 uacet,
225 4397 299 4451 unde
321 4399 402 4454 Aldus
425 4400 501 4455 facile
531 4401 619 4455 effecit
642 4404 708 4455 Ace·
743 4403 863 4457 omnibus
880 4420 942 4455 mss.
964 4397 1060 4453 nostrie
1082 4407 1130 4452 est.
1165 4399 1199 4452 In
1239 4397 1290 4452 eid
1314 4406 1343 4452 et
