2926 5174
481 314 530 364 nn
557 312 684 366 crsrrs
709 311 818 362 Anax.
845 312 881 380 v,
903 309 947 362 ec.
1264 290 1338 363 207

133 518 161 568 eu
180 494 306 593 quidun
330 498 673 589 matuariorum
696 506 1024 595 spumaummem
1049 518 1116 568 um
1140 510 1337 568 remiseram

111 604 268 679 rissensu
294 632 466 706 excepere
491 609 599 684 ceteri
624 608 717 682 hanc
743 632 878 681 vocem.
917 602 990 680 Sed
1014 602 1253 696 Nabarzanes,
1279 605 1340 702 qui

131 715 295 790 incudem
321 719 465 793 consilio
491 732 568 795 erat
593 747 674 795 cum
700 719 829 810 Besso,
862 717 1012 791 inauditi
1044 727 1150 791 antea
1174 717 1340 792 facinoris

131 829 275 902 societate
300 829 398 930 inita,
423 857 544 930 regem
570 859 675 908 suum
699 857 764 929 per
789 830 929 921 milites,
952 829 1081 927 quibus
1107 829 1213 902 ambo
1239 853 1340 925 prae·

131 950 215 1030 crant,
242 929 543 1040 comprehendere
571 954 608 1018 et
632 943 766 1017 vincire
792 941 1036 1031 decreverant,
1063 966 1106 1014 ea
1130 951 1261 1032 mente,
1288 950 1339 1029 ul,
1419 951 1422 959 '

130 1051 151 1122 si
171 1050 374 1126 Alexander
404 1055 500 1152 ipsos
534 1057 716 1130 insecutus
748 1054 857 1144 foret,
893 1053 1025 1126 tradito
1057 1077 1142 1150 rege
1167 1053 1252 1126 vivo
1277 1050 1340 1124 ini·

130 1172 188 1234 rent
212 1163 370 1260 gratiam
401 1166 561 1258 victoris,
599 1167 719 1264 magni
744 1166 904 1264 profecto
937 1164 1072 1261 cepisse
1098 1161 1257 1237 Dareum
1283 1187 1339 1236 ae·

130 1272 297 1366 stimulari,
334 1277 388 1348 sin
425 1287 545 1351 autem
583 1303 666 1351 eum
705 1279 861 1375 effugere
895 1275 1112 1373 potuissent,
1152 1276 1339 1348 interfecto

108 1380 229 1478 lbereo,
256 1410 412 1484 regnum
435 1389 503 1487 ipsi
528 1398 754 1487 occuparent,
780 1389 983 1483 bellumque
1009 1395 1233 1461 renovarena
1260 1384 1340 1459 Hoc

128 1495 332 1590 parricidium
368 1525 448 1572 cum
473 1499 534 1574 diu
559 1501 802 1592 volutassent,
828 1498 1055 1573 Nabarzanes
1082 1497 1219 1571 aditum
1244 1498 1339 1571 nefa.

98 1594 181 1680 'riae
203 1610 280 1707 spei
306 1607 535 1710 praeparans,
571 1608 664 1703 Scia,
689 1637 752 1704 me,
777 1611 901 1708 inquil,
927 1609 1118 1683 araterrium
1144 1635 1213 1685 esse
1239 1609 1340 1682 dicru-
1403 1679 1406 1686 .

129 1744 197 1812 rum,
220 1722 345 1820 prium
377 1724 484 1822 specie
517 1723 778 1824 haudquaquam
812 1722 950 1795 auribus
984 1721 1050 1794 luis
1072 1734 1216 1821 pratum.
1270 1716 1342 1795 Sed

129 1831 223 1905 uum
247 1858 378 1933 quoque
399 1834 572 1932 pravemer
597 1834 725 1908 morbus
750 1834 881 1934 asperis
907 1831 1062 1906 reuudiis
1088 1845 1214 1924 curum,
1228 1844 1258 1904 et
1274 1857 1340 1931 pu

129 1939 263 2037 lenum,
289 1945 348 2018 ubi
371 1946 589 2048 naufrapium
614 1947 715 2039 amet,
742 1932 872 2020 iactura
898 1943 1057 2045 quicquid
1079 1944 1209 2017 seruari
1233 1953 1343 2040 potest

109 2053 243 2131 rreum.
298 2055 375 2156 Epo
400 2070 524 2149 tumea,
548 2082 616 2132 um
639 2069 676 2129 ul
700 2057 863 2131 dummm
897 2055 1030 2155 quidun
1045 2055 1176 2156 facias,
1207 2054 1341 2144 madeo,

128 2165 170 2237 ud
189 2180 222 2240 ut
252 2181 284 2242 te
319 2192 360 2241 uc
396 2192 535 2266 repuum
569 2182 661 2243 tuum
698 2169 827 2242 salubri
858 2168 984 2241 rutrum
1017 2191 1195 2241 colueram.
1258 2163 1341 2239 Diis

128 2275 254 2354 adverus
280 2280 400 2353 bellum
426 2279 566 2372 inimus,
591 2294 623 2353 et
639 2279 800 2378 paulinae
815 2281 959 2382 fortuna
983 2278 1108 2355 Persas
1132 2301 1251 2378 erpere
1275 2300 1342 2349 mu

128 2385 231 2464 uuuu.
294 2390 408 2468 Nouis
446 2390 550 2466 initiis
584 2404 615 2466 et
647 2390 811 2466 minuas
842 2416 926 2489 opus
961 2403 1015 2465 est.
1076 2389 1280 2490 Auspicium
1313 2399 1344 2460 et

128 2496 284 2598 imperium
310 2501 442 2575 imerim
467 2502 528 2575 alii
552 2502 661 2594 leude,
688 2501 747 2602 qui
770 2503 900 2576 tamdiu
925 2527 985 2575 mu
1010 2503 1208 2601 appelletur,
1239 2499 1341 2574 denec

107 2608 191 2686 lrla‘u
225 2613 366 2688 decedat
397 2613 511 2705 Iustis,
544 2613 646 2688 victur
680 2612 799 2687 deiude
830 2638 970 2712 repuum
1004 2614 1062 2687 libi
1086 2614 1214 2687 reddat.
1267 2611 1342 2686 Hoc

126 2736 212 2798 amm
237 2723 334 2799 brem
347 2727 508 2825 futurum
531 2726 616 2798 ratio
635 2723 809 2823 promittit.
849 2724 980 2798 Baetra
993 2725 1114 2798 intucta
1138 2737 1234 2798 sum:
1260 2722 1344 2797 Iudi

124 2835 267 2912 uSaem
294 2836 333 2909 lu
358 2848 415 2910 tua
434 2847 608 2933 prusam
643 2848 687 2911 m
704 2835 842 2936 popul,
869 2848 913 2909 m
936 2836 1104 2927 eremus,
1130 2847 1174 2909 ut
1197 2833 1341 2933 equitum

147 3073 168 3116 ul
182 3067 321 3119 auctoriam
339 3063 480 3145 speremus]
517 3061 560 3118 Sic
580 3062 641 3118 libri
663 3079 709 3117 ve·
743 3081 775 3118 cu
809 3070 830 3117 t,
848 3061 1237 3130 Flor.HetBernBrepnum
1248 3061 1342 3132 disum.

123 3132 185 3200 ieras,
208 3135 255 3188 aed
273 3133 362 3186 Aldus
379 3135 515 3188 matonam
531 3141 708 3202 eriperemus
795 3140 843 3187 .4.
879 3132 982 3186 interim
1008 3132 1058 3184 alii
1081 3132 1166 3199 trude]
1202 3130 1247 3185 Sic
1262 3134 1344 3185 verba

122 3199 216 3256 scribere
232 3201 332 3255 maluit
357 3201 427 3256 inani
449 3200 595 3270 elegantiae
612 3201 708 3256 studio.
743 3203 899 3257 ordinantur
924 3199 952 3254 in
977 3199 1051 3254 Leid.
1072 3199 1154 3253 Bam.
1176 3207 1289 3272 utroque
1315 3208 1344 3254 et

122 3261 162 3322 Pro
176 3287 206 3325 eo
223 3271 299 3342 quod
317 3270 435 3341 sequitur
452 3278 582 3323 mortem
595 3269 709 3324 Bern.A
742 3269 951 3325 Flencmnibus.
968 3268 1058 3340 Vulgo
1075 3270 1124 3322 alii
1140 3272 1215 3323 trade
1232 3271 1343 3333 interim,

122 3337 220 3394 aller.
244 3339 272 3393 G
294 3341 408 3406 boetem,
435 3337 511 3392 Leid.
533 3341 609 3392 Voss.
633 3346 646 3391 1
670 3340 709 3391 vel
743 3339 816 3394 Mod.
839 3341 889 3392 alii
910 3339 1014 3392 interim
1040 3341 1132 3406 trade,
1158 3342 1267 3394 aVoss.
1286 3345 1342 3393 1.a

122 3402 199 3461 brien
219 3407 249 3460 in
273 3414 353 3460 textu
374 3407 488 3474 habent,
516 3403 580 3460 ilem
601 3405 708 3461 Medius
743 3407 825 3461 Snak.
843 3407 926 3461 tradit
943 3408 1035 3462 abesse
1051 3407 1163 3460 iuterim.

122 3472 217 3556 scriptos
245 3475 334 3529 libros
357 3474 394 3528 eil
419 3477 485 3528 dare
511 3477 616 3529 bostem.
655 3474 708 3527 Re·
778 3480 801 3545 ξ.
820 3481 843 3530 5.
881 3477 977 3546 Sacae]
1013 3475 1067 3528 Vul
1103 3483 1133 3530 ta
1153 3474 1283 3546 scriptura
1298 3492 1344 3529 ve·

121 3535 283 3612 liquentem
309 3552 415 3616 praeter
432 3543 460 3598 G
481 3542 627 3597 Florentlni
648 3542 710 3596 libri
744 3552 830 3598 terum
848 3544 994 3598 editionum
1011 3562 1041 3598 ac
1090 3544 1143 3598 odii
1159 3544 1344 3599 Freinshemii-

120 3622 176 3684 {ecte
199 3623 311 3667 mortem
339 3613 474 3679 exhibent,
501 3629 568 3665 unus
593 3611 666 3665 Flcr.
683 3612 710 3665 A
745 3615 953 3683 queastSapua
968 3614 1112 3684 eademque
1130 3613 1258 3668 scribendi
1276 3613 1345 3668 ratio

120 3691 140 3730 lu
152 3681 269 3753 margine
288 3681 371 3735 habet
387 3684 492 3736 bostem.
743 3681 771 3734 in
787 3682 861 3736 libris
878 3700 938 3735 mss.
953 3681 992 3736 ita
1008 3681 1080 3736 valet
1096 3690 1128 3736 ut
1145 3701 1159 3736 c
1175 3682 1266 3736 littera
1282 3699 1345 3735 nus·

145 3751 165 3829 l.
179 3757 204 3805 2.
240 3753 420 3819 decreveram]
456 3749 502 3803 En
528 3765 581 3817 qua
605 3746 710 3802 ratione
746 3768 825 3820 quam
852 3759 924 3804 certa
953 3750 1111 3805 auctoritate
1137 3750 1246 3804 nitatur.
1284 3750 1344 3803 Nec

114 3827 216 3888 emptor
232 3835 285 3890 per
301 3816 471 3872 interiectum
493 3815 570 3870 colon
595 3817 629 3870 ad
651 3816 710 3887 plu·
743 3826 836 3872 tamen
861 3837 878 3872 a
898 3819 974 3873 Iunio
1000 3818 1146 3886 discedam,
1172 3818 1218 3889 qui
1244 3817 1343 3897 primm

119 3883 184 3940 nlern
208 3903 353 3948 nnmerum
374 3884 523 3953 devenerim
545 3903 612 3939 unus
629 3885 711 3939 Bern.
746 3888 831 3942 Sacas
848 3888 978 3942 edendum
996 3887 1111 3953 curarim
1128 3888 1203 3940 iubet
1215 3901 1285 3938 emm
1297 3884 1345 3937 ali·

119 3945 307 4010 desueverat.
744 3974 819 4010 orum
840 3956 997 4028 scriptorum
1019 3955 1231 4024 Graecorumque
1253 3960 1344 4007 aucto

144 4041 247 4094 requam
265 4026 278 4076 i
296 4025 323 4077 si
340 4024 506 4094 occuparent]
538 4021 710 4076 Ecodicibue
742 4023 815 4078 ritas.
850 4025 954 4079 Anien.
971 4040 1020 4093 111,
1047 4025 1119 4092 lide
1139 4019 1257 4075 exercitu
1278 4021 1344 4074 Per-

119 4089 169 4144 aas
184 4093 258 4147 solus
275 4041 350 4146 d'lor.
368 4091 393 4146 G
408 4092 519 4147 exhibet
537 4091 607 4160 quod
624 4098 665 4144 est
681 4090 710 4143 in
744 4092 797 4147 sico
814 4095 848 4146 ad
857 4092 967 4147 Arbela:
987 4094 1103 4146 εἵποντο
1121 4087 1151 4142 δὲ
1162 4088 1256 4144 αὐτοῖς
1274 4093 1345 4156 (Βα-

120 4157 184 4240 lligo
200 4160 283 4215 editis
300 4177 407 4230 reqnum
422 4163 477 4215 sibi
495 4169 710 4228 occtmareame·
745 4165 861 4235 κτρίοις)
881 4167 928 4214 καὶ
946 4162 1047 4214 Σάκαι.
1089 4157 1238 4212 Σκυθικὸν
1256 4163 1343 4210 τοῦτο

120 4226 158 4304 idn
172 4230 229 4284 fere
247 4228 392 4282 etModius
403 4227 549 4284 rectissime
568 4230 637 4297 quod
655 4227 711 4280 edi·
744 4230 778 4282 τὸ
796 4236 878 4302 γένος
893 4235 954 4283 τῶν
971 4229 1024 4295 τὴν
1036 4227 1132 4280 Ἀσίαν
1146 4224 1344 4296 §aurumve-mu

121 4289 197 4352 dimus.
224 4297 288 4352 Hoc
305 4295 375 4350 enim
391 4298 444 4352 rim
462 4295 538 4350 addit
555 4296 710 4364 sententiae,
745 4301 886 4363 Σκυθῶν,
914 4296 964 4363 οὐχ
987 4296 1107 4361 ὑπήκοοι
1126 4297 1205 4346 οὑτοι
1222 4293 1343 4359 Βήσσου,

121 4355 172 4417 sslud
186 4367 268 4420 inane
285 4374 342 4432 eat,
368 4383 427 4421 nam
444 4364 492 4439 qui
513 4373 636 4435 occupat,
657 4383 712 4420 non
745 4363 816 4422 ulla
846 4367 917 4421 κατὰ
953 4368 1111 4434 συμμαχίαν
1136 4362 1189 4428 τὴν
1210 4365 1344 4435 Δαρείου.

122 4431 196 4489 ildito
213 4434 327 4490 incuiue
345 4433 452 4495 alteffl
466 4431 711 4509 Ffimffllae·
745 4433 840 4508 ἡγεῖτο
866 4433 896 4488 δὲ
923 4431 1020 4488 αὐτῶν
1041 4430 1191 4500 Maeuiam·
1216 4429 1298 4484 αὐτοὶ
1314 4426 1345 4482 δὲ
