2984 5176
122 265 194 349 332
589 285 622 349 a.
651 285 775 339 cunrn
801 286 886 338 num
977 340 981 345 ,

111 496 312 572 pessumus,
349 470 497 569 oeeiprme
522 495 683 571 eopemur.
736 469 920 573 Manifesta
945 481 993 545 est
1017 469 1149 545 eeneiiii
1162 472 1241 550 ,mei
1263 470 1348 546 rota

120 581 191 659 Sed
215 608 261 655 nn
278 581 484 681 permissuri
507 580 573 656 eint
595 581 680 655 mibi
696 581 898 656 Macedones
915 580 1028 656 anime
1045 580 1096 655 uti
1118 607 1201 675 nno,
1228 582 1388 674 dubite;1s

119 695 199 794 qnia
231 718 272 765 ee
304 718 367 793 quo
399 692 458 766 beo
487 694 608 767 eninm
641 693 770 792 oeeepi,
810 717 877 766 nen
908 717 990 792 equo
1020 705 1130 767 veetns
1160 720 1257 786 snm,
1293 719 1350 768 nen

114 804 256 905 pedibus
282 803 460 902 inpressas.
502 801 572 879 Sed
595 805 627 878 si
651 830 702 877 me
727 804 822 904 sequi
846 803 954 896 uobis,
980 803 1081 895 valeo,
1107 804 1221 879 amici.
1268 802 1350 881 Sutia
1364 826 1386 874 u

116 915 239 990 uirium
265 929 312 989 eet
336 916 384 988 oei
407 914 576 992 toleranda
602 915 684 1006 esan
711 916 826 988 antei
850 914 919 988 ium
944 916 1038 990 adea
1053 913 1140 989 vitoe
1156 941 1251 990 nteue
1264 915 1349 1014 finis,

118 1029 154 1101 in
180 1053 242 1126 qno
270 1027 402 1100 tonbm
427 1052 524 1125 opere
548 1026 666 1106 ezelina
691 1025 894 1125 eatinpuar?

68 1140 113 1210 31
219 1137 319 1211 Haec
351 1163 481 1235 quassa
519 1136 635 1210 adhue
667 1162 756 1210 voce
793 1137 1046 1228 subdeficiens,
1085 1137 1151 1211 vix
1186 1137 1348 1238 proximis
1361 1156 1383 1206 a

118 1248 401 1339 exaudientibuS,
428 1247 584 1322 dixerat:
612 1273 693 1321 cum
719 1274 842 1323 omnes
862 1275 884 1321 a
903 1258 977 1322 tarn
1002 1248 1186 1348 principiti
1213 1250 1348 1324 oonsilio

116 1385 238 1460 regem
265 1360 444 1435 deterrere
467 1368 671 1456 coeperunt,
697 1357 864 1458 Erigyius
882 1362 1047 1452 maxime,
1075 1362 1136 1458 qui
1156 1359 1256 1434 haud
1273 1379 1374 1434 saner

117 1474 330 1546 auctoritate
357 1471 543 1571 proficiens
571 1468 667 1567 apud
694 1470 914 1544 obstinatum
941 1473 1108 1563 animum,
1135 1472 1346 1569 superstitio

117 1608 217 1674 nem,
255 1584 353 1656 euius
385 1593 514 1681 potens
546 1607 619 1656 non
651 1591 729 1656 erat
754 1607 835 1672 rex,
870 1583 1029 1656 ineutere
1062 1584 1273 1680 temptavit,
1306 1582 1344 1655 di·

118 1693 240 1785 cendo,
268 1694 354 1769 deos
374 1721 515 1792 quoque
535 1694 679 1766 obstare
699 1693 854 1784 consilio,
881 1719 1123 1792 magnumque
1149 1694 1343 1792 perieulum,

117 1807 147 1878 si
173 1806 306 1880 flumen
331 1806 529 1896 transisset,
556 1804 705 1877 ostendi.
745 1803 897 1878 Intranti
914 1804 1061 1904 Erigyio
1084 1805 1370 1885 tabernaculumtt

116 1918 210 2016 regis
237 1917 449 1991 Aristander
475 1927 693 2007 occurrerat,
731 1916 848 1988 tristia
880 1927 965 1990 exta
995 1917 1104 1991 fiisse
1123 1917 1339 2016 significans:

116 2029 204 2102 haee
231 2054 277 2102 ex
303 2042 387 2102 vate
420 2039 603 2126 comperta
628 2026 796 2127 Erigyius
827 2027 1026 2100 nuntiabat.
1081 2025 1163 2117 Quo
1196 2029 1369 2118 inhibitum

116 2138 342 2229 Alexander,
386 2165 460 2212 non
494 2141 548 2212 ira
583 2140 716 2228 solmn,
761 2137 825 2211 sed
860 2138 968 2212 etiam
1002 2139 1141 2237 pudore
1178 2141 1339 2227 confusus,

117 2248 214 2345 quod
241 2249 456 2347 superstitiO,
483 2276 589 2347 quam
617 2251 806 2339 celaverat,
833 2248 1079 2348 detegebatur,
1101 2249 1338 2326 Aristandrum

117 2361 239 2433 vocari
264 2360 372 2432 iubet.
427 2357 497 2449 Qui
522 2371 563 2434 ut
588 2361 697 2451 venit,
723 2361 866 2433 intuens
895 2386 986 2452 eum,
1020 2360 1105 2437 noe
1130 2388 1201 2457 ree,
1232 2361 1370 2460 inquire

116 2473 177 2546 sed
198 2471 353 2569 priuatus
378 2496 462 2544 anm.
517 2469 727 2569 Serapeum
754 2485 790 2544 nt
810 2474 960 2573 fureres,
995 2473 1180 2565 emanet·
1213 2474 1293 2576 quid
1311 2496 1339 2545 ee

110 2581 377 2681 portenderetur,
409 2607 468 2656 eur
494 2583 590 2681 npad
614 2583 732 2675 olium,
771 2609 872 2682 quam
898 2583 993 2682 apud
1017 2607 1069 2655 me
1095 2587 1271 2687 preplessm
1293 2579 1339 2656 n?

115 2691 281 2793 Eripyius
307 2719 434 2766 areana
459 2720 533 2768 meu
560 2707 589 2767 et
613 2707 752 2786 secretu,
778 2707 807 2767 te
826 2696 1004 2795 medente,
1036 2697 1194 2794 cepnove't.
1250 2693 1339 2778 (lium

116 2816 239 2878 eertum
264 2805 442 2906 melerenle
468 2806 566 2881 babeo
592 2818 739 2880 entonam
765 2805 937 2906 interprete
962 2807 1011 2880 nti
1035 2819 1123 2881 metu
1148 2833 1219 2884 mee.
1276 2801 1372 2880 Tibia

125 3098 215 3169 ,Cap
233 3106 280 3166 31,
309 3101 332 3166 §-
354 3105 396 3152 22.
435 3116 467 3152 er
493 3109 550 3153 vote
576 3109 715 3168 comperte.
751 3098 935 3168 Ginterprem
953 3100 1063 3155 FlonH
1076 3103 1218 3172 interprete
1227 3100 1341 3170 utitem

114 3167 263 3222 Insolenter
280 3175 452 3236 corrumpunt
468 3168 540 3222 Flor.
553 3168 602 3220 AB
621 3185 653 3220 ea
670 3184 716 3221 sne
750 3167 774 3220 B
792 3168 871 3221 Voss.
890 3173 905 3222 2
923 3170 1086 3240 interpretem
1103 3181 1140 3224 at.

114 3245 253 3305 comperto,
271 3236 351 3288 Bern.
370 3236 394 3288 A
412 3253 443 3288 ea
461 3254 524 3289 suae
542 3254 624 3305 comp.
640 3235 715 3288 Leid.
786 3240 810 3302 s.
821 3241 864 3290 25.
893 3237 953 3290 Tibi
970 3248 1053 3291 antem
1072 3240 1195 3308 quietius,
1215 3244 1344 3310 erumpet·

115 3322 146 3357 en
163 3321 211 3357 eno
229 3321 309 3373 comp.
328 3304 399 3360 Flor.
422 3303 542 3359 CBeru.
563 3304 586 3357 B
604 3307 680 3358 Voss.
700 3310 714 3356 2
752 3314 798 3370 est,
817 3307 947 3360 denuntio.
981 3307 1056 3360 Haee
1072 3315 1132 3361 erat
1145 3306 1294 3360 emendatio
1305 3321 1344 3357 uo·

115 3381 175 3426 enta
192 3382 330 3440 comperta,
349 3371 431 3426 ceteri
447 3373 582 3441 vulgatam
600 3380 716 3426 tuentur.
752 3379 820 3439 stra,
843 3390 922 3443 quum
944 3374 1053 3428 abiiciat
1074 3375 1120 3447 qui
1142 3374 1237 3429 melius
1258 3369 1344 3444 aliquid

124 3482 128 3487 .
150 3442 172 3507 ξ.
199 3445 240 3492 24.
283 3457 334 3492 non
360 3459 406 3494 ree
436 3444 484 3494 aed
528 3444 625 3494 riuntna
651 3459 716 3494 snm.
750 3441 906 3511 reppererit,
924 3444 971 3496 sed
981 3443 1091 3513 vulgata
1107 3444 1172 3498 ferri
1189 3461 1245 3498 non
1261 3439 1344 3514 potuit,

115 3507 332 3577 Snnkenbmgius
348 3517 377 3562 et
394 3460 577 3563 Schnuedbms
598 3507 717 3562 ultimam
753 3527 805 3578 qua
821 3509 916 3563 vulnus
938 3530 990 3565 non
1012 3520 1134 3565 sanatum
1155 3519 1211 3579 est,
1238 3513 1284 3566 sed
1303 3526 1345 3562 uns

114 3592 206 3630 rocem
222 3592 255 3628 ex
275 3574 339 3645 ungi
352 3577 455 3644 volunt,
474 3588 504 3630 ut
522 3578 588 3632 haee
605 3596 664 3631 oum
677 3594 717 3630 se·
752 3595 810 3631 eum
827 3580 946 3633 membro
963 3579 1058 3634 vitioso
1075 3588 1254 3652 amputatum.
1283 3578 1345 3633 Nam

115 3644 207 3716 quenti
216 3595 296 3698 verbo
305 3647 430 3699 mundavi
437 3645 637 3717 coniungantur.
664 3645 718 3700 Sed
751 3664 811 3700 eum
833 3645 896 3699 olim
917 3649 1041 3702 ederetur
1069 3651 1116 3703 tibi
1142 3653 1230 3704 batem
1252 3668 1265 3703 a
1315 3647 1346 3699 'ur

113 3721 225 3786 possunt
233 3714 298 3766 haee
309 3713 440 3767 tamenita
448 3731 481 3766 ex
500 3714 718 3783 lieari,utsubin·
769 3732 829 3767 uum
841 3725 930 3784 potest
947 3718 1076 3784 denuntio,
1095 3716 1164 3772 sieut
1182 3717 1269 3771 estin
1313 3731 1345 3768 or.

113 3782 217 3853 telligus
235 3800 305 3836 nuuc
322 3799 382 3835 cum
393 3782 458 3836 haee
495 3782 542 3850 ¹00,
560 3800 621 3836 nam
639 3783 660 3837 si
675 3800 717 3835 me
751 3733 775 3836 b
794 3783 873 3836 Beru.
884 3786 919 3852 A,
937 3784 1043 3839 Modius
1060 3788 1169 3855 saepias
1186 3785 1294 3852 delevit,
1309 3798 1346 3837 ue-

114 3868 170 3908 esae
187 3867 277 3921 regem
293 3850 480 3918 meminissem,
504 3852 610 3921 gratim
628 3859 716 3906 teeum
750 3850 813 3904 teris
829 3850 905 3905 saeile
923 3853 1136 3924 obsequentibus.
1159 3855 1263 3908 Verum
1278 3850 1345 3908 eodd

114 3937 228 3991 agerem,
750 3919 824 3972 Leid.
842 3919 900 3974 Pal.
920 3930 931 3973 l
951 3922 1023 3976 Flor.
1036 3921 1127 3976 ADFI
1144 3924 1193 3976 bibi
1210 3933 1294 3977 aulem
1308 3918 1346 3990 qli!0

148 3991 287 4058 interprete
314 3989 353 4042 nti
379 3989 457 4058 metu]
500 3987 545 4042 Sic
571 3987 717 4042 rectissime
752 3989 840 4058 sepius
858 4006 936 4058 qnam
947 3999 1044 4059 potent,
1062 3989 1345 4045 FlencEGHIBem-

113 4056 306 4111 Freinshemius
324 4055 398 4109 dedit
415 4055 540 4110 librorum
556 4075 617 4112 mss.
632 4073 717 4126 paene
753 4057 776 4109 B
794 4058 842 4109 tibi
858 4066 904 4111 aut
922 4060 1011 4127 sepius
1028 4061 1068 4112 vel
1084 4061 1172 4127 ntiae,
1190 4063 1292 4114 Vnam
1303 4071 1344 4111 mo

113 4143 249 4192 consensu,
268 4124 390 4196 quoeirea
402 4123 492 4177 mirari
510 4123 581 4177 subit
598 4132 654 4179 mm
671 4124 716 4176 diu
752 4141 825 4178 more
842 4125 932 4196 inepte
949 4125 1082 4198 eon-igere
1099 4129 1149 4182 tibi
1162 4130 1272 4198 saepius.
1284 4124 1347 4180 muel

113 4202 262 4264 corruptam
287 4193 430 4264 primarum
456 4192 602 4246 editionum
625 4192 716 4246 leutio-
751 4211 828 4264 quam
840 4204 935 4263 potest.
970 4194 1081 4266 Nosqui
1098 4199 1187 4267 sepius
1205 4202 1345 4266 corruptum

113 4279 174 4316 nem
189 4280 265 4344 quem
282 4272 378 4315 certum
395 4264 537 4315 mehercule
554 4263 633 4315 babeo
648 4271 717 4314 ento·
751 4268 875 4331 putamus
891 4279 926 4315 ex
944 4265 1061 4334 quietim.
1079 4262 1131 4319 ie.
1148 4263 1285 4336 placidius,
1300 4260 1345 4317 de

113 4348 172 4383 rum
184 4340 347 4399 interpretem
360 4340 428 4384 meta
440 4348 488 4385 suo
497 4328 717 4400 teneripotuisse.
752 4330 865 4384 mentius
883 4349 962 4402 quum
984 4332 1041 4412 lieri
1057 4340 1163 4404 potest,
1189 4350 1270 4405 quum
1283 4346 1345 4402 qu*

113 4396 184 4453 Num
208 4398 286 4470 pauci
313 4397 373 4453 libri
395 4398 465 4455 Flor.
483 4399 521 4454 ΕΙ
544 4400 717 4468 interpetrem,
754 4415 833 4468 quam
857 4407 995 4471 expertum
1023 4410 1113 4474 potest
1143 4417 1188 4458 me
1216 4401 1343 4461 mmmm
