2926 5174
329 321 381 370 nn
406 319 529 372 auaris
556 319 668 377 anax
694 319 779 372 aas.
806 321 905 372 mam
931 322 979 372 iv.
1217 305 1266 383 61

11 517 70 555 umes
88 499 270 565 incendunt,
292 516 367 568 opus
385 515 464 568 paene
480 506 569 553 totum
587 498 704 553 diruunt.
722 503 782 568 (13)
799 499 905 554 Novam
922 501 1018 555 molem
1034 501 1138 555 orditur
1149 503 1267 557 Alexan-

10 576 177 644 laudassem
197 573 298 628 etiam
321 573 524 645 Cypriorumet
540 573 660 646 ipsorum
675 575 846 644 Phoenicum,
868 575 922 630 iam
938 575 1058 648 partibus
1076 579 1265 647 amedentium,

10 655 97 725 alligit,
121 651 236 722 Tyrias
258 667 354 704 naves
372 650 442 705 intra
456 659 564 722 portum
581 652 725 723 compellit.
778 657 839 723 (14)
864 653 922 708 Iam
938 671 954 708 e
971 654 1082 708 navibus
1099 655 1203 709 moenia
1219 673 1266 726 op-

10 739 154 802 ugnantur,
184 727 306 782 iunctis
320 728 535 799 quadriremibus
553 737 583 784 et
600 728 725 801 pontibus
747 729 906 799 constratis,
933 732 980 786 sed
1005 740 1149 803 tempestas
1175 740 1266 787 temen

10 809 81 879 lyrica
98 805 232 859 adiuvat.
255 807 331 873 (15)
340 804 437 876 Legati
454 804 711 873 Carthaginiensium
727 807 819 861 auxilii
836 824 909 878 spem
926 808 1058 877 auferunt,
1076 808 1158 863 nihilo
1175 816 1265 862 tumen

10 885 68 954 mgis
85 881 165 953 Tyrii
185 882 370 952 desperant,
389 883 495 936 deorum
511 897 589 952 opem
607 883 788 954 superstitiom
804 883 973 955 paciscentes.
1008 889 1068 955 (16)
1089 885 1168 941 Nova
1184 885 1267 939 etiam

10 961 82 1016 auxilia
96 959 255 1013 imminens
276 957 431 1012 nenessitas
447 960 532 1014 docet.
566 960 627 1026 (17)
644 958 739 1014 Plures
756 976 836 1014 naves
853 961 976 1016 admovet
992 962 1154 1030 Alexander,
1172 963 1266 1016 eodem

10 1038 94 1109 agano
110 1036 199 1092 11ἰωὶ
221 1042 258 1089 et
278 1034 468 1089 Macedonum
484 1043 513 1089 et
531 1034 684 1105 Tyriorum,
703 1045 734 1091 ut
749 1037 805 1090 lere
821 1036 861 1104 fit,
880 1039 1075 1093 confirmantur.
1093 1043 1152 1107 (18)
1170 1039 1266 1110 Pugna

11 1116 86 1169 muchs
101 1112 324 1179 committitur,
345 1111 421 1165 cuius
437 1114 471 1167 ad
487 1119 638 1167 extremum
654 1113 765 1168 victores
782 1113 850 1167 fiunt
867 1114 1041 1183 Macedones,
1059 1124 1089 1170 et
1106 1118 1166 1184 (19)
1183 1115 1265 1170 tertio

13 1194 113 1264 depost,
130 1192 249 1262 impetu
269 1187 405 1259 undique
420 1189 501 1256 sacto,
528 1189 948 1260 urbs,expugnatur,viotor1bus
966 1192 1131 1246 exacerbatis
1148 1192 1265 1246 caeden-

14 1270 82 1338 tibus,
106 1274 162 1337 (20)
191 1265 335 1338 septimo
352 1282 443 1318 mense
459 1273 598 1338 postquam
616 1265 769 1338 oppugnari
785 1274 880 1339 coepta
897 1275 938 1323 est
955 1271 1058 1338 (medio
1075 1287 1146 1323 anuo
1163 1286 1181 1322 a
1201 1268 1265 1322 Chr.

17 1354 232 1413 111332111111
256 1344 363 1396 Attico
383 1344 624 1412 Hecatombucoae).

71 1428 121 1490 (21)
136 1423 318 1476 Afferuntur
338 1418 440 1472 alterae
456 1420 561 1474 litterae
577 1438 594 1473 a
609 1420 708 1486 Dareo,
726 1419 821 1490 qmbus
838 1419 907 1474 filiae
924 1421 1121 1476 matrimonium
1137 1420 1265 1477 etAsism

22 1499 132 1570 cisHalyn
147 1498 332 1554 Alexandro
352 1496 444 1550 offert:
461 1498 604 1568 respondet
621 1496 664 1551 hio
680 1496 792 1551 1111111111
808 1499 922 1552 muneris
939 1498 1077 1553 vilitatem.
1105 1504 1165 1569 (22)
1182 1499 1264 1553 Prae·

20 1577 62 1631 secti
72 1577 277 1648 pmrinciarum
297 1572 490 1627 instituuntur.
512 1572 609 1628 Graeci
625 1572 693 1626 ludis
710 1573 827 1628 lsthmfis
844 1575 997 1630 Alexandro
1015 1593 1141 1631 coronam
1157 1592 1265 1629 auream

19 1656 137 1708 decernunt
185 1659 253 1722 (23.
277 1654 334 1719 24)
373 1649 427 1702 Res
452 1649 559 1703 interim
583 1648 612 1703 in
629 1650 694 1704 Asia
714 1650 815 1705 minore
837 1660 865 1707 et
881 1653 972 1706 insulis
990 1662 1081 1724 gestae
1098 1660 1264 1708 enarrantur.

17 1732 70 1786 Chios
84 1740 257 1802 occupatur,
291 1727 444 1799 capiuntur
459 1726 647 1780 Pharnabazus
664 1728 720 1782 dux
736 1736 765 1781 et
781 1728 946 1784 Aristonicus
963 1738 1103 1800 tyrannus;
1132 1729 1283 1800 Mitylene¹

15 1810 107 1882 traditur.
143 1811 212 1878 (25)
233 1807 359 1860 Dareus
379 1802 476 1857 bellum
493 1811 601 1857 strenue
619 1812 705 1874 parat,
722 1805 805 1859 Besso
822 1806 1024 1860 Bactrianorum
1042 1815 1150 1876 satrapa
1175 1821 1263 1860 accer-

14 1886 54 1952 sito,
73 1904 189 1958 quarum
209 1901 318 1938 rerum
339 1879 458 1934 omnium
475 1880 582 1951 ignarus
601 1880 755 1934 Alexander
780 1885 840 1948 (26)
868 1879 979 1947 Gazam,
1005 1885 1099 1937 urbem
1116 1890 1264 1936 extremam

14 1965 138 2034 Aegyptum
147 1979 267 2028 versus,
288 1956 413 2012 obsidet.
431 1955 602 2028 Oppugnatio
620 1975 680 2010 cum
697 1975 791 2027 parum
807 1959 973 2027 procederet,
991 1976 1040 2013 rex
1057 1976 1154 2013 corona
1170 1959 1264 2011 urbem

14 2057 78 2111 capere
94 2040 216 2106 statuit,
238 2037 294 2091 sed
314 2035 353 2088 ab
373 2032 529 2086 Aristrando
546 2041 609 2086 vate
627 2033 783 2100 deterritus,
801 2033 947 2088 exercitum
964 2035 1064 2107 recipit.
1101 2039 1159 2103 (27)
1179 2033 1264 2105 Oppi·

14 2117 54 2170 dani
67 2124 229 2188 erumpunt,
250 2127 356 2184 pugna
374 2109 443 2163 facta
458 2111 613 2165 Alexander
629 2110 792 2163 vulneratur.
819 2113 877 2178 (28)
897 2111 1017 2165 Tandem
1034 2113 1135 2181 urbem,
1153 2112 1264 2164 subruto

14 2211 71 2263 nnio,
86 2194 268 2249 Macedones
287 2187 410 2254 intrant,
428 2186 502 2242 Betis
518 2189 678 2260 praefectus,
696 2187 804 2258 egregia
820 2204 911 2259 pugna
927 2189 1008 2257 edita,
1026 2196 1119 2260 captus
1136 2186 1264 2260 supplicio

15 2273 86 2326 uudeli
102 2269 238 2326 afficitur.
966 2270 970 2277 '

61 2353 114 2418 (29)
140 2347 227 2402 Gaza
247 2341 399 2415 profectus
416 2342 526 2412 septim0
543 2341 587 2394 die
604 2341 638 2393 ad
656 2340 720 2393 fines
741 2341 859 2412 Aegypti
883 2342 1011 2413 pervenit.
1055 2341 1093 2394 Et
1116 2341 1218 2396 incolae
1236 2349 1265 2397 et

16 2425 117 2493 praesidia
133 2423 259 2478 Persica
279 2419 341 2472 eius
360 2417 425 2470 fidei
441 2435 497 2472 sese
513 2417 683 2489 permittunt.
727 2417 791 2470 Nilo
812 2418 910 2471 vehens
926 2419 1054 2471 interiora
1070 2419 1186 2489 regionis
1202 2434 1265 2489 per·

17 2499 99 2572 latrat,
126 2517 255 2572 cumque
280 2498 360 2552 Iovis
380 2495 534 2550 Hammonis
552 2494 682 2565 templum
698 2494 771 2547 adire
788 2493 942 2562 statuisset,
970 2498 1029 2563 (30)
1054 2497 1170 2550 secundo
1188 2511 1265 2550 amne

19 2579 179 2635 adMareotin
200 2573 358 2631 deseendit
377 2579 407 2624 et
423 2589 471 2642 per
488 2570 643 2626 solitudines
660 2571 772 2625 molesto
789 2570 884 2624 itinere
903 2573 1001 2640 (media
1016 2572 1097 2625 hicme
1110 2574 1176 2627 cosi
1184 2573 1264 2642 incip.

19 2660 51 2708 111
67 2656 167 2725 acar.)
187 2656 228 2709 ad
248 2653 351 2708 sedem
370 2648 415 2701 dei
432 2656 562 2720 penetrat.
600 2649 659 2716 (31)
675 2647 842 2701 Describitur
859 2664 891 2700 ea
907 2647 981 2717 regio
998 2655 1026 2700 et
1043 2665 1147 2702 sacrum
1164 2666 1265 2702 nemus.

21 2735 61 2799 (32)
74 2734 231 2787 Alexander
250 2728 332 2784 Iovis
351 2725 425 2780 filius
441 2727 475 2780 ab
492 2724 598 2780 oraculo
616 2725 774 2797 appellatur,
792 2733 821 2778 et
830 2723 919 2777 divino
927 2725 1092 2779 honore'coli
1110 2742 1138 2780 se
1155 2725 1265 2796 patitur.

22 2812 63 2878 (13)
82 2812 114 2865 ln
128 2813 303 2882 Aegyptum
322 2819 449 2859 reversus
464 2800 655 2857 Alexandriam
677 2800 782 2868 condit,
809 2800 957 2872 Memphim
974 2800 1059 2872 petit,
1086 2820 1128 2856 res
1145 2800 1266 2872 Aegypti

23 2901 63 2939 com
79 2889 138 2942 onit.

63 2907 126 3033 p(84)
149 2963 220 3016 Inde
238 2961 386 3015 adversus
403 2955 519 3010 Dareum
536 2955 703 3027 proficiscens
729 2955 882 3023 (incipiente
898 2969 957 3005 vere
974 2955 1040 3006 onai
1057 2956 1126 3021 331)
1148 2954 1183 3008 ob
1209 2952 1266 3006 He·

27 3041 203 3094 ctorhmortem
213 3038 319 3092 dolore
339 3032 464 3088 afficitur.
482 3032 628 3087 Samarites
645 3033 674 3085 in
688 3029 766 3101 Syria
781 3029 851 3081 male
868 3037 992 3097 parentes
1010 3028 1153 3096 ulciscitur,
1172 3029 1265 3095 (Tyra)

30 3116 56 3168 de
67 3117 192 3185 posttdatis
207 3115 356 3171 sociorum
377 3109 538 3164 Graecorum
555 3109 659 3165 statuit.
684 3110 744 3176 (35)
763 3105 865 3158 Dareus
883 3105 969 3176 copias
987 3104 1125 3174 Babylone
1142 3104 1267 3158 collectas

31 3189 118 3246 herois
133 3210 163 3247 ac
177 3192 330 3264 diligenter
350 3195 448 3254 armat,
476 3191 535 3256 (36)
561 3205 611 3258 per
627 3181 848 3254 Mesopotamiam
865 3182 1007 3251 profectus,
1035 3179 1113 3252 Tigri
1130 3187 1265 3252 superato,

28 3267 113 3323 Arbelis
127 3270 325 3342 impedimenta
344 3262 482 3334 relinquit,
502 3265 588 3319 locum
606 3271 679 3317 trans
692 3261 794 3331 Lycum
810 3275 914 3312 amnem
930 3277 1015 3331 prope
1033 3258 1146 3312 alterum
1162 3273 1267 3312 amnem

24 3343 147 3401 Bumadum
163 3342 533 3418 (cicmnqueffougamclo)
550 3340 651 3412 proelio
669 3336 835 3409 aptissimum
851 3336 933 3408 legit,
960 3345 1095 3409 equestres
1112 3335 1201 3406 copias
1219 3335 1267 3387 ho-

23 3421 83 3476 stim
97 3426 192 3496 agmini
209 3422 325 3479 obiicit.
368 3421 430 3485 (37)
453 3418 607 3471 Alexander
632 3435 693 3470 cum
709 3415 866 3484 Euphraten
891 3423 973 3486 ponte
998 3413 1144 3468 traiecisset
1167 3413 1267 3480 (medic

22 3506 125 3571 aerata),
151 3504 271 3557 Mazaeo
291 3494 406 3552 Persici
431 3496 564 3566 equitatus
581 3493 717 3564 praetecta
734 3493 836 3561 fugato,
860 3492 894 3544 ad
913 3491 1017 3562 Tigrim
1039 3483 1180 3562 pervenit,
1207 3489 1267 3556 (38)

21 3591 108 3650 eumque
123 3580 240 3635 feliciter
258 3577 364 3632 audax
383 3571 487 3625 nemine
503 3569 664 3642 prohibente
680 3568 754 3623 vadia
771 3575 887 3638 superat.
933 3571 992 3638 (39)
1020 3567 1089 3622 Cum
1116 3568 1153 3622 ibi
1170 3563 1268 3619 stativa

21 3652 113 3723 haberet,
138 3659 204 3712 luna
223 3652 367 3709 deficiens
388 3647 486 3702 animos
502 3647 681 3701 Macedonum
698 3645 807 3713 terruit,
826 3661 905 3715 quem
922 3652 1023 3698 metum
1040 3662 1101 3698 cum
1118 3652 1211 3699 vatum
1227 3640 1268 3693 in·

21 3736 189 3801 terpretatione
208 3735 248 3786 ad
267 3740 391 3798 tempus
409 3734 472 3796 apta
489 3721 662 3790 discussisset,
681 3725 740 3793 (40)
750 3723 875 3776 adversus
883 3718 1001 3776 Dareum
1018 3722 1110 3791 duxit,
1128 3722 1271 3776 Persarum

22 3810 97 3878 equita
120 3811 298 3883 reffigientes
319 3813 354 3858 et
374 3800 446 3855 vicos
470 3801 642 3856 incendentes
668 3816 838 3872 persequens.
875 3801 933 3867 (41)
960 3799 993 3852 ln
1009 3797 1055 3852 illo
1073 3797 1169 3851 itinere
1186 3791 1271 3847 Darei

22 3887 99 3956 captiva
115 3890 239 3944 coniunx
258 3889 382 3940 mortua
400 3886 450 3945 est,
467 3878 577 3948 lugente
594 3875 756 3932 Alexandro.
792 3880 852 3945 (42)
869 3876 1023 3946 Spadonum
1040 3892 1108 3927 unus
1125 3874 1154 3927 id
1170 3871 1270 3923 factum

21 3958 86 4018 liano
100 3965 253 4031 nuntiavit,
285 3978 323 4015 ac
343 3954 508 4025 suspiciones
525 3954 595 4025 regis
614 3953 648 4007 de
665 3954 734 4008 male
750 3953 842 4008 habita
859 3970 943 4007 uxore
960 3950 1080 4017 sustulit3
1108 3953 1166 4018 (43)
1186 3960 1270 4015 eaque

22 4045 199 4109 opportunitate
218 4056 291 4096 usus
311 4036 426 4090 Dareus
444 4034 529 4087 denuo
546 4031 651 4102 legatos
669 4032 702 4084 de
719 4049 786 4103 pace
803 4030 883 4097 misit,
902 4039 986 4083 terras
1005 4043 1087 4096 usque
1106 4023 1271 4093 adEupbra-

23 4120 54 4168 itu
73 4137 117 4190 pro
142 4123 210 4176 dote
240 4116 324 4172 filiae
355 4109 477 4164 offerens.
521 4111 581 4178 (44)
610 4106 750 4161 Consuluit
767 4125 798 4161 ea
815 4109 848 4160 de
865 4125 896 4161 re
913 4104 1065 4160 Alexander
1082 4102 1197 4167 amicos,
1224 4099 1272 4152 sed

23 4185 176 4254 Parmenionis
196 4191 324 4252 consilio
346 4193 458 4258 spreto,
484 4186 554 4241 bello
582 4203 649 4255 opus
676 4203 731 4240 esse
753 4184 900 4256 respondit.
944 4184 1003 4252 (45)
1030 4181 1115 4233 Ambo
1141 4175 1273 4232 exercitus

24 4271 102 4332 prum
118 4273 355 4348 progrediuntur
376 4271 405 4316 et
421 4263 524 4317 Dareus
541 4261 746 4324 acieinstructa
763 4265 853 4317 hostes
871 4265 1005 4331 expectat.
1032 4257 1092 4342 (46)
1110 4253 1272 4309 Macedones

26 4344 95 4405 subitus
110 4372 198 4424 pavor
216 4344 355 4410 invadit;
386 4339 478 4394 collem
495 4347 678 4413 opportunum
696 4347 842 4410 occupant,
861 4338 908 4391 scd
924 4353 940 4389 a
957 4349 1020 4420 rege
1038 4340 1110 4386 intra
1123 4338 1213 4421 'castra
1230 4334 1272 4381 te-

26 4431 97 4483 lentur,
131 4435 194 4502 (47)
224 4418 405 4482 Alexander
421 4417 476 4490 ipse
493 4418 587 4472 dubius
606 4416 639 4471 de
657 4428 755 4473 eventu
780 4432 886 4489 pugnae
909 4409 1046 4469 consitum
1068 4409 1195 4475 adhibet,
1222 4421 1272 4461 no·
