2926 5174
416 319 466 369 nn
493 317 619 370 ersms
645 317 755 368 anax.
786 319 836 388 rx,
865 317 905 364 1s.
1208 299 1281 370 445

48 499 197 597 singulis
224 498 346 573 diebus
374 501 588 598 procedens,
627 510 669 572 ut
693 500 904 598 opportunis
930 500 1017 573 locis
1044 501 1175 598 exponi
1202 502 1284 575 sub·

46 609 131 682 inde
159 612 276 709 copiae
301 622 461 708 possent.

10 739 47 787 lv.
150 721 366 796 Perventum
393 733 472 796 erat
496 724 534 795 in
560 722 756 821 regionem,
790 723 827 795 in
854 747 925 818 qua
950 720 1142 821 Hydaspes
1170 724 1335 796 amnisll

18 831 192 906 aAcesini
218 835 459 907 committitur.
510 833 604 907 Hinc
636 832 792 906 decurrit
823 833 860 905 in
891 834 980 907 fines
1007 831 1183 908 Siborum.
1235 834 1284 908 Hi

47 943 92 1017 de
120 945 278 1018 exercitu
302 944 467 1018 Herculis
494 945 645 1018 maiores
678 970 761 1017 suos
794 969 872 1017 esse
904 957 1119 1018 memorant:
1155 971 1281 1044 aegros

18 1057 191 1129 srelictos
218 1081 310 1149 esse,
337 1058 475 1155 cepisse
501 1055 639 1147 sedem,
667 1081 774 1152 quam
799 1055 867 1152 ipsi
893 1056 1113 1129 obtinebant.
1165 1057 1281 1131 Pelles

44 1167 202 1240 ferarum
226 1195 291 1267 pro
312 1179 426 1258 veste,
454 1169 575 1241 clavae
602 1168 674 1241 tela
699 1177 819 1257 erant;
846 1168 1039 1264 multaque,
1067 1169 1174 1241 etiam
1201 1195 1282 1241 cum

48 1275 177 1352 Graeci
214 1305 330 1353 mores
370 1279 630 1369 exolevissent,
679 1278 799 1375 stirpis
846 1277 1085 1352 ostendebant
1121 1281 1282 1377 vestigia.

16 1388 155 1481 tHinc,
192 1393 403 1465 excensione
429 1392 540 1480 facta,
569 1412 614 1463 cc
641 1400 678 1462 et
703 1413 726 1461 L
753 1388 868 1461 stadia
894 1390 1063 1479 excessit,
1090 1388 1282 1488 depopula-

19 1511 179 1598 itusque
196 1503 386 1599 regionem,
414 1501 594 1600 oppidum,
622 1512 729 1600 caput
746 1502 831 1592 eiua,
858 1526 990 1575 corona
1010 1501 1113 1599 cepit.
1156 1525 1206 1574 xn
1223 1528 1281 1600 pe-

48 1611 164 1685 ditum
190 1614 285 1686 milia
309 1639 399 1712 gens
425 1614 463 1686 in
488 1614 567 1711 ripa
591 1612 777 1685 fluminum
804 1623 1034 1710 opposuerat:
1061 1638 1153 1709 quae
1179 1640 1282 1687 amne

47 1736 219 1822 superato
236 1725 272 1797 in
288 1727 411 1822 fugam
428 1724 609 1821 compulit,
635 1724 860 1820 inclusosque
881 1725 1066 1797 moenibus
1089 1736 1282 1824 expugnat.

79 1959 146 2031 Cap.
160 1967 203 2027 14,
223 1963 245 2029 ξ.
255 1968 278 2014 2.
313 1962 341 2014 io
353 1962 428 2029 fines
448 1950 578 2030 Siborum]
607 1961 649 2012 Si·
683 1967 724 2012 est
740 1962 870 2025 excedere,
889 1960 958 2013 sicut
976 1978 1094 2014 excessus
1109 1962 1178 2031 apud
1195 1962 1284 2015 rheto-

45 2029 133 2082 torum
160 2029 264 2084 correxi
291 2047 340 2099 pro
366 2030 477 2099 vulgato
503 2030 648 2095 Sociorum,
683 2045 726 2081 res
735 2028 872 2082 dicebatur
884 2028 1008 2099 egressio,
1026 2029 1087 2083 vide
1097 2028 1209 2094 Quintil.
1217 2030 1284 2085 inst.

44 2115 102 2150 cum
119 2097 156 2152 sit
174 2098 202 2151 in
221 2116 279 2152 mss.
298 2100 435 2162 Satorum,
454 2105 482 2151 et
499 2098 570 2167 apud
583 2097 648 2150 Dio-
683 2112 727 2164 111,
747 2104 771 2164 9,
790 2103 815 2151 4.

43 2167 136 2220 dorum
154 2183 178 2219 c.
190 2173 223 2220 96
239 2166 504 2232 etOrosiumlib.111,
517 2174 547 2220 19
562 2171 649 2233 Σίβοι
718 2169 740 2233 ᾖ.
751 2172 774 2218 5.
809 2180 848 2217 xl.
861 2168 980 2235 peditum
997 2168 1072 2220 milia
1088 2170 1164 2238 pens]
1200 2167 1283 2221 Addi-

43 2235 223 2358 stelias·
241 2234 648 2359 bassunis·
682 2233 1109 2358 calcastis-aisa
1123 2235 1283 2359 {tenti

43 2370 105 2425 dicis
122 2377 220 2439 Σίβας
238 2371 336 2440 dicunt,
354 2374 401 2426 sed
418 2373 452 2424 de
470 2371 576 2425 Sivaitis
593 2371 648 2424 sive
683 2373 728 2424 sed
745 2370 883 2425 etiamsis
906 2372 1042 2442 paucitate
1063 2373 1180 2427 codicum
1220 2345 1285 2429 isce1

42 2439 85 2492 dei
94 2439 176 2494 Sivse
192 2439 337 2494 cultoribus
355 2457 503 2495 sermonem
519 2457 577 2493 esse
593 2458 648 2493 non
683 2440 746 2507 das,
781 2447 870 2493 tamen
901 2451 1053 2513 comparato
1078 2441 1198 2496 Diodoro
1225 2460 1285 2495 cum

40 2509 131 2579 inepta
167 2517 211 2562 est
244 2509 424 2564 recentiorum
461 2509 648 2564 historicorum
683 2508 790 2574 Curtio,
817 2508 962 2580 intelliges,
986 2512 1019 2563 de
1040 2529 1093 2563 una
1114 2520 1195 2581 gente
1211 2514 1285 2581 Aga-
1389 2554 1392 2560 .

40 2576 136 2647 opinio.
682 2577 834 2630 laccensium
855 2577 914 2631 dici.
949 2579 1046 2649 Neque
1062 2580 1131 2632 enim
1149 2580 1284 2634 Diodorus

73 2663 130 2699 esse
144 2647 301 2717 memorant]
323 2646 461 2701 Editiones
473 2645 649 2717 praeterMo-
682 2646 752 2699 inter
770 2646 848 2700 Sibos
866 2653 894 2699 et
912 2646 1087 2718 Ἀγαλασσεῖε
1109 2648 1187 2701 eliam
1204 2648 1285 2702 ullam

40 2713 146 2768 dianam
165 2727 380 2782 commemorant,
402 2733 464 2769 mss.
481 2714 509 2768 in
527 2732 558 2769 eo
577 2715 648 2784 quod
682 2715 764 2768 habet
781 2714 824 2766 vel
841 2722 948 2783 gentem
966 2716 1008 2768 vel
1029 2718 1128 2768 urbem.
1163 2716 1284 2770 Restitu-

39 2801 119 2854 supra
137 2799 294 2854 expressum
311 2792 359 2851 est,
378 2783 552 2838 consentiunt
682 2784 751 2836 enda
770 2782 863 2852 igitur,
891 2784 979 2836 deleta
1001 2784 1096 2836 vocula
1113 2787 1183 2852 clia,
1205 2784 1284 2839 lectio

73 2860 94 2920 5.
103 2859 129 2906 3.
159 2855 253 2905 chicce
266 2855 316 2905 tela
329 2855 415 2920 erant]
442 2852 517 2905 Editi
528 2870 582 2920 pro
598 2854 647 2904 telo
682 2859 769 2916 vetus,
779 2869 839 2903 nam
848 2851 985 2920 quominus
994 2851 1161 2922 Wesselingii
1176 2853 1208 2904 ad
1218 2853 1285 2906 Dio·

38 2931 113 2974 erem
126 2921 163 2973 ad
177 2919 374 2974 similitudinem
388 2937 479 2975 eorum
492 2937 559 2991 quae
572 2936 649 2990 prae·
683 2921 738 2974 dor.
757 2937 778 2972 c.
790 2926 821 2973 96
842 2919 1019 2973 coniecturam
1036 2922 1160 2989 probem,
1182 2938 1233 2990 pro
1252 2937 1285 2974 eo

38 2997 191 3055 cesserunt,
218 2988 266 3041 sed
282 2990 429 3043 orationem
445 2989 541 3042 variari
563 2989 648 3041 solere
683 2989 804 3059 quodest
821 2989 876 3040 alia
887 3007 957 3067 pens
971 2988 1135 3042 scribendum
1144 3005 1201 3041 esse
1211 2991 1285 3059 Apa·

38 3075 93 3110 non
109 3056 195 3111 semel
214 3055 334 3112 vidimus.
370 3057 547 3112 Consentiunt
561 3065 648 3110 autem
684 3060 813 3110 lossenses
829 3056 993 3125 suspicantis,
1009 3056 1074 3109 illud
1082 3057 1200 3127 impedit,
1214 3058 1285 3128 quod

37 3143 97 3180 mss.
119 3142 219 3181 omnes
242 3124 271 3177 in
291 3143 322 3180 eo
345 3128 416 3198 quod
438 3144 487 3180 nos
510 3126 647 3192 edidimus,
684 3127 739 3178 alia
757 3142 812 3178 non
824 3133 912 3178 ortum
929 3125 1042 3193 videtur,
1060 3125 1110 3178 nisi
1127 3142 1161 3178 ex
1178 3125 1284 3196 ingenio

38 3193 89 3247 nisi
115 3195 193 3266 quod
220 3193 336 3263 turpiter
360 3203 504 3266 peccantes
529 3194 601 3248 Flor.
623 3194 646 3246 B
682 3192 844 3248 correctoris.
883 3194 980 3264 Itaque
1009 3194 1047 3248 sic
1077 3194 1164 3265 potius
1195 3194 1284 3248 locum

39 3265 139 3318 clarute
157 3272 252 3329 eram,
277 3263 495 3330 coloraverunt,
522 3272 551 3316 et
567 3261 648 3317 corri-
682 3261 809 3342 explicari
826 3261 904 3315 velim
922 3271 953 3315 ut
971 3263 1093 3317 Curtium
1114 3280 1142 3315 re
1159 3265 1239 3317 semel
1256 3263 1284 3317 in

38 3340 132 3401 gentes
159 3332 237 3386 Flor.
254 3331 307 3384 ΕΗ
333 3332 413 3386 Bern.
434 3333 458 3385 B
485 3350 538 3401 pro
565 3332 647 3385 armis
682 3348 831 3384 universum
851 3331 968 3385 indicata
988 3332 1039 3385 iam
1061 3333 1095 3386 ad
1112 3333 1223 3386 eandem
1241 3350 1284 3387 ac·

39 3403 112 3455 clavo
130 3409 201 3455 erat.
682 3399 797 3454 curatius
823 3400 1054 3455 demonstrandam
1080 3402 1204 3456 accedere
1230 3412 1284 3456 sta·

73 3473 96 3538 ξ.
105 3477 130 3524 4.
170 3470 254 3533 Hinc,
280 3471 431 3523 excessione
448 3469 541 3539 facto]
577 3470 649 3521 Hinc
682 3478 793 3522 tuamus.

39 3539 97 3591 edd.
114 3545 188 3592 vett.
207 3544 238 3590 et
260 3535 361 3590 codices
379 3537 513 3591 snakenb.
530 3545 559 3590 et
576 3537 647 3590 Flor.
717 3555 834 3608 quae-
852 3539 880 3590 in
891 3538 989 3609 sapam
1007 3541 1138 3608 compulit,
1156 3540 1284 3594 inclusos-

37 3615 147 3674 praescr
166 3606 192 3658 B
217 3621 331 3671 omnes,
349 3605 480 3660 recentius
507 3605 572 3659 editi
598 3606 648 3658 tic.
683 3608 741 3726 qued
778 3605 823 3659 Sic
845 3605 953 3660 Curtius
977 3608 1048 3660 haud
1070 3609 1150 3661 dubie
1171 3607 1283 3678 scripsit,

39 3674 182 3745 Coniunge
190 3676 252 3726 binc
261 3690 320 3726 cum
331 3677 471 3742 processit,
489 3682 517 3726 et
529 3673 648 3742 intellige
682 3675 703 3727 si
740 3676 785 3727 des
807 3683 849 3727 est
871 3675 1004 3730 codicibus
1027 3677 1161 3739 habenda,
1191 3675 1285 3742 (nostri

39 3744 70 3796 dc
86 3745 189 3798 finibus
208 3741 348 3809 Siborum,
375 3761 437 3795 nam
454 3743 523 3812 ipsos
541 3743 648 3813 quidem
682 3742 1093 3815 animamaromnesqaae,
1112 3743 1282 3797 unusPal.1

39 3811 112 3867 Sibos
131 3809 272 3865 amicitiae
294 3827 388 3864 nomen
412 3818 647 3865 commemorantes
682 3829 732 3882 quo
749 3811 864 3864 traditur
885 3813 993 3880 habere)
1016 3831 1069 3866 non
1091 3829 1153 3866 sane
1175 3812 1210 3864 ad
1227 3811 1284 3864 vul-

38 3881 196 3935 Alexander
220 3877 319 3931 liberos
339 3878 445 3932 dimisit.
480 3879 534 3932 Pro
557 3896 648 3932 excert-
682 3896 771 3949 gerem
788 3878 930 3947 rationem,
948 3890 980 3934 ut
997 3882 1109 3951 primum
1125 3882 1285 3959 miliaquae

39 3950 107 4003 siorae
124 3949 156 4002 in
176 3946 259 4000 codd.
270 3945 343 3999 Leid.
352 3947 432 4000 Pall
453 3946 648 4002 PlorchGI
682 3949 867 4018 coniungeret,
887 3949 981 4003 deinde
998 3950 1032 4001 ad
1049 3966 1165 4015 sensum,
1188 3956 1227 4000 ut1
1244 3948 1285 4000 di-

39 4018 253 4081 sstescessione,
271 4013 438 4068 inFlorJiH
447 4015 647 4069 Bern.BVoss.
681 4025 756 4080 cunt,
782 4024 945 4070 construeret
967 4028 991 4071 et
1013 4019 1126 4071 inclusos
1145 4027 1284 4086 espapnct.

40 4087 235 4140 intensione.
262 4081 316 4141 Sed
332 4083 494 4147 restituenda
511 4085 590 4138 etiam
607 4095 647 4137 est
681 4085 777 4156 Neque
797 4093 886 4137 tamen
913 4095 978 4156 puto
1004 4085 1067 4152 hoc,
1094 4092 1124 4137 ut
1146 4084 1284 4154 evulgari

40 4156 160 4208 codicum
178 4150 370 4205 fere-omnium
383 4160 410 4205 et
423 4152 482 4205 edd.
498 4153 647 4222 principum
700 4153 860 4217 samnatica,
881 4153 919 4208 sic
936 4173 952 4206 a
968 4153 1101 4207 latinitate
1118 4171 1153 4233 qu
1188 4169 1222 4205 ue
1238 4155 1285 4207 sb·

39 4219 111 4278 lectio
132 4221 268 4284 excessit,
296 4237 363 4288 quae
386 4221 490 4289 sepulta
511 4222 591 4276 iacuit
614 4238 648 4274 ex
681 4173 802 4290 lomere,
831 4222 939 4292 dixique
962 4238 993 4274 ea
1016 4223 1049 4274 de
1070 4237 1100 4274 re
1121 4240 1148 4274 1n
1193 4239 1284 4276 rsmm.

55 4309 85 4347 uo
102 4291 198 4346 Aldus
262 4291 353 4341 ocessit
378 4291 521 4343 secundum
546 4288 648 4345 codices
682 4290 728 4343 lat.
747 4295 770 4359 ξ.
784 4297 834 4345 368
852 4291 974 4360 exemplo
992 4308 1053 4342 usus
1071 4290 1156 4343 nostri
1173 4290 1285 4361 scripto·

39 4306 102 4416 ilos.
120 4358 169 4413 DI
189 4373 207 4408 e
239 4353 287 4406 dit.
319 4355 415 4426 Neque
432 4356 502 4410 enim
519 4360 649 4429 processit
683 4359 719 4412 ris
736 4366 882 4426 rv,19,17.
916 4361 997 4415 Certe
1014 4359 1085 4429 quod
1102 4358 1190 4412 editur
1208 4378 1285 4430 quam

39 4429 181 4495 exereitus,
201 4423 253 4477 sed
271 4422 304 4476 de
320 4424 362 4478 via
375 4441 494 4496 egressus
508 4437 558 4495 est,
577 4427 649 4496 quod
684 4428 712 4480 ia
724 4429 823 4498 sapam
841 4431 972 4497 compulit,
991 4445 1050 4481 cum
1068 4443 1172 4482 sensum
1189 4428 1285 4484 habeat
