2926 5174
470 336 520 386 nn
546 335 674 387 ansus
701 334 812 386 Anax.
827 336 875 405 ·v,
903 334 946 387 1⁵.
1256 318 1328 391 189

96 544 166 616 qua
200 517 317 592 sidera
348 517 622 610 intemitebant,
658 520 857 592 continenti
891 519 1019 593 fronde
1045 529 1163 592 tectae
1190 521 1337 597 arbores

95 629 298 727 conspicere
323 631 571 728 prohibebant.
611 628 666 703 Ne
691 631 832 702 aurium
859 629 1004 727 quidem
1029 657 1115 704 usus
1142 643 1339 728 supererat,

94 740 202 812 silvas
234 742 417 837 quatiente
447 753 573 832 vento,
607 742 667 838 qui
703 741 999 814 concurrentibus
1031 743 1140 815 ramis
1166 742 1339 816 maiorem

95 875 201 946 quam
242 876 310 949 pro
350 852 439 925 flatu
474 878 602 925 sonum
639 851 779 924 edebat.
849 850 1012 925 Tandem
1048 861 1241 950 expectata
1274 855 1340 926 lux

94 960 221 1051 emnia,
235 986 329 1058 quae
355 963 567 1037 terribiliora
592 989 668 1037 nex
693 964 837 1052 fecerat,
863 962 1007 1033 minuit:
1035 963 1212 1036 circumiri
1237 964 1342 1039 brevi

94 1072 208 1169 spatie
241 1083 388 1171 poterat
423 1073 573 1165 eluvies,
607 1085 643 1147 et
674 1074 742 1146 sibi
769 1073 918 1169 quisque
946 1071 1023 1144 dux
1049 1073 1189 1147 itineris
1217 1101 1341 1174 coepe·

93 1192 149 1254 rat
173 1184 261 1256 fieri.

193 1293 367 1368 Evadunt
398 1321 484 1393 ergo
516 1297 553 1368 in
586 1296 721 1369 editum
755 1295 943 1369 verticem:
987 1318 1036 1366 ex
1079 1320 1151 1391 que
1182 1297 1392 1374 hostiumld

92 1406 245 1479 statione
281 1419 491 1504 conspecta,
527 1419 672 1481 strenue
707 1406 850 1496 annati,
886 1430 909 1477 a
934 1414 1040 1501 tergo
1078 1431 1117 1478 se
1144 1408 1341 1482 ostendunt

92 1515 176 1586 nihil
207 1518 281 1590 tale
323 1518 583 1609 metuentibus3
620 1544 772 1615 querum
803 1516 925 1616 pauci,
961 1517 1023 1613 qui
1056 1518 1228 1616 congredi
1262 1521 1341 1593 ausi

94 1622 206 1718 erant,
243 1629 340 1701 caesi
373 1638 468 1701 sunt.
526 1628 651 1726 Itaque
685 1629 769 1701 hinc
800 1629 1042 1721 morientium=
1055 1631 1231 1728 gemitus,
1258 1633 1342 1706 hinc

96 1736 139 1809 ad
169 1763 253 1812 suos
291 1740 554 1812 recurrentium
584 1739 795 1812 miserabilis
827 1740 950 1829 facies,
987 1739 1149 1838 integros
1185 1766 1339 1838 quoque,

98 1859 284 1947 antequam
322 1849 513 1923 discrimen
545 1851 810 1949 experirentur,
846 1850 883 1921 in
909 1850 1032 1949 fugam
1059 1846 1201 1924 avertit.
1255 1852 1338 1926 Fre·

96 1960 178 2032 mitu
204 1961 336 2034 deinde
362 1962 399 2033 in
425 1972 555 2053 castra,
583 1963 662 2059 quis
689 1959 859 2035 Craterus
885 1960 1125 2059 praesidebat,
1152 1963 1263 2053 illato,
1290 1962 1339 2036 ad
1432 2000 1435 2005 ·

98 2071 316 2169 occupandas
355 2074 558 2170 angustias,
598 2075 637 2147 in
675 2074 804 2169 quibus
845 2072 958 2170 pridie
997 2071 1204 2163 haeserant,
1235 2074 1337 2147 miles

100 2180 260 2255 educitur.
315 2179 429 2256 Simul
457 2194 494 2256 et
519 2183 681 2257 Philotas
707 2209 790 2257 cum
815 2183 1080 2282 Polyperconte
1104 2181 1338 2282 Amyntaque

101 2301 131 2361 et
154 2290 273 2367 Coeno
310 2293 493 2367 diversum
524 2295 593 2367 iter
624 2294 764 2393 ingredi
789 2295 923 2383 iussus,
949 2294 1058 2366 ahum
1083 2305 1259 2368 terrorem
1284 2297 1335 2367 in·

103 2403 170 2476 tulit
194 2406 370 2479 barbaris.
411 2404 576 2502 Undique
604 2430 691 2504 ergo
717 2404 957 2479 Macedonum
984 2406 1091 2478 armis
1105 2406 1336 2503 fulgentibus,

129 2656 148 2721 ξ.
164 2663 203 2710 25.
240 2660 287 2727 qui
311 2658 524 2711 concurrentibus
550 2659 634 2712 ramis
660 2688 696 2700 -
729 2658 840 2712 ridebat.
881 2661 977 2728 Itaque
1002 2657 1076 2712 nulla
1102 2676 1179 2712 eausa
1202 2664 1257 2725 est,
1289 2675 1337 2712 cur

102 2725 186 2800 edebat]
210 2726 326 2780 Secutus
345 2744 404 2778 sum
421 2725 525 2779 cedices
542 2743 614 2780 meos
633 2743 695 2780 con-
730 2726 851 2780 codicum
877 2736 1028 2780 nostrerum
1052 2727 1157 2797 quidem
1174 2726 1291 2779 emnium
1308 2734 1337 2779 et

102 2798 216 2863 enentcs',
242 2795 294 2847 nisi
317 2795 391 2864 qued
412 2795 472 2847 leve
490 2794 583 2847 vitium
601 2811 696 2847 eerum
729 2794 804 2847 Leid.
828 2797 905 2846 Voss.
935 2802 947 2847 1
972 2794 1173 2864 probatissimae
1191 2794 1337 2864 scripturas

101 2862 188 2914 correxi
215 2865 334 2916 edebant.
370 2863 511 2916 Edebatur
531 2862 608 2918 initio
627 2880 696 2931 quae
729 2861 861 2916 levissima
890 2862 1019 2915 correctio
1049 2863 1233 2932 praeferatur,
1287 2878 1337 2914 aas

101 2934 294 2985 corrodentibus
317 2962 354 2972 -
371 2933 476 2997 edebat,
494 2939 552 2984 tum
568 2932 603 2984 ab
622 2932 694 2985 Alde
729 2940 772 2985 est
795 2930 823 2982 in
849 2929 927 2983 editis
949 2937 1056 3000 praeter
1081 2930 1238 2983 Medianum
1264 2880 1337 2983 lhris

100 2998 138 3062 qui
152 3002 353 3054 concutientibus
377 3031 412 3040 —-
434 3002 538 3065 edebat,
561 3002 594 3053 ab
618 3000 696 3053 Iunio
731 3002 790 3069 quis
820 2998 892 3050 Crat.
913 3007 1049 3067 praeerat.
1084 3002 1153 3051 Item
1175 2997 1254 3068 paulo
1276 3007 1338 3068 post

99 3067 138 3130 qui
152 3070 354 3121 concutientibus
371 3099 407 3109 —-
423 3069 555 3135 reddebat,
574 3068 695 3121 aMedio
730 3067 800 3120 male
818 3065 898 3135 vulgo
918 3066 1101 3119 circumfertur
1117 3068 1273 3132 haesitarat,
1286 3083 1337 3136 pre

99 3148 155 3199 quae
171 3139 429 3190 concurrentibus-
446 3138 562 3204 edebant,
581 3138 697 3208 denique
730 3152 764 3189 ee
788 3135 862 3205 qued
885 3133 913 3186 in
930 3133 997 3204 ple'
1028 3151 1062 3186 ue
1084 3135 1161 3187 cedd.
1185 3141 1226 3186 cst
1248 3137 1338 3188 beese·

97 3201 168 3273 vulgo
185 3224 255 3259 nunc
273 3205 457 3259 circumfertur
471 3222 537 3273 quae
550 3208 697 3258 concutien-
731 3213 808 3270 rent,
834 3201 861 3254 in
881 3203 972 3271 paucis
995 3203 1007 3272 (
1031 3202 1079 3257 lor.
1097 3202 1177 3256 EGH
1200 3203 1280 3256 Bern.
1298 3203 1337 3274 Β)

98 3271 202 3325 libus—
218 3275 373 3341 reddebant,
392 3273 474 3326 silvae
490 3273 622 3327 nimirum.
641 3273 697 3326 Sed
731 3275 870 3338 haeserat,
898 3271 926 3324 in
949 3289 1010 3326 uno.
1025 3276 1101 3325 Voss.
1125 3279 1139 3324 2
1165 3273 1337 3325 haesitarent.

97 3340 173 3394 omnia
189 3342 355 3411 elegantiora
372 3343 455 3409 fiunt,
483 3340 641 3394 siventum
667 3341 697 3393 id
731 3340 845 3394 Pluralis
860 3348 931 3393 certe
944 3357 1068 3394 numerus
1082 3340 1213 3394 neminem
1222 3341 1339 3394 debebat

97 3405 179 3462 secisse
196 3411 330 3464 statueris.
366 3410 438 3476 Quid
464 3410 635 3479 quodetiam
653 3427 698 3461 ar·
732 3411 881 3475 offendere,
912 3427 971 3462 cum
997 3409 1072 3462 miles
1098 3426 1176 3462 sensu
1199 3408 1337 3463 collective

95 3486 229 3548 granta,
253 3488 285 3533 ut
302 3498 390 3533 rames
409 3482 580 3532 concutientes
600 3486 698 3530 tuean-
732 3479 836 3533 dicatur
859 3494 909 3530 nec
931 3487 1020 3531 muron
1047 3478 1147 3532 directo
1171 3496 1230 3531 cum
1255 3479 1338 3532 verbe

94 3552 145 3614 mr,
185 3549 213 3601 ui
239 3567 292 3602 non
311 3557 373 3602 sunt
390 3547 441 3602 nisi
459 3546 486 3599 in
502 3549 580 3602 Voss.
600 3553 616 3600 2
635 3563 697 3616 pes-
731 3548 871 3601 beeserant
888 3547 1070 3617 coniungatur.

95 3612 153 3667 sime
168 3566 248 3670 bbre.
767 3619 790 3683 §.
813 3622 855 3668 30.
897 3617 986 3669 iussus
1016 3646 1052 3657 —
1081 3616 1179 3682 intulit]
1224 3615 1339 3685 Aliquot

125 3682 186 3754 Cap.
206 3693 252 3753 16,
272 3689 295 3753 §.
314 3691 357 3738 28.
392 3695 533 3752 antequam
551 3686 633 3737 discr.
652 3700 698 3736 ex·
731 3682 792 3736 libri
810 3700 844 3735 ex
862 3682 1021 3736 deteriorum
1039 3700 1159 3748 numere,
1178 3683 1264 3736 nostri
1282 3683 1339 3753 qui-

93 3754 243 3822 pen'rentur]
278 3757 428 3823 Antequam
445 3754 516 3821 msti,
534 3751 600 3804 editi
618 3762 697 3804 antee
731 3752 792 3803 dcm
816 3752 886 3804 Fler.
908 3751 1025 3805 DEFHI
1051 3761 1080 3807 et
1105 3753 1186 3804 Bern.
1204 3751 1238 3817 B,
1257 3753 1340 3804 iussis

93 3835 173 3887 quem.
732 3820 840 3873 habent.
884 3819 986 3873 Vitium
1013 3828 1054 3874 est
1076 3821 1121 3874 vul
1140 3835 1194 3870 are.
1235 3818 1339 3881 Quodsi

124 3891 147 3953 §-
173 3896 215 3944 29.
261 3890 321 3958 quis
361 3889 488 3943 Craterus
512 3888 697 3960 praesidebat]
733 3889 999 3942 iussi-intulerunt
1017 3896 1095 3955 esset,
1133 3885 1221 3938 efendi
1237 3892 1337 3955 posset,

93 3953 245 4011 Praesident
268 3959 363 4010 eedem
388 3975 467 4011 sensu
498 3976 552 4039 quo
572 3972 699 4027 praeesse
733 3974 795 4009 nam
806 3957 923 4024 Curtius,
942 3958 986 4011 uhi
1005 3958 1151 4009 subiectum
1162 3953 1254 4005 addita
1262 3969 1340 4022 prae-

93 4031 119 4075 et
133 4025 225 4096 reliqui
244 4025 389 4096 scriptores
398 4034 427 4079 et
438 4025 548 4080 Ourtrus
565 4044 620 4079 non
637 4041 699 4077 raro
733 4025 867 4095 positione
896 4043 954 4078 cum
981 4024 1188 4094 multiplicatur,
1225 4029 1339 4089 utreque

94 4090 192 4161 dicunt,
219 4102 252 4146 ut
269 4108 304 4160 v,
324 4102 339 4148 6
358 4097 418 4148 arci
427 4097 587 4174 praesidere
605 4109 646 4160 1-v,
665 4099 698 4145 46
734 4112 844 4147 numero
871 4093 974 4162 utitur,
1001 4094 1069 4146 sicut
1085 4088 1194 4161 pluralis
1212 4097 1253 4142 est
1271 4089 1340 4143 infra

94 4160 178 4214 itineri
193 4164 372 4230 praesidebat.
402 4162 496 4217 Orcere
514 4182 555 4234 pr.
574 4162 649 4216 Sulla
666 4168 697 4214 31
735 4181 793 4232 cap.
803 4170 836 4216 29
846 4162 891 4215 ubi
899 4164 960 4215 vide
974 4170 1073 4228 notam,
1092 4156 1231 4227 singularis
1249 4166 1340 4211 autem

94 4229 151 4281 dees
160 4233 266 4298 patries
282 4231 411 4301 appellat,
426 4233 701 4301 quibuicurbiatque
735 4246 784 4298 111,
804 4237 851 4298 35,
871 4238 903 4283 14
921 4240 950 4284 et
968 4247 1000 4296 v,
1019 4237 1067 4297 34,
1087 4234 1127 4281 18.
1164 4224 1206 4278 cf.
1229 4244 1339 4296 gamm.

96 4295 267 4367 buieimperie
276 4302 450 4380 praesidetis.
471 4300 580 4354 Tacitus
593 4307 702 4369 praeter
734 4298 793 4353 Lat.
811 4307 930 4352 nestram
948 4304 971 4368 §-
990 4304 1049 4352 375.

97 4362 209 4419 dativum
240 4368 364 4438 adiungit
398 4369 480 4421 etiam
514 4368 700 4432 accusativum,
771 4373 793 4437 ς.
813 4376 855 4422 31.
879 4371 993 4438 undique
1010 4385 1038 4419 er
1057 4370 1081 4435 o]
1101 4365 1145 4418 Sic
1161 4363 1238 4416 Mod.
1256 4364 1339 4418 editio

96 4430 162 4487 Anu.
179 4451 223 4503 m,
250 4444 283 4492 33
297 4440 451 4508 proximum
469 4440 607 4491 sancitum
619 4453 703 4506 pree·
736 4445 765 4490 et
783 4437 853 4490 Fler.
872 4454 964 4489 omnes
981 4445 1009 4489 et
1052 4452 1107 4489 ern.
1142 4433 1244 4486 Bcum
1262 4433 1341 4488 Voss.
