2926 5174
499 337 548 386 uu
575 336 701 388 ansus
727 335 836 387 anun
863 338 900 406 x,
928 331 970 386 10.
1283 319 1356 388 497

134 519 178 592 sit
222 519 369 613 inuidia)
417 521 596 619 imperium
635 523 800 595 munimur
840 534 1003 595 terrarum
1046 521 1158 618 partis
1208 522 1361 619 imposui.

91 651 116 697 2⁵
134 636 281 709 Asiaene
305 649 498 734 pertaesum
529 647 587 725 est,
622 659 706 734 quae
736 659 793 707 aas
821 634 931 731 pluria
961 659 1073 707 rerum
1100 624 1270 734 gestarum
1295 639 1362 712 diis

126 769 234 841 pares
256 745 362 846 fecit?
413 747 458 821 ln
482 747 655 844 Europam
688 746 737 819 ire
762 745 968 842 properatis,
1007 770 1082 843 repe
1112 745 1252 839 deserto,
1287 773 1361 821 cum
1391 770 1393 774 ·

125 854 283 951 pluribus
314 870 458 931 uestrum
492 857 681 958 defuturum
716 855 871 929 umticum
896 857 1017 955 fuerit,
1056 857 1093 928 ni
1126 882 1182 931 aes
1216 857 1362 932 alienum

91 963 287 1038 saloissam:
324 992 441 1067 nempe
477 967 516 1040 in
553 966 706 1041 Asiatica
737 965 881 1062 praeda.
945 965 1021 1040 Nec
1054 968 1160 1064 pudet
1191 971 1362 1071 prendendo

131 1089 242 1149 uenae
270 1076 474 1152 deuictarum
503 1077 651 1176 peruium
680 1076 789 1173 spolia
819 1076 1094 1172 circumferentes,
1133 1080 1253 1151 reuerti
1282 1081 1362 1153 uelle

131 1187 179 1259 ad
204 1187 319 1262 liberos
344 1188 567 1287 conlapsaque,
593 1186 710 1285 quibus
733 1187 842 1284 pauci
867 1187 1026 1283 praemia
1051 1187 1204 1261 uictoriae
1223 1190 1361 1286 potestis

130 1297 306 1371 ostendere.
358 1297 455 1372 aaa
489 1311 681 1386 ceterorum,
721 1295 802 1369 dum
836 1296 933 1369 etiam
966 1298 1040 1395 spei
1072 1310 1198 1372 uestrae
1232 1299 1361 1373 obuiam

91 1427 112 1473 o
129 1408 210 1501 atis,
236 1434 335 1482 arma
360 1433 486 1510 quoque
504 1406 646 1506 pipmri
668 1417 752 1478 sunt.
792 1407 902 1481 Bonis
927 1431 1003 1481 uero
1020 1404 1175 1481 militibus
1194 1410 1361 1485 cordurus

127 1544 218 1610 sum,
247 1518 406 1616 pelicum
429 1543 571 1592 suarum
597 1515 802 1591 canabinis.-
834 1516 952 1614 quibus
983 1519 1042 1591 lucc
1067 1518 1173 1593 solum
1199 1545 1239 1593 eu
1264 1522 1362 1595 tantis

125 1630 246 1726 opillus
272 1640 431 1727 superest,
466 1628 502 1701 in
528 1628 616 1728 quod
646 1626 856 1723 impenditur.
909 1626 1055 1703 Proinde
1075 1631 1285 1730 fugientibus
1310 1657 1361 1706 me
1390 1666 1393 1671 ·

122 1752 265 1836 pateant
291 1740 425 1814 limites:
441 1740 600 1840 facessite
624 1737 700 1811 irinc
725 1737 835 1827 ocius;
862 1762 920 1836 epo
946 1763 1021 1812 cum
1037 1740 1152 1814 Persis
1173 1741 1361 1815 abeuntium

126 1861 219 1948 torpa
246 1852 380 1926 tmaban
431 1849 613 1926 Neminem
639 1851 746 1922 'tenea-
778 1848 907 1921 liberate
939 1851 1047 1924 acuns
1073 1876 1176 1942 meos,
1207 1851 1361 1951 inpectis·

91 1960 329 2035 santones.
380 1960 480 2036 Laeti
508 1985 566 2035 uos
597 1958 757 2056 accipient
781 1970 938 2056 parentes
971 1959 1124 2060 liberique
1154 1962 1225 2035 sine
1255 1976 1361 2038 oestro

94 2087 201 2170 tropo
218 2072 412 2147 redeuutes!
439 2071 568 2145 obomm
584 2070 677 2143 ibunt
692 2069 907 2143 desertoribus
924 2072 1191 2172 nansfnpisqml
1227 2072 1360 2147 Trium·
1391 2164 1393 2168 Α

122 2182 234 2279 piabo
269 2183 445 2257 mehercule
480 2183 521 2256 de
544 2184 636 2284 supa
669 2192 794 2272 uestra,
830 2193 860 2253 et
892 2181 1073 2280 ubicunque
1104 2207 1177 2273 ero,
1211 2195 1361 2280 eupetam

118 2316 264 2383 poenas,
289 2293 355 2380 dos,
381 2319 456 2368 cum
482 2293 599 2392 qualus
624 2316 676 2364 me
701 2289 893 2388 relinquitis,
925 2291 1056 2367 cranao
1076 2294 1361 2394 praeferendoque

115 2495 219 2563 simile,
247 2495 381 2551 Romnum
408 2507 503 2552 auctor
535 2497 722 2570 supellectilem
757 2507 846 2553 tamen
872 2518 921 2553 vos
948 2517 1007 2553 aere
1033 2499 1117 2552 alieno
1145 2497 1283 2566 obruistis,
1311 2513 1359 2550 nee

114 2564 219 2634 regiam
237 2573 268 2618 et
283 2566 423 2635 pecuniam
444 2567 576 2636 signatam
599 2567 626 2620 iu
643 2586 724 2621 unam
757 2569 897 2638 quicquam
914 2568 1047 2622 haberetis
1065 2567 1115 2620 nisi
1133 2584 1191 2620 mea
1208 2566 1358 2636 benignitas

113 2651 248 2686 summam
271 2635 402 2703 confudit,
430 2636 502 2705 quod
526 2635 601 2689 facile
619 2636 643 2688 ei
662 2653 722 2690 con·
757 2636 831 2690 vobis
849 2646 1018 2690 succurreret.
1045 2635 1153 2688 Modius
1167 2637 1200 2687 de
1209 2635 1359 2688 coniectura

113 2700 285 2755 donabimus.
326 2702 378 2755 Sed
400 2702 480 2757 lectio
501 2704 572 2774 vulg.
613 2722 674 2756 uam
696 2713 724 2757 et
758 2723 789 2757 eu
807 2706 855 2756 As.
878 2709 984 2774 praeda
1010 2704 1127 2773 scripsit,
1154 2705 1187 2756 de
1213 2720 1286 2756 more
1311 2720 1358 2756 suo

113 2768 123 2823 i
143 2786 173 2823 se
192 2769 321 2841 expressi,
340 2788 355 2823 a
371 2789 432 2824 mss.
447 2772 583 2842 paululum
595 2723 720 2826 discedit.
758 2772 879 2826 conviciis
902 2788 1060 2843 persequens
1078 2772 1148 2842 quod
1170 2789 1262 2841 purum
1278 2770 1356 2824 intel-

142 2856 187 2892 am
205 2837 235 2891 in
254 2837 385 2910 plerisque
398 2849 450 2893 est:
468 2858 557 2910 serap.
568 2843 721 2894 talentorum
756 2840 830 2896 lexit.

113 2909 148 2960 sit
165 2925 228 2960 mox
244 2924 357 3027 ἔφη
372 2909 564 2977 fundamenta,
588 2909 632 2962 alii
649 2908 719 2962 Flor.

790 2945 814 3010 ξ.
824 2949 865 2996 26.
901 2945 962 2994 dum
980 2942 1057 2993 etiam
1071 2943 1128 3009 spei
1141 2949 1241 2993 uestrae
1255 2942 1356 2994 obuiam

756 3013 826 3077 istis,
854 3009 905 3062 ie.
932 3017 989 3061 tum
1012 3009 1101 3074 etium,
1129 3026 1187 3061 cum
1210 3008 1296 3062 adhuc
1322 3009 1355 3060 ud

756 3080 880 3159 praedam
889 3077 1033 3131 faciendum
1042 3076 1285 3147 proficiscebamini,
1295 3094 1355 3130 cum

754 3167 783 3200 111
800 3145 881 3201 oculis
899 3145 1033 3199 habebatis
1049 3146 1233 3217 opulentarum
1250 3146 1355 3198 urbium

756 3213 974 3285 expugnationes,
992 3232 1064 3267 arma
1081 3222 1178 3280 restra,
1198 3231 1265 3284 quae
1282 3213 1356 3266 miles

755 3284 867 3336 maxime
899 3282 982 3336 libera
1007 3284 1087 3337 debet
1112 3284 1221 3346 habere,
1253 3282 1356 3353 pignori

756 3360 832 3405 erant
850 3351 984 3421 opposita,
1003 3360 1032 3405 et
1050 3353 1134 3406 adhuc
1152 3359 1222 3404 sunt.

103 2974 226 3046 quidem
294 2975 322 3028 H
338 2976 417 3030 Bern.
433 2977 456 3029 B
474 2995 523 3047 pro
545 2996 604 3030 mou
621 2977 721 3030 habent

113 3045 175 3109 mei,
194 3061 266 3095 unus
276 3043 382 3098 Floro
396 3063 509 3098 meorum
522 3064 635 3116 operum,
655 3045 722 3098 sieut

112 3112 216 3165 Aldina
234 3111 318 3165 editio
334 3122 522 3183 repraesentat.
558 3114 638 3181 (Nam
650 3114 721 3184 quod

112 3180 142 3233 iu
159 3179 267 3250 aliquot
288 3179 362 3234 libris
384 3200 431 3252 pro
455 3181 593 3252 sexaginta
613 3180 721 3236 talentis

112 3255 155 3301 eet
178 3265 273 3316 serap.
291 3251 362 3301 milia
381 3253 425 3303 tal.
449 3250 534 3303 minus
557 3268 632 3316 euro,
660 3267 720 3328 pro-

111 3325 211 3386 pterea
230 3317 305 3395 quod
321 3316 418 3371 librarii
435 3335 514 3388 saepe
531 3319 565 3370 ad
583 3318 720 3371 arbitrium

112 3402 191 3437 suum
210 3383 387 3437 millenarium
403 3403 540 3439 numerum
557 3387 600 3439 vel
618 3386 721 3438 addunt

110 3453 157 3505 vel
174 3453 312 3519 demunt.)
331 3454 557 3508 Voss.lFlor.AI
568 3458 721 3508 talentorum
790 3458 865 3520 §.tt
900 3455 928 3506 in
946 3455 1016 3523 quod
1032 3455 1067 3506 im
1087 3455 1200 3521 cuditur]
1227 3455 1380 3524 Iuprue·

110 3539 173 3574 mon
192 3538 305 3589 operum
321 3521 375 3573 sine
392 3525 473 3577 verbo
490 3525 534 3590 sit,
553 3523 663 3576 Bern.A
682 3532 720 3575 to·
775 3522 914 3576 ositiouem
936 3521 1030 3575 adiecit
1079 3522 1153 3577 odius
1172 3539 1187 3575 e
1205 3522 1257 3575 suis
1275 3540 1356 3576 mem-

110 3591 246 3661 lentorum
269 3606 329 3641 mou
354 3608 464 3644 meorum
496 3609 615 3660 operum,
646 3589 720 3643 Leid.
755 3540 859 3657 irenis,
887 3608 937 3661 ego
960 3608 994 3643 ex
1017 3589 1091 3644 Leid.
1110 3592 1215 3644 Voss.1
1236 3592 1316 3644 Bern.
1331 3592 1356 3642 A

110 3660 276 3711 talentorum
343 3674 413 3711 erum
447 3659 481 3727 (si
511 3669 584 3713 recte
618 3658 722 3728 singula
755 3658 826 3712 Flor.
844 3660 877 3711 A.
921 3659 1068 3728 Vulgatum
1116 3662 1168 3712 uod
1198 3660 1357 3726 impenditur

109 3723 296 3796 eomposui)e
333 3723 413 3779 ibent.
441 3727 562 3781 Confirsis
575 3728 615 3781 his
628 3726 721 3779 lectio·
756 3727 939 3780 Schmiederus
957 3727 1084 3798 intelligit
1099 3679 1134 3780 ite
1147 3727 1356 3780 foenoresusu-

109 3793 192 3848 nibus
210 3792 323 3846 Modius
344 3794 426 3848 edidit
450 3815 528 3866 quam
549 3812 589 3849 nx
614 3797 721 3849 talento·
755 3795 810 3862 ris,
838 3813 903 3866 quas
930 3795 1027 3848 milites
1054 3796 1155 3849 solvere
1180 3794 1354 3847 creditoribus

108 3881 171 3916 rum
189 3871 271 3926 esset,
290 3879 401 3915 meorum
417 3881 476 3916 moa
495 3883 598 3934 operum
615 3865 720 3933 funda·
756 3865 870 3917 debeant
899 3883 949 3934 pro
980 3864 1091 3934 pecunia
1121 3870 1211 3915 mutuo
1242 3869 1354 3941 sumpta.

108 3940 215 3997 menta,
250 3929 323 3981 unde
348 3931 381 3982 ad
406 3933 564 3986 recentiores
595 3929 720 3986 lectiones
755 3932 809 3985 Sed
826 3933 891 3986 haee
908 3932 1092 4001 interpretatio
1110 3937 1240 3994 venustet,
1259 3929 1355 4000 inipso

107 3998 191 4051 fluxit
219 3996 290 4050 illud
317 4008 381 4051 esset
410 4017 459 4069 pro
490 4001 552 4054 olim
579 4001 650 4070 vulg.
677 4001 719 4053 sit.
755 4001 825 4053 enim
845 4003 927 4055 verbo
953 3999 1121 4069 impendendi
1147 3996 1213 4050 nihil
1236 3995 1306 4050 inest
1322 3998 1355 4049 de

108 4066 169 4120 Iam
194 4065 219 4119 si
237 4064 300 4136 quis
317 4081 351 4117 ex
372 4066 411 4119 his
429 4069 602 4123 varietatibus
624 4085 720 4121 novum
755 4071 867 4123 foenore.
919 4071 952 4122 In
979 4071 1049 4137 quod
1078 4068 1236 4138 impenditur
1262 4074 1302 4118 est
1327 4064 1355 4117 id

109 4134 218 4205 aliquid
246 4140 277 4185 et
302 4132 392 4188 melius
418 4139 565 4191 extundere
590 4135 719 4207 potuerit,
754 4137 782 4190 in
799 4138 869 4209 quod
887 4144 1006 4207 sumptus
1024 4136 1080 4189 fieri
1098 4136 1191 4201 solent,
1209 4132 1262 4186 h.l.
1281 4133 1355 4205 pelli-

107 4199 483 4274 meassentientemhubebit
498 4203 719 4273 interiminvulg.
755 4223 805 4258 ees.
841 4206 938 4258 Posses
956 4204 1036 4257 etium
1059 4207 1255 4273 impenduntur,
1283 4203 1354 4255 vide-

108 4288 141 4326 ac
163 4271 294 4324 uiesoam.
755 4274 817 4328 licet
835 4289 910 4343 opes,
938 4273 998 4337 sed,
1026 4279 1056 4338 ut
1074 4289 1142 4324 nunc
1159 4278 1208 4334 est,
1236 4271 1355 4324 absolute

143 4290 168 4408 ἓ.
183 4346 231 4393 25.
269 4354 359 4416 nempe
381 4342 409 4394 in
427 4345 512 4397 Asiat.
531 4345 652 4412 praeda,
671 4341 688 4395 i.
697 4359 720 4396 e.
755 4342 874 4412 intellige
892 4339 1048 4394 Germanice
1071 4348 1095 4395 ro
1113 4341 1170 4395 tuito
1189 4341 1355 4410 distortione

109 4406 237 4477 quamvis
262 4406 343 4459 Asrue
369 4412 464 4479 praeda
489 4411 563 4466 vobis
591 4409 721 4480 cessisset,
757 4410 812 4466 sive
829 4409 949 4478 illituum
969 4409 1078 4479 gertrudi.

1159 4501 1191 4547 32
