2984 5176
427 345 475 394 nu
503 342 629 395 nasus
662 341 771 392 anax.
797 343 848 410 1x,
873 339 916 390 m.
1228 329 1299 399 461

57 549 189 626 nunqua
220 528 394 626 puqnabo,
434 527 472 600 in
503 527 625 601 tbeatro
656 539 821 600 lemarum
852 524 940 599 orbis
973 550 1043 600 esse
1074 551 1126 600 me
1157 530 1301 604 medam.

10 655 36 703 n
55 635 161 713 Dabo
195 637 391 713 nobilitatem
432 637 626 736 iqnobilibus
668 636 765 726 breim
810 636 963 733 aperiam
999 637 1122 712 tundis
1152 641 1302 738 qenttbus

56 760 183 840 terras,
216 773 301 849 quas
325 763 448 824 natura
474 749 567 848 lonqe
592 760 822 822 summoverat.
875 745 919 822 In
944 747 997 820 bis
1021 749 1177 845 operibus
1202 752 1303 826 entin-

53 858 122 958 qui
144 860 237 951 milii,
262 860 295 934 si
316 862 396 960 fors
422 860 469 933 ita
484 863 583 960 feret,
612 860 790 958 pulobrnm
815 872 881 932 est:
919 882 959 932 ea
986 859 1088 957 stirpe
1113 886 1188 934 sum
1211 862 1303 960 qeni-

57 983 131 1063 tus,
171 983 208 1044 ut
239 971 379 1044 multam
412 970 532 1069 prius,
572 996 673 1069 quam
712 969 844 1067 bruqam
880 969 983 1043 vitam
1015 971 1148 1044 debeam
1180 987 1303 1072 optare.

10 1098 39 1147 n
62 1078 206 1157 Obsecro
230 1106 304 1172 uos,
336 1081 471 1179 eoqitate
497 1107 557 1157 nos
576 1081 769 1180 peruenisse
795 1081 831 1154 in
857 1094 979 1172 arras,
1012 1081 1130 1179 quibus
1152 1084 1304 1181 feminae

58 1192 98 1265 ob
129 1193 282 1287 muman
312 1191 555 1266 celebenimum
585 1217 704 1266 nomen
734 1204 789 1266 est.
852 1187 946 1273 Quas
977 1193 1073 1266 urbes
1106 1189 1304 1269 Sernrramis

60 1302 234 1377 condidit?
259 1329 344 1403 quas
365 1316 478 1402 qentes
503 1304 628 1403 redeqit
652 1303 689 1376 in
706 1303 925 1401 potestatem?
956 1317 1081 1403 quanta
1107 1330 1209 1403 opera
1236 1330 1303 1379 mo·

60 1413 120 1487 lita
151 1413 223 1488 est?
274 1416 440 1490 Nondum
464 1414 633 1515 feminam
671 1414 887 1513 aequavimus
914 1417 1040 1514 qloria,
1080 1431 1111 1491 et
1140 1417 1210 1489 iam
1241 1443 1301 1492 nos

12 1543 45 1591 24
62 1525 176 1600 laudis
199 1527 333 1602 satietas
359 1525 467 1624 cepit?
505 1525 573 1600 Dii
586 1528 738 1626 faveant,
763 1527 895 1600 maiora
920 1528 1030 1600 adbue
1054 1541 1186 1603 restant.
1233 1527 1304 1604 Sed

60 1637 109 1711 ita
133 1651 248 1712 nostra
274 1649 370 1711 erum
395 1661 480 1735 quae
505 1637 653 1710 nondum
679 1637 863 1735 attiqimus,
900 1637 933 1710 si
957 1638 1041 1711 nibil
1063 1665 1214 1737 paruum
1240 1640 1301 1713 da·

59 1749 224 1840 nemmus,
256 1750 293 1822 in
318 1773 382 1848 quo
408 1772 551 1847 maqnae
578 1747 706 1845 qloriae
732 1747 820 1820 loten
847 1760 902 1821 est.
965 1747 1034 1823 Vos
1059 1751 1156 1824 modo
1183 1776 1234 1824 me
1261 1751 1302 1823 ab

60 1860 215 1935 irueedna
238 1859 369 1961 fraude
403 1871 434 1932 et
466 1857 717 1932 domesticorum
757 1858 892 1931 imidiis
925 1873 1094 1955 praestate
1128 1886 1302 1934 senarum:

19 1987 46 2036 ²⁵
61 1971 135 2046 belli
159 1971 348 2070 Martisque
374 1971 553 2044 discrimen
579 1969 771 2066 impauidus
797 1968 919 2042 subibo.
963 1970 1142 2068 Philippus
1168 1973 1205 2046 in
1230 1975 1301 2048 arie

61 2083 174 2172 tutor,
214 2107 316 2182 quam
353 2081 390 2154 in
425 2081 546 2154 tluotro
576 2079 671 2179 filit·
716 2079 858 2153 bostium
891 2105 1013 2153 manus
1046 2106 1145 2180 saepe
1177 2084 1300 2175 enavit

59 2219 198 2270 sumunt
229 2196 373 2294 qbuqere
401 2217 468 2267 non
498 2191 611 2265 ualuit.
664 2189 820 2263 Aliorum
846 2216 973 2291 quoque
997 2218 1113 2290 reqam
1139 2195 1245 2269 esitus
1269 2196 1303 2270 si

58 2304 306 2403 reputaveritis,
337 2304 453 2402 plures
478 2329 501 2375 a
526 2301 612 2391 suis,
646 2327 747 2400 quam
774 2301 814 2373 ab
846 2303 933 2377 boste
958 2303 1165 2401 interemptos
1190 2332 1302 2380 nume·

15 2425 42 2478 n
58 2414 187 2490 rabitis.
241 2412 407 2506 Ceterum,
448 2414 606 2513 quoniam
640 2412 718 2486 olim
752 2413 803 2486 rei
836 2413 978 2512 aqrtatae
1012 2415 1049 2488 in
1083 2416 1195 2491 animo
1230 2443 1301 2492 meo

56 2528 151 2600 nune
168 2526 377 2626 promendae
403 2524 529 2599 occasio
556 2523 661 2598 oblata
686 2537 747 2615 est,
779 2525 862 2598 mibi
886 2525 1055 2600 munimus
1081 2527 1229 2600 laborum
1255 2543 1301 2602 ut·

57 2663 123 2738 que
149 2662 288 2736 operum
313 2662 461 2711 meorum
493 2637 555 2711 erit
577 2639 728 2738 fructus,
762 2636 795 2708 si
822 2633 999 2735 Olympias
1031 2650 1135 2712 mater
1167 2638 1301 2715 immor·

57 2748 181 2823 mlitmi
211 2761 428 2840 mnseeraur,
465 2749 727 2848 quandocunque
759 2749 932 2820 eucesserit
960 2747 1038 2820 nita.
1093 2745 1136 2822 St
1166 2749 1300 2844 limaret,

55 2859 133 2959 epse
166 2861 340 2960 praestabo
370 2860 449 2935 boe:
487 2859 520 2933 si
549 2883 601 2931 me
628 2858 839 2956 praeceperit
862 2860 997 2959 fatum,
1034 2883 1092 2932 uos
1123 2860 1302 2935 nmrdasse

95 3135 217 3208 Caput,
234 3143 308 3205 §.22
344 3138 460 3207 eutinqui
476 3139 540 3191 mitti
555 3169 589 3177 -
601 3138 665 3205 pul·
699 3133 770 3186 idem
787 3131 893 3187 Medius
911 3133 1003 3195 edidit.
1034 3135 1301 3192 VerumeFlor.non

56 3208 151 3260 curum
173 3209 222 3273 est]
258 3205 348 3287 Vulgo
365 3223 418 3272 me,
445 3208 519 3277 qnod
542 3204 570 3257 in
591 3204 664 3257 nullo
699 3210 826 3255 enotatur
848 3207 1013 3275 quaudoque,
1037 3204 1087 3258 nisi
1103 3222 1138 3258 ex
1157 3205 1219 3273 OG,
1242 3225 1301 3260 num

16 3328 20 3335 ,
56 3273 153 3328 codice
168 3281 218 3328 est.
253 3273 379 3346 Plenque
396 3274 465 3328 enim
480 3283 512 3328 ut
526 3273 663 3339 edidimus,
699 3270 727 3323 in
735 3271 814 3323 DEH
833 3272 946 3326 Bernss
965 3272 1000 3326 sit
1018 3277 1130 3344 quaudo.
1166 3274 1228 3328 Diei
1245 3294 1301 3329 non

76 3341 148 3410 anni,
165 3341 247 3396 Pal.1
265 3342 393 3409 eloam,
411 3360 460 3396 nen
477 3360 525 3410 me,
542 3343 665 3394 neemibe'
698 3357 759 3392 raro
780 3344 935 3411 quandoque
955 3360 1004 3412 pro
1025 3346 1230 3414 quandocunque
1252 3361 1301 3399 nee

92 3412 167 3464 bent.
186 3410 311 3466 Ceterum
320 3428 379 3465 sors
388 3410 467 3464 Pata
478 3409 663 3476 eloacam,
699 3407 783 3461 solum
800 3426 816 3460 a
833 3409 920 3478 po'etis
938 3418 967 3463 et
990 3410 1116 3481 prosariis
1140 3412 1236 3466 aetatis
1258 3431 1301 3466 ar-

54 3497 130 3534 more
148 3479 253 3533 Flor.I.
699 3485 824 3557 genteae,
852 3478 896 3529 sed
916 3477 995 3531 etiam
1014 3497 1030 3531 a
1046 3479 1122 3534 Livio
1160 3480 1243 3535 disces
1266 3499 1301 3536 ex

92 3550 201 3601 multam
229 3551 309 3618 prius
335 3566 414 3617 quam
440 3550 544 3617 lonqam
570 3547 660 3615 vitam]
696 3545 727 3598 its
751 3562 819 3615 quae
840 3545 975 3600 Drakenb.
994 3549 1028 3600 ad
1051 3521 1154 3602 Liviuit
1172 3565 1197 3615 1,
1216 3557 1299 3616 31,4

56 3616 145 3671 Godd.
163 3633 254 3670 omnes
271 3633 332 3670 eum
349 3617 409 3670 edd.
424 3615 557 3670 veteribus
571 3617 661 3679 indta,
696 3613 811 3682 collegit.
847 3614 888 3667 Cf,
905 3616 938 3667 ed
956 3631 1008 3683 vu,
1027 3623 1069 3682 39,
1090 3624 1113 3671 9.
1149 3617 1203 3671 Sed
1220 3619 1298 3672 relin-

55 3685 107 3738 sed
133 3692 206 3738 reete
236 3684 328 3738 Iunius
354 3684 477 3738 conexit.
522 3684 662 3748 Quaerunt
696 3682 785 3752 quitur
806 3681 833 3735 in
855 3683 990 3754 plerisque
1013 3685 1076 3739 loeis
1100 3685 1200 3766 aliquid
1223 3687 1299 3740 dubi·

54 3752 165 3824 qnidem
192 3752 256 3824 quid
278 3753 350 3807 inter
370 3756 478 3806 multam
501 3760 530 3805 et
557 3755 661 3820 tanqam
696 3750 816 3817 tationis,
839 3768 888 3804 nee
911 3768 962 3822 ego
986 3769 1077 3805 veram
1098 3762 1227 3808 rattonem
1244 3755 1297 3808 h.l.

54 3820 140 3874 vitam
162 3820 286 3889 intersit,
312 3829 341 3874 et
364 3821 488 3874 dubitent
511 3839 575 3872 num
598 3819 661 3873 satis
696 3820 818 3872 deserere
835 3821 955 3888 audeam,
972 3840 1031 3875 eum
1049 3822 1119 3874 Flor.
1137 3823 1187 3875 AB
1206 3823 1298 3876 suffra-

54 3889 143 3943 latine
160 3889 271 3944 dicatur.
305 3889 365 3944 Han
379 3907 427 3942 eur
444 3889 568 3942 dubitent
584 3887 661 3940 intel·
695 3887 768 3957 gatio
785 3887 861 3940 ebeit.

54 3957 123 4029 ligo,
141 3957 207 4011 illud
219 3957 311 4024 miror,
326 3957 400 4029 quasi
410 3957 579 4020 nonsentias,
597 3956 661 4025 quid
731 3974 774 4008 vos
791 3959 933 4009 mandasse
949 3967 1106 4024 mementote,
1125 3957 1142 4012 i.
1152 3974 1174 4011 e.
1186 3977 1298 4013 vosme-

54 4026 93 4081 eit
109 4026 223 4080 multum
244 4026 349 4093 vivere,
374 4026 436 4096 quid
455 4026 508 4078 diu.
545 4024 661 4079 Omnino
696 4032 828 4091 mentote,
853 4041 895 4076 me
913 4025 988 4077 vobis
1011 4025 1077 4077 illud
1094 4028 1245 4094 mandasse,
1269 4037 1297 4082 et

55 4095 108 4149 boe
129 4111 164 4147 ex
183 4094 285 4150 uisitius
307 4095 406 4149 dietum
427 4103 468 4148 est
484 4111 563 4165 quam
579 4092 661 4145 usita-
696 4092 782 4144 utitur
799 4093 881 4146 verbo
898 4093 1031 4146 morituris
1068 4095 1164 4163 roprio.
1191 4096 1297 4150 Medius

54 4162 119 4230 tine,
136 4113 183 4217 sed
199 4163 343 4218 rectissime
360 4163 382 4216 si
400 4163 463 4234 quid
479 4162 574 4215 iudico.
635 4228 641 4240 ι
696 4164 822 4214 mundare
840 4161 936 4226 edidit,
963 4112 1095 4215 codicibus
1113 4163 1216 4230 invitis,
1244 4167 1298 4218 for-

92 4234 118 4312 ᾖ.
131 4238 174 4286 26.
212 4233 245 4286 ot
282 4235 345 4302 pias
367 4235 461 4299 mater]
497 4230 612 4283 Additur
633 4247 661 4281 m
695 4236 765 4282 tasse
791 4230 863 4299 qnod
887 4229 995 4298 vulgare
1022 4230 1054 4282 de
1080 4233 1163 4285 verbo
1194 4236 1299 4287 memini

54 4299 133 4354 Len.
150 4318 216 4354 mea.
267 4308 310 4354 ost
326 4318 375 4381 pro
390 4303 592 4370 quandocunque
606 4305 661 4350 tra·
694 4305 864 4367 praeceptum
878 4297 1006 4375 etiamad
1018 4297 1202 4368 imperativum
1211 4310 1299 4355 trane·

56 4369 132 4422 ditur
148 4368 177 4422 in
193 4369 265 4422 Flor.
283 4369 394 4435 Heinsii,
416 4367 491 4421 Leid.
509 4368 587 4422 Voss.
602 4371 658 4419 1.2
694 4365 765 4418 tulit,
801 4365 945 4419 Omittitur
962 4365 1028 4418 lllud
1046 4368 1156 4422 verbum
1172 4369 1201 4422 in
1214 4370 1295 4427 Pal.l

56 4438 175 4491 BernA
197 4436 255 4491 Pau
268 4445 290 4490 l.
311 4437 365 4508 legi
387 4440 554 4508 quandoque,
577 4441 659 4504 atque
693 4434 807 4487 Bernss
824 4433 1055 4489 Flor.CDEFHI.
1122 4435 1124 4439 ’
