2926 5174
408 313 458 364 ou
485 313 611 367 cesus
637 313 746 365 ltux.
772 313 835 382 vn,
861 310 903 357 41.
1000 291 1002 296 ’
1199 291 1272 363 349

81 494 250 596 periendo
278 522 361 596 qaae
386 498 484 572 ceteri
508 500 773 600 apponatur,
799 497 922 571 Asiam
948 494 1103 570 balam
1128 497 1166 570 in
1186 508 1274 595 pote·

81 620 114 681 te.
172 605 322 681 meatu
347 609 383 682 in
409 634 578 703 tamnen,
605 610 693 711 qnod
717 636 792 685 curn
819 610 983 706 ceperitis,
1015 607 1275 684 nannents

81 745 161 792 nara
189 718 279 791 milti
303 719 442 794 dabitis.-
467 747 524 822 epo
550 724 654 822 capiis
680 723 821 800 adoratis
846 721 967 796 hostem
989 721 1110 794 tanos
1137 743 1160 790 a
1185 717 1275 792 colis

81 843 232 904 toertarn.
291 829 485 906 Praemium
523 834 585 908 erit
614 835 659 926 ei,
699 835 758 934 qai
788 833 927 934 printm
962 830 1170 930 occupaverit
1204 853 1274 903 oer-

81 966 135 1034 nn,
178 940 306 1014 mana
331 969 366 1035 X,
400 969 466 1017 ano
499 944 610 1018 ruinas
636 946 786 1044 acapiet,
818 944 878 1043 qai
903 947 1083 1042 ponimns
1117 943 1150 1016 ei
1181 965 1274 1016 vene-

106 1053 299 1152 eaelemqae
333 1054 380 1128 ad
413 1056 524 1129 decent
545 1056 703 1131 tornines
736 1056 920 1131 semulitnr
955 1056 1076 1154 patio.
1140 1051 1275 1129 Certnrn

81 1179 135 1238 ent
168 1164 291 1256 baleo,
326 1191 384 1240 cas
413 1192 480 1241 non
511 1180 579 1241 tant
610 1167 832 1242 liberalitatem
863 1167 984 1241 intueri
1014 1190 1137 1256 marn,
1172 1189 1274 1265 qaam

81 1289 242 1350 anmtern.
836 1270 839 1277 “

126 1387 199 1460 His
230 1387 358 1460 animis
384 1413 506 1486 regem
530 1389 738 1481 andierunt,
778 1401 820 1464 ut
844 1391 915 1463 iam
942 1390 1077 1488 cepisse
1103 1388 1322 1460 verticem42

81 1499 252 1572 letentur.
311 1496 526 1597 Dimissique
560 1502 694 1575 ferreos
730 1528 877 1592 cuneos,
926 1526 1016 1599 quos
1056 1501 1150 1572 inter
1184 1506 1273 1571 saxa

81 1612 248 1710 igerent,
286 1610 495 1708 validosque
526 1615 629 1686 funes
663 1615 849 1712 parebant.
901 1613 982 1686 Rex
1016 1612 1274 1684 circumvectus

81 1747 185 1812 rum,
224 1746 298 1818 qua
322 1723 465 1797 minime
491 1751 595 1823 asper
622 1751 663 1798 ac
690 1736 903 1823 praeruptus
930 1724 1048 1798 editus
1074 1722 1273 1813 videbatur,

81 1833 187 1908 :unda
225 1833 365 1930 vigilia,
405 1835 501 1931 quod
539 1837 631 1910 bene
664 1848 839 1927 verteret,
879 1833 1026 1934 ingredi.
1048 1835 1157 1908 iubet.
1208 1833 1272 1925 lili,

81 1947 208 2020 nentis
245 1945 284 2016 in
319 1944 468 2018 biduum
502 1949 671 2047 sumptis,
711 1947 839 2047 gladiis
874 1947 982 2020 modo
1018 1955 1125 2043 atque
1159 1946 1272 2019 hastis

81 2059 158 2130 nati
188 2057 313 2130 subire
335 2070 538 2154 coeperunt.
591 2060 646 2133 Ac
672 2060 787 2157 primo
813 2059 964 2158 pedibus
991 2058 1142 2156 ingressi
1168 2067 1271 2130 sunt:

81 2169 156 2242 nde
190 2178 235 2240 ut
261 2169 300 2240 in
320 2180 526 2267 ‘praerupta
558 2183 771 2269 perventum
798 2182 868 2262 est,
904 2171 962 2243 alii
995 2168 1159 2243 menibus
1191 2169 1273 2240 emi·

81 2281 148 2352 ntia
185 2305 280 2352 saxa
313 2281 489 2378 complexi
522 2282 642 2379 levare
677 2296 808 2375 semet3
853 2282 911 2355 alii
949 2281 1095 2355 ndiecds
1136 2280 1273 2352 firnium

81 2391 164 2487 [usis
195 2416 362 2481 evasere,
396 2418 477 2464 cum
503 2418 634 2466 cuneos
662 2395 755 2469 inter
781 2420 871 2468 saxa
897 2392 1108 2491 defigerent,
1140 2389 1273 2489 gradm

81 2646 223 2713 tpaiendo
241 2660 311 2764 puae
329 2645 406 2697 ceteri
424 2648 634 2717 desperaverunt]
705 2646 770 2717 Cup.
783 2653 826 2712 42,
845 2649 868 2767 ῗ.
884 2652 924 2699 15.
959 2648 1045 2698 levare
1062 2647 1149 2712 semet]
1183 2644 1274 2714 Vulgo

81 2715 229 2767 oeraoerint
266 2712 318 2765 eid.
329 2713 406 2766 Voss.
419 2720 431 2765 1
443 2714 522 2767 Bern.
530 2715 555 2767 A
564 2714 635 2768 Flor.
671 2714 844 2769 secundan
854 2733 892 2768 or.
902 2713 966 2768 DFI
976 2716 1099 2779 levavere,
1115 2713 1189 2782 quod
1197 2721 1275 2765 crunt

81 2790 100 2834 tt
116 2782 182 2835 edit.
220 2799 242 2833 r.
261 2781 332 2833 Mer.
345 2781 418 2847 Ala,
437 2784 637 2852 desperaverant
672 2783 717 2854 qui
734 2783 769 2837 ob
787 2781 953 2853 intelligendi
977 2781 1175 2851 ambiguitatem
1197 2780 1273 2834 unice

81 2868 100 2905 r.
110 2850 143 2903 E.
210 2867 241 2903 os
259 2853 463 2918 desperaverant
483 2851 635 2921 probamus,
670 2868 761 2904 venum
779 2851 937 2904 existiment.
968 2850 1022 2904 Sed
1039 2849 1115 2903 codd.
1124 2857 1215 2902 tamen
1232 2864 1274 2901 re-
1371 2874 1375 2879 ·

81 2918 237 2972 electenon
248 2917 488 2989 quucfieripossint
496 2920 517 2973 si
556 2920 635 2987 'ficet
670 2919 735 2992 liqui
758 2936 849 2972 omnes
872 2926 900 2972 et
921 2918 1003 2972 editio
1023 2917 1153 2972 Modiana
1175 2919 1273 2971 levare:

82 2987 202 3041 udicium
219 2995 340 3041 nostrum
356 2987 483 3057 imprimis
500 2938 571 3043 Fili.
586 2989 635 3042 AB
670 3005 721 3042 uec
737 2987 782 3040 illa
799 2986 956 3058 ambiguitas
973 2986 1035 3040 alibi
1052 2985 1171 3053 timetur,
1188 2994 1272 3054 ut1V‚

81 3056 190 3110 toritete
209 3063 324 3108 tuemur.
672 3064 715 3124 37,
736 3063 767 3110 14
785 3058 880 3109 vidae.

81 3131 141 3178 ‚lu
169 3126 294 3193 accipiet]
314 3124 480 3178 Sewuvimus
498 3127 566 3181 hanc
582 3126 638 3179 edi·
707 3143 764 3180 cam
782 3136 877 3178 cuneos
891 3156 926 3164 —
943 3125 1091 3193 dpiperent
1106 3126 1208 3193 prades
1216 3123 1274 3176 sal·

81 3211 132 3247 nun
155 3192 317 3262 scripturam
339 3194 540 3264 respondentem
562 3211 638 3266 prae·
672 3197 746 3261 inde,
773 3195 832 3274 qais
854 3194 1017 3316 insisterent&
1046 3191 1133 3246 Locus
1159 3191 1187 3244 in
1213 3192 1273 3245 edd.

81 3279 119 3316 tso
136 3265 371 3332 praemoneret,
414 3276 552 3334 numquam
569 3265 639 3316 acci·
672 3261 834 3334 principibus
855 3261 916 3315 talis
938 3261 999 3314 exhi
1018 3268 1093 3328 etur,
1121 3267 1152 3314 ut
1178 3268 1220 3314 est
1246 3259 1275 3313 in

81 3340 148 3383 test
165 3329 390 3384 inLeid.Voss.1
435 3348 490 3385 ern.
498 3332 548 3385 AB
567 3331 638 3385 Flor.
674 3331 806 3386 codicibus
828 3330 964 3385 omnibus:
986 3331 1080 3403 ¹pollues
1102 3347 1159 3383 cnm
1182 3334 1277 3383 cuneos

81 3398 195 3453 CEGH.
674 3402 742 3454 inter
767 3418 833 3453 sara
858 3401 1011 3469 defiperent,
1037 3402 1139 3469 proclus
1165 3400 1275 3452 subinde

81 3469 212 3522 manner
234 3468 336 3548 portio]
372 3467 521 3522 Portionent
542 3476 570 3522 et
592 3469 641 3523 hoe
675 3471 733 3540 qais
746 3471 902 3522 insisterent.
928 3467 1053 3539 Vulgaris
1063 3467 1181 3522 lectionis
1189 3467 1275 3521 Aldus

81 3557 88 3590 t
107 3545 137 3590 et
155 3535 213 3589 eliis
228 3535 375 3606 significare
390 3554 467 3606 quam
480 3536 640 3591 recentiores
674 3546 766 3592 auctor
783 3545 833 3605 est,
852 3537 941 3590 deleto
953 3553 1021 3591 voce
1035 3538 1128 3608 quibas
1142 3545 1171 3590 et
1183 3536 1275 3590 ordine

81 3612 126 3659 unt
166 3607 340 3674 roportionem
363 3604 454 3658 docuit
472 3604 640 3660 Snskenbur-
674 3608 814 3661 verborum
835 3605 863 3658 in
884 3607 1054 3676 sequentibus
1075 3613 1189 3659 mutato:
1218 3623 1274 3658 cum

81 3693 97 3728 t.
136 3623 182 3726 fn
214 3673 307 3727 confer
332 3672 418 3726 lexice
446 3674 516 3727 haud
546 3693 640 3745 perum
674 3693 768 3730 cuneos
784 3707 819 3716 —
836 3676 986 3745 defiperent¹
1009 3676 1068 3744 qais
1086 3676 1194 3728 subinde
1209 3691 1274 3794 pro·

81 3743 216 3814 mplorum
241 3741 448 3812 suppeditantis.
488 3743 558 3796 Nam
584 3761 639 3796 vox
674 3747 723 3798 dus
746 3745 902 3797 insisterent.
931 3744 1030 3806 Quibus
1051 3749 1079 3795 et
1099 3742 1157 3812 ipse
1179 3743 1212 3794 de
1222 3740 1272 3808 evi,

81 3811 185 3883 rposits
205 3813 346 3881 proportio
369 3811 440 3879 apud
456 3820 560 3865 veteres
598 3811 638 3864 ui·
673 3830 722 3882 pro
739 3811 866 3865 tanente
882 3811 960 3865 elteri
977 3812 1076 3884 formae
1099 3812 1158 3880 quis
1175 3807 1274 3864 adscri-

81 3899 91 3934 ι
114 3897 167 3933 usu
188 3897 243 3933 non
265 3878 373 3932 videtur
393 3878 541 3933 invaluisse.
575 3829 638 3933 iin-
673 3889 749 3951 ptum
770 3890 852 3934 ratus.
888 3879 1066 3950 Sedreliquu
1088 3897 1141 3932 non
1165 3885 1275 3959 possunt

81 3965 92 4002 e
109 3948 186 4002 illum
203 3965 231 4002 se
249 3947 315 4002 dicit
329 3946 420 4001 Cicero
438 3948 472 4000 de
491 3948 635 4003 Universit.
673 3950 797 4020 explicari
815 3947 909 4020 quibus
925 3949 1033 4002 iuvenes
1046 3947 1156 4000 subinde
1168 3945 1274 4001 insiste·

106 4018 143 4070 ad
166 4017 365 4087 exprimendum
382 4015 545 4070 Graecorum
567 4016 637 4070 ἀνα·
673 4027 733 4072 rent
750 4020 855 4089 padus,
873 4026 904 4070 ut
919 4017 1016 4099 gredm
1029 4014 1152 4069 dicentur
1164 4034 1214 4086 pro
1227 4031 1273 4068 ve-

81 4092 146 4152 tar,
174 4084 309 4157 habetque
333 4083 404 4137 idem
426 4087 485 4138 eod.
503 4086 571 4140 libro
589 4092 637 4139 cl
673 4086 772 4158 stigiis,
799 4087 854 4140 sive
871 4087 989 4156 pedibus.
1025 4085 1095 4137 Num
1111 4101 1161 4139 nec
1177 4085 1272 4155 hyper·
1300 4126 1305 4136 .

81 4155 170 4209 Varro
193 4155 227 4207 de
244 4155 275 4208 L.
290 4153 321 4207 L.
339 4152 385 4206 lib.
399 4168 428 4208 x,
445 4153 502 4207 init.
538 4155 593 4207 Sed
609 4153 638 4206 in
672 4157 755 4210 beton
771 4156 838 4209 illud
854 4154 991 4208 tolerabile
1009 4160 1059 4219 est,
1083 4168 1134 4205 nec
1152 4156 1273 4207 insistere

81 4221 157 4276 uluri
170 4222 289 4276 oratione
303 4221 418 4291 fugiunt,
427 4239 488 4275 nem
503 4225 573 4294 apud
582 4221 637 4277 Cic.
671 4224 837 4278 transitivum
854 4222 907 4276 vim
928 4223 1010 4275 habet
1030 4221 1156 4290 ponendi.
1192 4221 1273 4285 Quod
1315 4272 1326 4287 ,

81 4293 150 4347 lert.
163 4304 204 4358 ιν,
222 4298 252 4345 tl
272 4292 417 4362 legendum
434 4300 476 4345 est
484 4295 574 4362 fnisse
588 4290 637 4345 ali·
671 4292 820 4364 exemplum
845 4292 935 4346 laudet
957 4289 1085 4344 Cellnrius
1102 4288 1215 4360 Vergilii
1243 4289 1271 4344 in

81 4362 139 4413 ndo
158 4363 230 4429 apnd
248 4362 349 4415 Siculos
362 4377 493 4430 peraeque
505 4379 558 4431 pro
571 4378 636 4431 por·
670 4363 788 4430 Aentn,
799 4368 847 4417 5⁷8
871 4361 1063 4430 thnepednm,
1071 4359 1272 4440 primisinsuns

81 4446 101 4483 e
120 4437 216 4481 cetera
670 4434 779 4502 cestipia
801 4431 905 4500 plantis
926 4431 1063 4495 Institerut
1089 4436 1117 4482 et
1137 4433 1270 4511 poeticum
