2926 5174
127 276 201 348 104
600 294 634 356 a.
663 293 787 344 cunru
812 294 898 344 aum

122 479 224 576 regio
256 502 369 573 usque
404 475 452 548 ad
485 478 635 549 rubrum
660 502 759 549 mare
786 477 954 550 excurrit,
1006 476 1056 549 At
1085 502 1160 572 qua
1189 477 1310 573 vergit
1331 477 1372 548 ad
1386 497 1405 544 19

125 592 356 678 occidentem,
383 588 442 660 alii
466 588 663 686 Aethiopes
690 589 821 677 colunt,
849 613 939 684 quos
966 585 1129 662 Scenitas
1157 598 1305 661 vocant.
1343 587 1372 660 A

127 701 383 799 septemtrione
420 697 642 773 Nasamones
679 708 778 787 sunt,
823 722 912 795 gens
947 695 1108 797 Syrtica,
1151 700 1373 797 navigiorum

126 811 248 910 spoliis
276 821 509 907 quaestuosa;
546 811 676 908 quippe
704 809 871 882 obsident
896 810 1016 902 litora,
1054 822 1092 883 et
1128 822 1240 884 aestu
1277 810 1371 884 desti·

126 932 208 994 tuta
241 921 386 1018 navigia
417 920 511 992 notis
548 921 615 993 sibi
649 920 752 993 vadis
789 935 975 1017 occupant.
1035 920 1184 995 Incolae
1212 923 1403 1013 nemausa

127 1058 216 1129 quos
231 1031 464 1104 Hammonios
492 1043 633 1121 vocant,
648 1031 817 1128 dispersis
844 1033 995 1130 tuguriis
1021 1032 1203 1122 habitant,
1223 1032 1373 1107 medium

125 1170 253 1217 nemus
279 1169 345 1241 pro
373 1167 454 1215 arce
481 1143 625 1232 habent,
653 1143 782 1240 triplici
808 1169 911 1216 muro
938 1142 1214 1216 circumdatum.
1263 1143 1372 1218 Prima
1384 1165 1401 1212 a

126 1256 277 1327 munitio
310 1265 548 1353 tyrannormn
584 1266 746 1327 veterem
779 1255 914 1352 regiam
949 1255 1093 1328 clausit:
1138 1254 1179 1327 in
1214 1257 1372 1352 proxima

127 1365 295 1463 coniuges
323 1390 448 1438 eorum
474 1390 557 1437 cum
582 1365 702 1437 liberis
730 1376 767 1438 et
792 1367 977 1463 pellicibus
991 1366 1181 1456 habitant;
1210 1367 1272 1439 hic
1299 1394 1371 1465 quo·

20 1542 24 1549 .
127 1502 196 1571 que
233 1476 290 1547 dei
318 1474 508 1548 'oraculum
534 1486 609 1548 est:
645 1475 770 1547 ultima
801 1478 1022 1551 munimenta
1048 1478 1253 1550 satellitum
1280 1479 1370 1551 armi·

126 1610 366 1684 gerarumque
403 1587 506 1676 sedes
542 1597 653 1660 erant.
706 1585 774 1660 Est
800 1598 848 1659 et-
864 1589 960 1661 aliud
985 1588 1204 1661 Hammonis
1232 1607 1398 1662 nemusztl

126 1697 163 1768 in
195 1696 314 1770 medio
346 1699 457 1771 habet
490 1699 644 1788 fontem,
677 1694 785 1796 (Solis
818 1724 948 1795 aquam
974 1696 1148 1796 vocantt)
1188 1702 1259 1774 sub
1292 1702 1368 1774 lucis

126 1821 246 1882 ortum
273 1810 396 1908 tepida
420 1820 554 1901 manat,
580 1808 698 1881 medio
726 1808 801 1900 die,
829 1811 928 1882 cuius
955 1811 1298 1885 vehementissimus
1324 1825 1368 1887 est

127 1923 239 2010 calor,
270 1920 400 2020 frigida
434 1921 560 1994 eadem
595 1920 691 2008 fluit,
725 1920 894 1993 inclinato
929 1920 966 1992 in
1002 1946 1197 2019 vesperam
1225 1926 1365 2014 calescit

127 2032 247 2106 media
271 2044 378 2106 nocte
403 2031 543 2105 fervida
569 2041 774 2121 exaestuat,
810 2056 951 2127 quoque
977 2057 1053 2103 nox
1078 2033 1234 2130 propius
1263 2036 1366 2134 vergit

127 2143 174 2216 ad
199 2145 326 2232 lucem,
352 2144 505 2216 multum
531 2168 577 2215 ex
604 2154 780 2215 nocturno
808 2142 925 2213 calore
951 2140 1137 2233 decrescit,
1167 2143 1285 2220 donec
1310 2148 1363 2220 sub

128 2255 248 2351 ipsum
275 2251 344 2324 diei
370 2264 490 2325 ortum
517 2265 661 2326 assueto
688 2264 813 2350 tepore
838 2253 1056 2349 languescat.
1102 2254 1157 2345 ld,
1187 2259 1287 2355 quod
1310 2276 1391 2358 prart

130 2364 198 2437 deo
226 2363 368 2452 colitur,
404 2388 476 2434 non
504 2364 654 2436 eandem
682 2364 834 2460 effigiem
867 2363 995 2453 habet,
1032 2391 1143 2461 quam
1171 2371 1284 2468 vulgo
1310 2369 1361 2442 diis

129 2476 282 2549 artifices
300 2472 677 2546 accommodaverunt:
704 2475 870 2547 umbilico
896 2475 1051 2547 maxime
1079 2478 1207 2551 similis
1236 2493 1293 2555 est
1314 2481 1361 2554 ha·

128 2588 236 2675 bitus,
264 2582 454 2681 smaragdo
481 2595 518 2656 et
543 2587 692 2683 gemmis
720 2596 999 2682 coagmentatus.
1053 2585 1182 2681 Hunc,
1217 2617 1299 2664 cum
1320 2605 1392 2662 rell

163 2757 186 2822 ξ.
204 2759 246 2806 22.
271 2762 309 2805 est
331 2763 354 2805 ct
378 2753 465 2832 aliud]
488 2752 577 2822 Vulgo
600 2763 638 2806 est
655 2755 732 2806 etiam
768 2751 823 2804 sive
844 2751 899 2805 eius
921 2753 1020 2819 forma,
1044 2753 1154 2823 species.
1197 2758 1281 2812 Nulla
1299 2758 1323 2812 in
1336 2755 1360 2809 li-

127 2825 216 2889 taliam,
240 2822 286 2874 sed
308 2831 332 2874 et
355 2819 383 2873 in
404 2819 478 2873 libris
501 2822 575 2875 mstis
593 2821 657 2873 meis
675 2822 731 2892 qui·
767 2820 820 2873 bris
838 2820 902 2873 meis
920 2821 1032 2873 varietas
1050 2830 1105 2888 est,
1124 2841 1224 2896 resque
1241 2828 1296 2899 ipsa
1309 2824 1360 2880 sctis

126 2892 187 2944 dem
210 2889 330 2944 omnibus
354 2896 383 2941 et
405 2887 432 2941 in
449 2888 525 2942 Leid.
543 2890 649 2960 legitur.
687 2890 732 2956 (ln
766 2887 940 2942 iam'videtur
958 2897 1030 2942 certa
1047 2889 1147 2959 priscas
1166 2904 1264 2964 gentes
1278 2895 1359 2966 lapides

125 2959 202 3014 Voss.
222 2967 235 3012 1
256 2966 284 3011 et
302 2955 449 3010 editlllod.
460 2958 613 3025 omittitur.)
632 2958 732 3010 Postea
766 2956 839 3009 coelo
857 2958 985 3027 delapsos,
1004 2960 1121 3012 rotunda
1138 2963 1197 3015 fere
1216 2981 1300 3018 omnes
1314 2963 1356 3016 for·

124 3031 188 3082 solis
212 3045 322 3097 aquam,
345 3028 486 3079 verborum
509 3027 600 3080 ordine
618 3026 730 3092 inverso,
765 3043 822 3091 ma,
853 3044 902 3097 pro
924 3026 973 3079 diis
995 3026 1114 3080 coluisse.
1156 3032 1184 3083 A
1208 3051 1263 3112 quo
1283 3040 1357 3085 tamen

142 3115 202 3150 uam
224 3096 317 3166 vulgo,
342 3094 448 3166 optimi,
475 3096 619 3148 deteriores
646 3095 729 3162 (Flor.
766 3092 840 3172 quasi
867 3094 924 3164 ipso
956 3095 1005 3147 deo
1036 3095 1091 3147 sive
1118 3100 1238 3154 numinis
1264 3101 1359 3172 pignore

154 3165 229 3234 FGI)
253 3165 333 3217 etiam
360 3180 505 3234 pronomen
531 3165 633 3216 addunt
656 3181 730 3231 quem
765 3163 880 3213 eiusdem
898 3163 997 3231 effigies
1015 3163 1047 3214 ad
1065 3164 1269 3221 similitudinem
1282 3170 1359 3221 huma·

123 3236 188 3287 solis
206 3251 302 3301 aquam
320 3242 420 3284 vocant.
455 3231 516 3284 Hoc
537 3232 623 3302 ipsum
640 3233 729 3288 voluc—
764 3246 813 3282 nae
842 3230 940 3283 formae
967 3247 1091 3301 expressa
1116 3232 1177 3287 iure
1207 3237 1358 3291 discernitur.

122 3300 304 3355 rathllarius
322 3299 421 3352 oblitus
439 3298 550 3351 aliorum
567 3299 683 3353 locorum
698 3307 729 3352 ut
763 3297 864 3351 Verum
884 3297 993 3351 Tacitus
1029 3318 1045 3350 u
1081 3303 1260 3373 ueHist.11‚
1280 3305 1358 3372 alm

122 3386 179 3438 cap.
200 3375 215 3421 8
237 3369 419 3436 Harpapoaas
442 3377 550 3434 accam,
568 3383 611 3434 111,
630 3375 663 3420 30
680 3386 728 3437 qa·
753 3369 847 3435 formo
872 3367 983 3419 Veneris
1010 3317 1128 3437 labilius
1156 3389 1295 3444 exponens
1317 3373 1357 3426 ait:

121 3455 182 3488 acm
204 3437 304 3488 Persae
331 3444 432 3499 vocant,
456 3448 485 3501 V,
510 3442 542 3487 10
568 3436 727 3504 Pasitigrim
762 3437 932 3489 simulacrum
958 3439 1022 3488 deae
1049 3455 1102 3489 aaa
1129 3443 1220 3511 effipia
1246 3447 1357 3506 humana,
1387 3472 1389 3480 ι

121 3505 223 3556 incolae
245 3512 346 3555 vocant.
381 3501 474 3555 Fontis
496 3502 726 3557 admirabilitatem
762 3506 898 3557 continuus
922 3506 992 3557 orbis
1014 3507 1107 3558 latiore
1126 3510 1206 3563 initio
1225 3522 1321 3565 tenuem
1335 3512 1356 3562 in

121 3588 201 3624 nemo
222 3589 276 3623 non
297 3577 418 3622 veterum
436 3572 646 3650 geographorum
664 3581 725 3643 post
761 3574 883 3625 anchiram
906 3583 988 3625 metae
1009 3577 1085 3626 inodo
1108 3593 1252 3647 exurgens.
1286 3581 1356 3632 llam·

117 3639 219 3693 Herod.
237 3654 279 3705 1v,
300 3645 349 3692 180
367 3639 512 3709 descripsit.
758 3640 843 3693 monis
861 3641 910 3694 hoc
927 3638 1095 3694 simulacrum
1114 3661 1177 3698 cum
1192 3648 1251 3701 aliis
1261 3648 1355 3719 gemmis

154 3710 228 3762 catius
251 3709 486 3761 vehementissimas
511 3719 549 3762 cst
567 3709 650 3778 calor]
679 3709 723 3764 Sic
758 3716 815 3760 tum
835 3710 972 3779 smaragdo
990 3721 1209 3778 coagmentatum
1228 3726 1295 3784 erat,
1310 3716 1354 3769 ie

114 3776 235 3898 pllerique
258 3775 318 3829 libri
341 3783 460 3842 veteres,
488 3775 538 3829 nisi
560 3778 632 3848 quod
650 3778 721 3832 Flor.
758 3777 920 3831 extrinsecus
937 3787 1098 3845 contectum,
1118 3789 1150 3834 ut
1168 3785 1305 3839 Diodorus
1318 3783 1354 3837 ll

166 3845 289 3899 Bern.B
313 3847 417 3914 quando
440 3862 488 3914 pro
510 3847 582 3900 caius
608 3847 720 3911 habent3
757 3844 794 3897 ait
812 3845 845 3898 τὸ
864 3852 916 3898 τοῦ
934 3847 1007 3898 θεοῦ
1027 3846 1136 3906 ξόανον
1157 3856 1189 3904 ἐκ
1204 3849 1354 3926 σμαράγδου

115 3914 204 3968 editur
224 3922 314 3967 tamen
340 3931 398 3966 carn
426 3915 660 3968 vehementissimas
684 3925 721 3967 est
757 3919 805 3963 καί
820 3934 910 3966 τινων
930 3911 1025 3966 ἄλλων
1043 3923 1216 3988 περιέχεται.
1241 3923 1354 3977 ceterum

114 3986 195 4036 calar.
230 3983 300 4035 Item
317 3981 389 4053 quod
412 3981 531 4051 sequitur
552 4000 651 4052 qaoque
668 4002 720 4035 aaa
755 3980 835 4034 Beru.
862 3984 888 4035 A
923 3982 993 4035 Flor.
1020 3983 1071 4035 AB
1106 3995 1272 4060 zrnaraydo:
1305 3989 1354 4043 vida

90 4103 97 4115 ,
108 4054 223 4120 propias
241 4051 278 4104 sic
296 4051 394 4121 legitur
410 4049 438 4102 in
457 4051 543 4117 codd,
562 4070 621 4105 cum
639 4052 720 4120 vulgo
755 4047 877 4102 Schneid.
895 4050 978 4103 Elem.
996 4050 1027 4103 L.
1046 4051 1077 4104 L.
1095 4071 1122 4122 p.
1133 4062 1195 4110 881.
1223 4060 1353 4130 Coaqmm·

113 4117 150 4170 sit
167 4137 264 4187 quoque
276 4121 390 4188 propias
408 4137 467 4171 aaa.
754 4126 823 4170 talus
841 4127 913 4172 recte
931 4119 1019 4178 editur
1034 4119 1097 4172 inde
1115 4139 1201 4195 apr.;
1221 4130 1269 4182 sed
1287 4129 1352 4182 uem.

149 4191 173 4246 §.
196 4194 237 4241 23.
262 4189 292 4240 id
313 4187 393 4257 qaod]
422 4185 467 4240 Sic
489 4204 556 4239 unus
578 4187 660 4239 Bern.
682 4188 716 4253 A,
751 4185 777 4237 A
796 4185 867 4239 Flor.
885 4188 912 4239 A
935 4198 1142 4258 commentatus,
1168 4194 1245 4250 Flor.
1263 4191 1352 4250 BDFH

110 4252 206 4324 reliqui
223 4256 298 4308 codd.
315 4254 399 4308 nostri
418 4265 445 4307 et
460 4254 603 4321 Snakenb.‚
622 4254 717 4308 omisso
750 4253 864 4307 Bern.B
884 4267 1122 4324 coaugmentatum
1140 4279 1182 4330 pr.
1202 4283 1239 4319 m,
1257 4265 1350 4319 etFlcr.

111 4326 190 4390 quod,
209 4325 240 4376 iel
256 4331 360 4376 tantum
379 4331 494 4375 servant.
752 4320 778 4374 G
795 4322 832 4376 sic
849 4323 958 4393 corrigit
975 4342 1034 4377 cum
1043 4325 1137 4381 fuisset
1157 4343 1351 4404 coagmentatus,

146 4393 266 4444 umbilico
289 4393 401 4445 maxime
423 4392 519 4444 similia
541 4402 579 4444 est
600 4392 714 4458 habitas,
749 4389 822 4445 Flor.
842 4391 863 4447 C
883 4403 1067 4449 caementatis.
