2926 5174
504 321 555 372 nn
582 320 707 375 essars
733 322 842 373 annis.
868 326 906 392 x,
933 320 957 366 ⁷.
1270 304 1344 376 493

108 530 200 602 quae
228 512 408 594 extarent,
436 504 626 578 restituere
653 504 839 579 damnatis.
893 502 967 578 Soli
991 505 1245 597 Athenienses,
1271 532 1345 580 non

107 617 194 689 suae
221 615 347 706 modo,
379 613 445 688 sed
473 616 583 688 etiam
607 616 770 713 publicae
797 615 954 690 vindices
982 615 1205 714 [libertatis]‚
1239 618 1345 690 collu-

107 725 446 801 vionemordinum
472 726 658 800 hominum
692 728 775 824 quia
801 753 907 826 aegre
933 728 1113 818 ferebant,
1148 754 1221 802 non
1247 730 1345 828 regio

105 839 277 936 imperio,
309 836 371 910 sed
395 837 538 936 legibus
565 839 795 935 moribusque
830 837 954 936 patriis
980 839 1056 935 regi
1082 840 1230 930 assueti,
1265 866 1345 938 pro·

105 950 258 1024 hibuere
284 948 428 1040 finibus,
455 949 578 1022 omnia
603 951 723 1047 potius
749 950 950 1041 toleraturi,
977 975 1085 1047 quam
1110 960 1346 1048 purgamenta

106 1060 291 1160 quondam
316 1059 412 1133 urbis
439 1085 543 1149 suae,
570 1068 656 1133 tunc
683 1061 790 1134 etiam
816 1062 929 1152 exilii,
956 1061 1195 1134 admitterent.

208 1170 426 1262 Alexander,
454 1171 655 1246 senioribus
675 1173 825 1245 militum
843 1170 880 1243 in
906 1165 1059 1270 patriam
1083 1172 1249 1262 remissis,
1276 1182 1344 1244 tre-
1373 1175 1394 1246 8

106 1373 153 1411 coe
172 1355 195 1410 it
212 1356 316 1424 Aldus,
340 1354 401 1409 libri
426 1373 488 1408 mss.
512 1363 623 1436 praeter
639 1354 711 1409 Flcr.
745 1354 772 1408 in
790 1353 863 1408 libris
881 1362 910 1408 et
926 1353 1109 1425 manuscriptis
1127 1362 1154 1408 et
1162 1354 1274 1425 primum
1292 1354 1346 1408 edi-

107 1375 172 1479 DFl
187 1427 344 1479 solidarum.
371 1424 411 1479 Cf.
436 1423 492 1478 Cic.
511 1425 667 1490 mVerr.V,
687 1431 711 1477 6.
745 1423 779 1476 tis
792 1425 950 1494 prohibuere
977 1425 987 1476 i
1015 1426 1080 1476 itur
1106 1426 1217 1477 exules
1232 1425 1345 1492 finibus,

105 1493 232 1548 Perditae
260 1495 389 1556 ciuitates,
425 1495 573 1562 desperatis
597 1494 714 1545 omnibus
745 1491 773 1545 in
799 1510 853 1544 uno
880 1492 951 1546 Flor.
978 1441 1010 1546 (i
1029 1491 1243 1562 interpunctione
1278 1493 1363 1564 facta

104 1564 189 1629 rebus,
207 1565 258 1616 bos
276 1564 357 1616 solent
373 1562 457 1613 exitus
476 1563 593 1614 exitiales
610 1563 712 1627 labere,
783 1568 808 1613 st
830 1561 993 1629 prohibuere,
1028 1561 1119 1630 Erpa
1137 1562 1247 1614 exules
1262 1562 1347 1632 fini·

104 1640 132 1685 ut
156 1632 282 1684 damnati
316 1632 344 1682 in
372 1632 423 1683 inte
441 1647 500 1682 rum
530 1631 711 1695 restituantur,
768 1648 803 1683 us
821 1631 866 1682 eii
873 1630 975 1694 ciunt,
1003 1631 1049 1681 sed
1075 1636 1222 1681 extremum
1241 1628 1347 1699 quidem

104 1701 181 1753 musti
198 1700 349 1761 solvantur,
375 1648 460 1750 exules
478 1701 652 1762 reducantur,
669 1716 711 1751 res
746 1699 855 1750 verbum
872 1697 900 1749 in
917 1697 1042 1777 margine.
1077 1698 1198 1777 Eandem
1215 1697 1347 1751 rationem

103 1768 238 1822 iudicatae
257 1768 448 1820 rescindantur.
477 1768 551 1828 Quae
568 1784 626 1819 cum
643 1768 712 1819 acci-
744 1767 830 1818 Aldus
847 1773 875 1818 et
892 1769 979 1818 Iunius
998 1766 1081 1819 secuti
1101 1766 1240 1818 edidenmt
1256 1769 1347 1835 proli-

103 1839 182 1904 duut,
213 1853 292 1889 uento
319 1843 355 1888 est
387 1836 452 1905 quin
482 1837 610 1904 intellipat
635 1852 711 1888 ruere
745 1836 829 1889 buere.
883 1835 972 1903 Ipitur
996 1837 1084 1888 exules
1101 1835 1205 1902 finibus
1232 1836 1347 1901 eiieiuut,

102 1905 176 1959 illum
193 1905 387 1973 rempublicam.
745 1905 832 1956 omniu
850 1909 898 1954 cet.
934 1902 1001 1955 Mihi
1019 1902 1145 1966 Modiana
1169 1901 1238 1956 ratio
1264 1902 1348 1972 magis

136 1977 159 2043 5.
182 1981 208 2028 6.
255 1974 368 2026 υἰηάἱσεε
395 1972 536 2041 libertatis]
590 1970 658 2024 Cum
683 1970 712 2023 in
745 1971 881 2040 probatur,
900 1987 968 2041 quae
985 1971 1066 2023 etiam
1078 1971 1159 2091 vnllgo
1174 1979 1283 2041 accepta
1296 1978 1346 2038 est,

102 2041 224 2097 omnibus
245 2041 325 2093 codd.
343 2048 412 2093 esset
429 2058 482 2093 non
499 2058 546 2092 suo
563 2043 647 2107 mado,
666 2042 714 2093 sed
747 2056 799 2110 qua
816 2038 902 2091 media
918 2038 963 2091 illa
980 2042 1062 2093 verba
1088 2047 1118 2092 to
1139 2047 1226 2092 untur.
1261 2039 1347 2093 Nimi-

103 2113 182 2260 e'tggrp
194 2111 307 2231 ppblice
328 2110 457 2175 uindices,
484 2116 513 2161 et
529 2109 639 2161 verbum
664 2107 711 2160 ali-
746 2126 804 2160 rum
821 2124 881 2160 cum
898 2110 985 2161 exules
1003 2106 1030 2160 in
1052 2107 1170 2178 margine
1187 2107 1347 2178 interpreta-

234 2193 296 2230 esse
314 2176 458 2244 rideretur,
476 2176 585 2230 Modius
603 2175 713 2229 liberta·
746 2174 825 2230 tionis
844 2192 921 2229 cansa
946 2177 1106 2246 adscriptum
1131 2184 1211 2242 esset,
1238 2177 1348 2248 posthac

101 2245 261 2301 tisinseruit
271 2246 304 2297 de
313 2244 472 2311 coniectura,
482 2246 713 2313 struae-publi·
746 2244 853 2297 videtur
870 2243 950 2297 etiam
967 2247 1047 2314 ipitur
1071 2245 1266 2299 connectendae
1288 2262 1348 2300 ora·

101 2334 147 2370 cae
155 2313 286 2370 correxit.
303 2313 388 2365 Aliter
395 2314 480 2366 Aldus
496 2312 592 2384 quique
601 2330 661 2365 eum
671 2331 713 2366 us·
746 2312 824 2367 tionis
842 2329 920 2366 causa
937 2313 1082 2368 accessisse.

101 2401 154 2455 que
172 2384 209 2438 ad
227 2380 354 2436 Modiam
370 2380 452 2435 secuti
470 2390 545 2434 sunt:
572 2399 625 2434 non
650 2399 712 2435 suae
783 2381 822 2435 Ca
841 2385 939 2450 .8‚§.8.
963 2384 991 2435 in
1005 2385 1124 2452 patriam
1141 2385 1269 2450 remissis]
1292 2383 1348 2436 Ita·

99 2456 175 2506 modo
203 2453 255 2506 sed
281 2452 358 2502 etiam
382 2452 422 2502 rei
462 2451 563 2503 ublicue
588 2452 712 2503 uindices.
766 2399 1346 2522 ue,dunioauuore,duplexmilitummissio

99 2521 156 2575 Sed
173 2538 237 2575 cum
255 2517 331 2571 nulla
351 2517 384 2571 sit
400 2468 508 2588 publica
534 2535 577 2570 res
596 2517 712 2572 Graeco·
746 2468 815 2574 litata
832 2526 881 2584 est,
899 2537 952 2572 una
969 2537 1036 2593 quae
1054 2519 1166 2590 benigne
1183 2528 1290 2591 accepta
1307 2528 1348 2573 est

98 2608 169 2656 rum,
183 2586 322 2642 Modiana
337 2585 404 2640 ratio
422 2586 516 2640 mehor
531 2586 647 2653 videtur,
666 2588 713 2640 sed
747 2587 909 2652 aveteranis,
927 2589 1011 2641 altera
1029 2605 1097 2659 quae
1111 2597 1173 2641 tum
1190 2589 1347 2642 seditionem

97 2659 214 2712 verbum
232 2654 377 2708 insiticium
394 2654 468 2708 uncis
493 2654 599 2720 inclusi,
626 2663 656 2708 ut
673 2655 712 2707 di·
746 2656 859 2709 mihtnm
889 2657 1007 2726 separari
1036 2656 1182 2710 nolentium
1211 2657 1346 2712 excitavit.

137 2733 299 2788 asseretur,
326 2723 347 2776 si
365 2723 422 2794 quis
440 2724 510 2777 forte
526 2723 605 2776 aliam
622 2741 712 2776 emen·
747 2724 880 2777 Diodorus
897 2738 971 2790 xvir,
997 2731 1044 2779 109
1063 2725 1191 2790 breviter,
1219 2726 1346 2779 Arrianus

156 2793 184 2846 di
202 2792 279 2846 viam
296 2790 363 2844 inire
384 2791 485 2845 mallet.
525 2791 602 2845 Dixit
622 2800 712 2845 tamen
746 2808 801 2858 vn,
826 2798 926 2845 8-12
953 2792 1038 2845 multo
1063 2792 1208 2846 accuratius
1234 2795 1268 2846 de
1293 2811 1347 2845 una

97 2861 226 2917 similiter
245 2859 354 2914 Curtius
372 2879 403 2914 su
420 2878 451 2913 ra
469 2860 514 2914 lib.
531 2875 596 2927 vm,
615 2868 648 2914 20
667 2877 711 2913 ae·
746 2868 852 2914 tantum
868 2859 990 2913 missione
1007 2860 1159 2913 turbulenta
1176 2869 1205 2912 et
1225 2870 1289 2930 post
1305 2878 1346 2914 se-

97 2929 161 3003 quis
180 2928 296 2983 auribus
316 2879 502 2982 Callisthenem
527 2929 601 2982 velut
626 2931 712 2982 nudi·
746 2928 873 2982 ditionem
889 2926 1048 2982 vindicatam
1065 2929 1137 2981 facta
1153 2938 1270 2997 narrant,
1293 2932 1345 2982 Ar·

96 3017 153 3054 cem
166 2999 300 3068 publicae
327 2998 453 3050 libertatis
471 2996 591 3050 auditum
616 3013 673 3050 esse
696 3014 712 3049 a
745 2997 900 3075 rianumque
918 3005 1022 3049 secutus
1030 2996 1223 3050 Freinshemius
1239 2997 1267 3050 in
1285 3015 1345 3068 sup-

94 3065 311 3122 Maeedonibus.
337 3065 440 3133 Deinde
450 3083 508 3120 cum
520 3065 584 3119 item
593 3065 620 3118 in
638 3064 711 3118 libris
746 3065 884 3136 plamantis
907 3071 967 3135 post
992 3081 1049 3134 cap.
1062 3072 1091 3118 13
1115 3065 1224 3118 alteram
1245 3065 1346 3119 missio·

94 3153 159 3190 mss.
178 3133 310 3189 omnibus
327 3142 395 3187 esset
411 3136 578 3187 colluvionem
596 3136 712 3186 ordinem
746 3150 806 3186 nem
827 3132 866 3185 ita
888 3132 1011 3186 describit
1032 3133 1106 3204 quasi
1126 3133 1178 3187 alia
1200 3152 1254 3188 non
1272 3144 1346 3188 ante-

94 3206 235 3258 ltomiuum
255 3203 322 3272 quia
342 3219 419 3271 aspre
430 3203 568 3272 ferebant,
595 3201 711 3255 editores
746 3201 860 3256 cesserit.
896 3201 968 3266 Quid
994 3218 1085 3254 verum
1110 3202 1145 3256 sit
1173 3203 1272 3272 nescio,
1299 3205 1346 3257 sed

93 3273 213 3326 alteram
240 3285 337 3323 vocem
354 3271 393 3323 cui
419 3289 475 3325 non
500 3272 630 3325 haberent
648 3269 712 3339 quid
745 3270 821 3323 facile
841 3287 883 3323 res
910 3271 949 3323 ita
974 3270 1090 3324 ordinari
1114 3280 1215 3351 potest,
1243 3273 1346 3326 utiam

92 3341 223 3396 lacerent
261 3337 432 3406 deleverunt,
468 3338 587 3393 nonnulli
620 3347 711 3391 tamen
746 3338 819 3392 Susis
836 3355 884 3392 rex
906 3356 980 3392 senes
1001 3349 1030 3392 ct
1047 3339 1174 3394 invahdos
1192 3341 1288 3394 milites
1306 3342 1347 3394 di·

92 3409 189 3464 verbia
207 3404 381 3475 transpositis
399 3406 436 3461 sic
449 3408 589 3461 ediderunt
606 3408 711 3460 collum·
745 3406 856 3474 miserit,
885 3416 978 3478 postea
1001 3407 1055 3478 Opi
1081 3409 1115 3461 ad
1138 3409 1232 3490 Tigrin
1260 3412 1346 3464 denuo

93 3495 173 3532 onem
192 3476 344 3540 bominum,
367 3479 481 3529 ordinem
500 3480 561 3547 quia
579 3493 653 3544 <repre
665 3475 711 3544 fe·
745 3475 867 3545 selegerit
881 3494 992 3546 quorum
1004 3493 1084 3557 opera
1101 3479 1212 3548 amphus
1230 3479 1270 3533 uti
1288 3480 1346 3533 nol-

94 3548 209 3611 rebcnt,
238 3541 345 3596 scilicet
366 3543 466 3614 opinati
492 3545 554 3614 quia
581 3544 711 3613 diceretur
745 3545 791 3597 let.
827 3544 895 3598 Cum
912 3545 988 3612 utris,
1007 3563 1029 3598 s1
1046 3545 1143 3599 diversi
1161 3547 1346 3614 fuerint,Cra-

92 3617 124 3668 ἐπ
142 3616 273 3668 ordinem
290 3612 388 3691 redipi,
406 3612 477 3665 idem
494 3612 635 3683 significari
652 3611 710 3665 solo
744 3621 817 3666 terus
839 3621 867 3666 et
889 3613 1083 3684 Polysperchon
1110 3615 1188 3669 duces
1211 3616 1239 3668 in
1256 3616 1346 3670 Mace-

92 3680 274 3737 substantivo
292 3681 390 3732 ordine.
425 3681 481 3734 Sed
504 3683 556 3735 hoo
573 3680 711 3735 ridiculum
746 3681 850 3735 doniam
863 3681 934 3736 missi
948 3681 1009 3749 sint,
1026 3700 1080 3735 non
1090 3692 1201 3750 constat,
1221 3684 1346 3754 quoniam

93 3759 146 3806 est.
192 3748 287 3804 Miror
313 3747 440 3801 neminem
467 3749 564 3803 vidisse
590 3752 711 3804 ordinum
745 3767 776 3803 ea
793 3767 854 3830 pars
864 3750 1007 3805 Curtianae
1025 3750 1150 3804 historiae
1167 3751 1304 3805 intercidit
1317 3759 1345 3804 et

94 3819 277 3874 scribendum
295 3831 360 3868 esse.
394 3816 437 3869 An
460 3818 590 3888 duplicem
613 3815 711 3899 geniti-
745 3821 872 3872 Arrianus
893 3837 973 3872 unam
990 3826 1093 3871 tantum
1110 3819 1257 3872 missionem
1275 3837 1345 3872 com·

93 3906 160 3942 vum
187 3904 249 3940 non
277 3883 417 3938 tulerunt?
451 3886 489 3939 At
515 3896 633 3941 sexcenti
659 3884 711 3939 loci
744 3895 880 3941 memorat.
915 3887 986 3941 Fieri
1000 3887 1079 3940 etiam
1098 3895 1186 3957 potest
1202 3895 1233 3940 ut
1250 3895 1345 3967 postea

95 3964 161 4010 sunt
186 3954 236 4027 qui
265 3969 327 4005 eam
351 3954 572 4008 constructionem
597 3963 710 4021 veteres,
745 3954 843 4008 dimissi
865 3957 964 4027 priores
986 3955 1013 4008 in
1034 3955 1128 4008 itinere
1150 3964 1261 4008 assecuti
1283 3955 1344 4008 sint.

96 4025 145 4078 ubi
162 4040 237 4095 opus
255 4027 342 4087 esset,
366 4020 472 4075 minime
489 4024 588 4094 fugisse
606 4025 709 4078 docent.
744 4024 919 4079 Dimissorum
939 4024 1090 4078 universum
1111 4040 1248 4076 numerum
1265 4023 1345 4076 fuisse

98 4092 177 4146 Dixit
192 4089 464 4167 autemocclluvianem
478 4095 606 4157 ordinum,
620 4109 711 4164 quem·
745 4094 835 4146 decem
856 4093 928 4147 milia
950 4091 1117 4146 consentiunt
1139 4100 1271 4144 auctores:
1297 4091 1344 4146 ho-

100 4160 248 4215 sdmodum
267 4157 359 4209 Lmus
375 4173 414 4225 1v,
432 4166 447 4212 2
467 4163 632 4216 colluvionem
648 4179 711 4230 pen·
744 4180 803 4215 rum
829 4179 875 4215 sex
900 4161 972 4214 milia
999 4160 1123 4214 Craterus
1146 4159 1258 4212 triennio
1283 4168 1345 4231 post

103 4229 161 4282 dum
174 4231 374 4302 Romanarum,
391 4227 425 4280 de
442 4228 546 4282 sublato
561 4228 711 4283 discrimine
746 4236 844 4298 (aetate
862 4248 885 4283 a.
895 4233 958 4296 322)
981 4245 1014 4280 ex
1032 4227 1096 4280 Asia
1116 4227 1144 4279 in
1161 4228 1345 4282 Macedoniam

104 4295 196 4351 civium
205 4304 236 4350 et
248 4291 448 4364 inqmlinorum,
466 4298 593 4351 nobilium
600 4308 628 4352 ct
636 4298 711 4368 igno·
745 4299 865 4366 adduxit,
879 4299 1025 4368 Antipatro
1034 4314 1065 4348 su
1083 4296 1168 4364 petias
1177 4296 1271 4362 ferens,
1285 4315 1345 4352 cum

105 4363 210 4433 biliam,
230 4363 370 4416 bonorum
387 4371 414 4416 et
429 4365 565 4421 malorum.
745 4367 830 4437 iisque
851 4366 990 4420 victoriam
1011 4365 1045 4416 de
1064 4313 1171 4418 braccis
1192 4366 1226 4416 ad
1244 4366 1344 4420 Grano-

132 4434 298 4502 proliibuere
314 4428 426 4502 fluibus]
475 4434 583 4490 Plenius
613 4435 712 4507 legitur
745 4452 807 4489 nem
834 4433 994 4505 deportavit,
1022 4440 1132 4487 auctore
1157 4433 1276 4489 Diodoro
1297 4435 1343 4489 lib.
