2984 5176
469 325 519 376 nn
546 322 672 378 ansuis
698 324 811 377 Anax.
837 323 902 394 vn,
923 320 966 373 ss.
1286 302 1359 374 337
1467 282 1469 287 ¹

118 509 260 582 mariae
293 506 476 606 proditum
513 521 583 583 est:
625 511 820 585 abhorrent
850 510 1000 583 forsitan
1031 507 1190 581 moribus
1222 509 1364 598 nostris,

121 631 161 695 et
186 631 353 718 tempora
379 630 417 693 et
440 620 583 717 ingenia
608 622 759 694 cultiora
785 623 934 711 sortitis3
963 619 1027 693 sed
1050 630 1090 692 ut
1111 617 1225 717 possit
1250 618 1364 690 oratio

118 756 251 805 eorum
277 732 413 828 sperni,
452 742 573 805 tamen
599 732 687 806 fides
715 745 839 806 nostra
865 760 938 805 non
965 729 1091 803 debet:
1125 753 1215 826 quae
1241 738 1365 800 uteun-

97 858 200 939 tque
227 852 315 914 sunt
340 842 488 933 tradita,
522 843 730 941 incorrupta
756 845 983 941 perferemus.
1035 841 1149 939 Igitur
1181 865 1293 913 unum
1318 864 1365 913 ex

125 953 184 1027 his
209 953 409 1028 maximum
435 964 524 1027 natu
548 956 707 1027 locutum
733 949 953 1051 accepimus:

231 1063 276 1142 Si
305 1065 357 1140 clii
386 1067 531 1140 tabitam
562 1068 711 1165 corporis
746 1067 796 1140 tui
825 1064 980 1139 aviditati
1008 1063 1116 1137 animi
1139 1088 1263 1160 parem
1297 1066 1417 1140 esae34

121 1175 321 1270 uoluissent,
347 1177 434 1252 erbis
460 1191 489 1251 te
514 1203 580 1252 non
606 1192 754 1276 capara,-
788 1178 893 1251 altera
918 1201 1022 1249 rnanu
1051 1173 1232 1269 Orientem,
1263 1177 1367 1251 altera

127 1284 340 1363 Occidentem
364 1289 578 1388 continperes,
613 1301 644 1362 et
667 1289 725 1365 ltoc
750 1301 918 1364 assecutas
943 1288 1028 1362 seire
1052 1288 1163 1378 oeus,
1199 1287 1257 1360 att
1287 1286 1370 1360 tanti

97 1401 278 1475 saumae
297 1399 417 1502 sulpur
442 1401 643 1476 cuneatur.
698 1399 757 1476 Sic
782 1425 909 1501 quoque
934 1398 1153 1498 concupiscis,
1191 1423 1275 1498 quae
1299 1422 1367 1472 non

128 1513 233 1613 capis.
287 1512 342 1586 At
359 1511 501 1612 Europa
519 1512 609 1612 petis
626 1513 767 1587 Asiam.-
793 1537 834 1586 ea
851 1512 940 1586 Asia
965 1511 1089 1585 nausis
1114 1511 1150 1584 in
1167 1508 1367 1606 Europam5

126 1622 250 1699 danda
283 1624 317 1698 si
348 1623 532 1698 lunianum
562 1650 669 1724 peneus
703 1651 797 1699 enine
830 1622 1059 1724 asperaceris,
1102 1646 1178 1695 cum
1212 1620 1307 1694 silvis
1340 1634 1370 1693 et

97 1735 262 1810 tnioibus
288 1749 318 1808 et
330 1736 532 1833 fluminibus
547 1736 702 1837 ferisque
726 1737 835 1810 bernis
858 1747 1011 1835 pasturam
1029 1757 1063 1806 es
1080 1732 1206 1806 bellum.
1253 1727 1370 1814 Quia?

124 1858 162 1920 tu
178 1847 327 1946 ,apteras
352 1847 485 1922 arbores
509 1873 651 1947 mapnas
683 1848 744 1920 diu
774 1870 933 1938 merome,
969 1870 1038 1918 una
1071 1845 1153 1917 lora
1185 1841 1370 1942 eutirpari?

126 1953 259 2033 Statius
284 1971 339 2050 est,
366 1959 425 2058 qui
439 1960 575 2058 fructu
602 1984 718 2032 eurum
743 1969 873 2056 spectat,
905 1956 1110 2030 altitudinem
1135 1981 1203 2030 non
1228 1954 1368 2027 metitm.

135 2066 238 2162 Vide,
261 2092 304 2142 ne
327 2070 410 2144 dum
426 2069 474 2142 ad
495 2092 652 2141 cacumen
666 2069 840 2166 pervenire
859 2067 1033 2159 catanam,
1060 2093 1134 2141 cum
1153 2066 1237 2165 tinais
1253 2065 1369 2155 ramis,

97 2192 214 2280 5petas
240 2179 534 2279 cmnpreltendcris,
566 2179 711 2254 madae.
764 2179 833 2254 Leo
860 2203 986 2279 quaque
1012 2178 1193 2278 aliquando
1217 2177 1371 2250 minima·

126 2316 207 2364 mm
234 2292 349 2364 auium
374 2291 539 2390 pabulum
560 2291 656 2392 fuit5
695 2305 724 2364 et
739 2294 877 2393 ferrum
907 2290 1023 2389 neapo
1049 2289 1218 2364 consumit.
1271 2287 1373 2362 Mtte

128 2413 201 2475 tum
224 2401 373 2500 firmum
406 2416 470 2495 est,
514 2402 569 2475 cui
604 2402 793 2500 periculum
826 2428 894 2477 non
925 2402 969 2475 sit
1002 2402 1100 2475 etiam
1134 2402 1175 2475 ah
1212 2400 1370 2476 invalida.

97 2507 229 2594 {Quid
266 2511 358 2589 realta
398 2526 503 2587 tecum
544 2511 614 2586 est?
666 2512 854 2613 Nunquam
894 2525 1018 2585 terram
1058 2525 1150 2586 tuam
1191 2512 1369 2612 attipimua.

132 2618 204 2705 Qut
227 2621 292 2714 stis,
326 2624 415 2697 unde
439 2624 568 2715 ueniae,
603 2623 713 2697 licetne
744 2624 898 2723 spumare
929 2624 966 2697 iu
991 2624 1094 2697 uastis
1119 2622 1213 2698 siluis
1238 2626 1371 2699 niventi-

129 2732 220 2808 bus?
272 2731 347 2806 Nec
378 2735 502 2809 seruire
527 2734 590 2808 ulli
611 2760 809 2834 possumus,
845 2760 904 2808 nec
935 2735 1102 2833 imperare
1133 2733 1372 2808 denderamus.

97 2843 241 2921 rDoaa
264 2844 357 2918 nclris
382 2845 463 2919 data
488 2857 579 2937 sunt,
615 2871 656 2919 ne
683 2843 883 2944 Scytharum
911 2858 1039 2945 pentem
1065 2846 1210 2945 ipnores,
1249 2845 1374 2944 inpum,

129 2968 295 3048 aratrum,
326 2953 431 3047 iusta,
464 2956 593 3054 sapitta,
617 2970 750 3055 patera.
803 2957 872 3032 His
897 2956 1022 3029 utimur
1048 2969 1176 3029 etcum
1201 2955 1319 3030 amicis
1345 2971 1376 3030 et

97 3066 295 3143 ³adversus
327 3066 487 3141 inimicos.
546 3065 678 3167 Fmpes
709 3068 827 3142 amicis
858 3068 980 3141 clamen
1011 3066 1108 3141 boum
1140 3065 1247 3141 labme
1278 3091 1374 3168 quae·

163 3283 187 3346 ς.
207 3283 249 3331 12.
285 3277 407 3330 aviditati
425 3278 506 3329 animi
516 3279 622 3346 parem]
645 3279 737 3330 Acidi-
771 3276 917 3345 acerinam
940 3273 1066 3348 ἀρατρόν
1092 3296 1123 3329 τε
1150 3281 1196 3328 καὶ
1219 3275 1304 3348 ζυγὸν
1330 3281 1376 3329 καὶ

130 3348 194 3400 latis
212 3345 275 3398 edd.
292 3352 360 3397 vett.
376 3360 459 3416 usque
482 3345 517 3397 ad
534 3345 592 3398 Iun.
610 3352 638 3397 et
661 3346 736 3398 codd.
773 3347 891 3418 σάγαριν
919 3351 966 3398 καὶ
993 3341 1098 3416 φιάλην
1120 3350 1232 3398 πεσέειν
1260 3346 1298 3402 eia
1322 3345 1376 3412 τὴν

128 3414 253 3494 plerique
275 3413 355 3482 (adeo
377 3421 410 3466 ut
457 3414 599 3467 ro-altera
625 3412 738 3467 lectione
772 3414 929 3480 Σκυθικήν.
974 3413 1043 3467 Sunt
1074 3414 1155 3484 igitur
1188 3413 1255 3467 haec
1289 3412 1376 3468 omnia

128 3500 184 3537 uon
202 3489 259 3536 sint
276 3480 327 3534 nisi
339 3480 442 3535 Flore
469 3480 523 3535 GH
538 3482 737 3535 Bem.BVoss.
772 3500 851 3535 manu
869 3483 949 3550 facta,
968 3480 1150 3552 antiquissima
1166 3481 1318 3536 mortalium
1335 3481 1376 3535 in·

129 3554 170 3623 2),
188 3567 241 3605 nea
257 3557 348 3602 tamen
365 3559 455 3620 potest
472 3550 593 3620 probari,
615 3550 738 3620 quoniam
772 3559 926 3605 strumenta.
962 3551 1134 3622 Quapropter
1148 3550 1228 3604 miror
1244 3550 1322 3604 adiici
1336 3550 1376 3604 his

124 3638 183 3690 par
199 3636 262 3674 cum
313 3616 398 3671 nitiva
416 3617 469 3672 alio
482 3635 558 3672 sensu
572 3635 738 3689 necunquam
772 3622 863 3685 boves,
880 3620 908 3672 in
922 3620 998 3672 codd.
1008 3618 1114 3689 quidem
1123 3620 1173 3674 sic:
1190 3622 1279 3689 lupum
1294 3621 1376 3686 boues,

130 3707 148 3742 a
165 3687 264 3744 Curtio
301 3686 385 3740 'eitun
421 3687 524 3741 Contra
538 3701 602 3754 vm,
622 3693 656 3740 44
670 3695 737 3740 extr.
773 3687 902 3755 (mosa
931 3689 1029 3755 bacun)
1058 3699 1081 3742 et
1104 3698 1236 3755 aratrum,
1264 3704 1298 3740 ex
1341 3704 1376 3740 uo

124 3774 184 3829 par
200 3758 306 3810 animus
327 3756 417 3808 robori
437 3758 569 3824 corporea
594 3770 625 3822 Χ,
645 3761 686 3823 18,
704 3763 735 3810 31
773 3757 872 3810 fautum
889 3754 977 3809 estin
994 3754 1072 3810 editis
1090 3760 1178 3826 lupum
1193 3757 1275 3809 boum.
1342 3772 1376 3808 on

131 3826 273 3881 cmoils’um
326 3841 343 3875 r
358 3826 531 3893 mapnitudini
548 3825 639 3877 animi.
772 3824 909 3894 pertinent
930 3825 982 3877 huo
1005 3823 1127 3877 animalia
1149 3823 1178 3876 in
1199 3831 1271 3876 terra
1292 3821 1376 3876 libere

165 3897 190 3964 ᾖ,
210 3899 253 3947 15.
322 3909 454 3963 equoque
471 3894 625 3961 aliquando]
651 3891 739 3958 „Leo-
773 3893 897 3964 vagantia
906 3901 934 3946 et
947 3891 1095 3947 hominibus
1105 3893 1243 3956 domanda,
1253 3892 1288 3944 ad
1316 3907 1378 3943 uam

130 3978 179 4017 nes
195 3978 215 4016 a
231 3959 358 4015 culicibus
374 3976 537 4042 magnopere
559 3959 664 4027 vexari,
686 3960 742 4030 ‘qui
774 3977 829 4014 rem
843 3978 860 4013 a
873 3961 922 4014 diis
935 3961 998 4013 data
1012 3960 1103 4031 iugum
1118 3968 1146 4013 et
1160 3967 1285 4013 aratrum.
1335 3958 1407 4029 ele„

130 4040 160 4085 et
175 4029 273 4084 mortis
290 4046 396 4082 causam
408 4027 441 4082 iis
452 4029 608 4098 praebeant,
626 4035 740 4081 testatur
773 4029 856 4099 igitur
874 4032 947 4083 boues
966 4039 999 4094 et,
1019 4030 1091 4099 quod
1106 4027 1170 4082 olim
1184 4028 1217 4080 ab
1231 4027 1377 4098 interprete
1407 4032 1418 4041 “

130 4098 266 4154 Ammian.
288 4097 408 4151 Marcell.
426 4112 515 4164 xvm,
536 4102 595 4150 17.“
622 4096 741 4150 Freinsh.
776 4097 916 4163 adiectum,
934 4113 969 4149 ne
986 4098 1078 4167 iugum
1095 4097 1151 4150 sine
1167 4096 1255 4148 bubus
1272 4094 1378 4165 Scythis

131 4168 188 4223 Pro
199 4169 261 4238 suit
269 4164 362 4220 Iunius
375 4175 404 4219 et
412 4167 484 4220 Mod.
492 4167 531 4234 fit
544 4166 578 4217 de
593 4165 742 4218 coniestura
776 4165 868 4219 inutile
886 4173 964 4219 esset.
990 4164 1142 4218 Delevimus
1159 4163 1239 4217 etiam
1252 4162 1378 4234 repetitas

132 4254 186 4291 non
204 4234 283 4298 mals,
301 4250 461 4305 quamquam
478 4251 531 4287 non
549 4233 701 4287 necessaria.
777 4234 973 4288 coniunctiones
991 4244 1015 4286 et
1031 4236 1129 4303 sapitta
1147 4242 1172 4285 et
1183 4241 1289 4302 patera,
1313 4247 1378 4301 quas

167 4311 246 4374 §.lt
270 4306 298 4357 iu
334 4320 368 4369 m,
383 4314 511 4368 aratrum,
529 4304 618 4362 tastu.
633 4320 664 4355 sa
684 4304 742 4368 itta,
777 4302 890 4356 ulitores
912 4303 945 4355 de
967 4319 1015 4354 suo
1037 4301 1210 4368 addiderunt,
1236 4317 1296 4353 cum
1313 4298 1378 4354 omi-

128 4375 240 4444 patera]
275 4320 444 4424 Hiumdotm
460 4370 581 4441 sequitur
597 4370 642 4423 lib.
673 4373 706 4437 V,
717 4377 742 4436 ὁ,
778 4370 871 4425 sissent
888 4374 999 4437 tostam,
1017 4388 1095 4442 quam
1112 4379 1203 4423 orator
1220 4368 1299 4440 paulo
1316 4378 1379 4439 post

134 4447 164 4496 lx
203 4446 258 4495 τοῦ
295 4438 419 4514 οὐρανοῦ
460 4439 603 4514 φερόμενα
641 4439 744 4510 χρύσεα
776 4439 833 4510 ipse
850 4446 1044 4495 commemorat.

1172 4529 1204 4577 22
