2926 5174
201 305 273 376 518
670 319 705 383 o.
733 316 856 372 cuarn
880 317 965 372 eurr

147 511 193 582 25
297 508 349 582 At
373 506 552 604 Meleager
584 527 706 601 regem
736 527 881 576 monere
911 528 985 577 non
1021 503 1184 596 destitit,
1218 506 1275 580 ius
1303 508 1450 607 imperim

195 617 386 692 Perdiccae
419 627 535 690 morte
567 611 796 689 sanciendum
828 637 924 686 esse:
956 615 994 687 ni
1029 626 1236 714 occupetur
1267 619 1412 716 impotens

196 729 351 819 animus,
378 753 436 802 res
462 738 694 800 novaturum:
726 725 926 798 meminisse
953 750 1039 798 eum
1066 725 1157 823 quid
1185 728 1233 800 de
1259 753 1337 827 rege
1359 755 1411 803 me·

196 839 340 930 ruisset,
372 839 549 912 neminem
575 846 695 910 autem
721 836 753 908 ei
779 835 865 907 satis
889 833 1003 907 fidum
1030 862 1132 927 esse,
1160 863 1271 934 quem
1294 851 1414 912 metuat

197 949 277 1022 Rex
309 951 512 1047 patiebatur
542 948 671 1045 magis,
708 971 814 1042 quam
839 946 1117 1021 assentiebatur.
1179 947 1304 1046 Itaque
1331 948 1434 1023 Melea

197 1085 282 1157 ager
308 1060 486 1134 silentium
517 1084 583 1156 pro
609 1057 756 1154 imperio
787 1055 926 1145 habuit,
958 1057 1134 1155 misitque
1167 1061 1265 1159 regis
1288 1062 1414 1151 nomine,

196 1172 256 1268 qui
282 1171 489 1246 Perdiccam
521 1176 752 1241 accerserent.
809 1164 937 1238 Iisdem
962 1168 1201 1260 mandatum,
1236 1181 1277 1245 ut
1307 1171 1436 1244 occides

197 1293 287 1372 rent,
315 1284 344 1355 si
371 1281 492 1356 venire
519 1278 709 1353 dubitaret.
753 1274 930 1365 Perdicca,
957 1280 1132 1353 nuntiato
1160 1281 1351 1355 satellitum
1371 1281 1414 1354 ad·

197 1404 328 1483 ventu,
363 1390 543 1465 sexdecim
575 1388 718 1462 omnino
751 1387 868 1485 pueris
899 1387 1019 1484 regiae
1053 1390 1221 1464 cohortis
1255 1395 1415 1466 comibus

196 1504 233 1575 in
259 1505 379 1577 limine
405 1501 532 1574 domus
564 1524 650 1573 suae
676 1498 850 1587 constitit,
883 1498 1177 1597 castigatosque,
1211 1511 1250 1575 et
1274 1502 1415 1601 Meleagri

196 1615 372 1712 mancipia
396 1611 591 1687 identidem
617 1611 815 1707 appellans,
842 1609 890 1682 sic
916 1609 1025 1683 animi
1051 1613 1256 1710 vultusque
1282 1623 1416 1687 constan·

196 1724 247 1796 tia
278 1726 420 1814 terruit,
458 1732 500 1795 ut
537 1723 601 1795 vix
637 1721 766 1793 mentis
804 1730 986 1817 compotes
1020 1724 1208 1821 fugerent.
1274 1722 1435 1798 Peraean

196 1858 327 1933 pueros
354 1860 463 1933 equos
497 1834 600 1906 iussit
626 1829 880 1919 conscendere,
913 1841 1058 1904 etcum
1091 1834 1225 1930 paucis
1252 1835 1416 1909 amicornm

197 1946 244 2020 ad
262 1946 487 2021 Leonnatum
513 1943 686 2041 pervenit,
711 1943 782 2014 iam
807 1941 960 2014 firmiore
986 1942 1174 2039 praesidio
1202 1946 1279 2018 vim
1304 1943 1416 2043 propul-

198 2068 356 2149 saturus,
384 2058 414 2131 si
440 2055 518 2152 quis
544 2055 699 2127 inferret.
752 2051 901 2126 Postera
928 2050 984 2123 die
1009 2053 1168 2151 indigna
1195 2081 1256 2129 res
1282 2053 1436 2130 Mecedol

197 2168 302 2241 nibus
330 2166 530 2255 videbatur,
556 2163 763 2238 Perdiccam
788 2161 834 2234 ad
859 2163 984 2235 montis
1010 2165 1221 2261 periculum
1241 2167 1417 2253 adductam,

199 2289 235 2350 et
259 2276 429 2374 Meleagri
454 2275 692 2349 temeritatem
717 2272 823 2346 armis
853 2273 969 2345 ultum
994 2273 1047 2347 ire
1075 2275 1329 2353 decreverant
1372 2275 1437 2348 Aee

199 2413 268 2485 que
293 2389 352 2461 ille
378 2385 552 2460 seditione
578 2385 737 2483 provisa,
771 2407 851 2456 cum
876 2408 997 2480 regem
1029 2383 1191 2478 adisset,
1226 2389 1418 2486 interrogare

233 2634 298 2706 Cap.
317 2642 361 2718 25,
378 2641 403 2705 5.
422 2643 446 2690 1.
478 2638 518 2690 ius
535 2637 661 2758 impera}
675 2634 800 2717 Plerique
834 2639 897 2687 ante
913 2632 1033 2688 Modium
1056 2637 1240 2710 confirmare,
1265 2642 1312 2696 sed
1331 2634 1420 2693 videri

198 2705 273 2759 codd.
291 2706 333 2759 lua
351 2706 501 2776 emperiam,
525 2705 637 2760 Flora]
661 2704 675 2757 1
692 2722 734 2757 aas
752 2722 800 2756 rm·
833 2701 878 2755 lib.
895 2715 924 2768 V,
943 2709 985 2768 20,
1005 2709 1029 2757 8.

192 2775 359 2843 pariumque,
385 2791 452 2827 unus
474 2773 547 2826 Flor.
571 2772 597 2827 G
623 2774 664 2826 ius
686 2773 798 2841 imperii,
867 2777 889 2838 §-
911 2775 935 2822 5.
968 2772 1082 2826 Postera
1111 2777 1157 2828 die
1185 2795 1282 2832 omnes
1308 2777 1339 2831 ed
1361 2789 1420 2828 unm

199 2843 270 2914 qnod
287 2841 337 2895 iam
355 2842 475 2915 princeps
493 2841 580 2895 editor
597 2840 683 2907 dedit,
705 2856 737 2893 ae
754 2856 800 2893 ne·
833 2856 906 2906 msa,
954 2839 1071 2894 editores
1113 2843 1223 2899 Aldum
1269 2845 1349 2901 secuti
1383 2858 1421 2963 ὦ

197 2927 269 2964 cesse
295 2918 343 2965 est.
387 2910 432 2965 Sic
456 2909 526 2962 infra
542 2927 563 2963 o
582 2916 629 2975 30,
656 2915 673 2962 4
698 2910 801 2977 inperii
833 2917 901 2961 atero
924 2908 1018 2960 eodem
1036 2926 1176 2965 consensu
1197 2917 1350 2984 probarunt

198 2982 240 3032 ias
264 2979 383 3032 obtinere.
418 2978 488 3031 Item
513 2985 574 3049 post
599 2976 717 3047 plerique
738 2975 800 3029 libri
828 2985 936 3044 postera
946 2977 987 3029 die
996 2975 1076 3030 etiam
1085 2992 1131 3045 w,
1144 2986 1180 3034 14
1219 3001 1243 3036 r.
1261 2990 1291 3036 et
1306 2983 1421 3047 ΝΜΟ.

198 3065 230 3100 ne
248 3065 345 3117 occup,
363 3056 420 3101 tum
436 3065 485 3118 pm
502 3064 544 3100 ree
561 3055 715 3124 novaturum
731 3044 800 3098 inte·
835 3111 841 3124 ι
868 3047 891 3109 §-
911 3049 945 3123 ‚⁰2
986 3045 1073 3114 Atque
1098 3049 1146 3101 ille
1241 3067 1257 3103 e
1386 3042 1421 3099 nid

198 3115 298 3186 griores
310 3134 352 3170 rea
371 3124 530 3182 aovatorum,
548 3113 702 3183 interpolati
712 3130 800 3165 reram
834 3110 919 3164 mtelh
947 3129 969 3177 s,
981 3113 1028 3165 sed
1038 3113 1063 3165 ei
1076 3113 1119 3167 rei
1134 3134 1152 3169 o
1175 3118 1291 3172 starevi
1309 3110 1422 3186 eturqwl

198 3201 336 3238 novaram:
362 3184 399 3238 sie
415 3183 497 3254 igitur
513 3182 593 3236 etiam
610 3181 739 3235 editiones
755 3197 801 3234 ve·
834 3186 895 3250 post
919 3129 971 3249 {gn
1408 3246 1413 3260 .

198 3261 278 3318 teres,
296 3252 497 3307 donecModiue
514 3259 542 3304 et
559 3253 587 3303 ni
604 3261 630 3302 et
647 3260 800 3304 novaturum
835 3249 924 3301 debere
945 3251 1100 3304 tumultuari
1128 3269 1182 3306 eoa.
1223 3254 1290 3310 Hoc
1310 3253 1383 3325 igitur
1398 3264 1423 3302 U

199 3321 355 3373 emendavit.
834 3315 1060 3386 interpretandum
1077 3325 1110 3372 ut
1129 3319 1276 3394 Meleager
1296 3338 1377 3377 coram
1389 3315 1423 3371 ui

234 3390 257 3466 ξ.
276 3395 300 3440 3.
328 3390 468 3468 tredecim]
495 3387 599 3440 EFlor.
617 3384 733 3465 nihilab
751 3385 800 3438 hac
834 3383 924 3436 litibus
933 3401 1021 3464 regem
1035 3385 1227 3467 interrogarit,
1247 3408 1326 3472 qum
1340 3389 1423 3470 oborn·

198 3454 801 3592 tnlttttlttttttttattttl
834 3460 1304 3593 ttdtttt‘ntlttatttt‘
1311 3460 1424 3598 ,lt't

198 3597 257 3657 tur;
275 3599 303 3645 at
320 3592 400 3646 Bern.
419 3592 443 3644 A
459 3600 489 3651 et
506 3591 581 3644 Leid.
598 3590 675 3643 Voss.
695 3597 707 3642 1
727 3592 800 3643 sede·
834 3597 900 3655 ctor,
918 3587 945 3640 id
993 3588 1315 3663 rspicuitatidatumest,
1330 3609 1368 3657 ns,
1381 3604 1424 3644 αι

199 3661 248 3738 cim
265 3660 373 3728 habent,
391 3668 422 3714 ut
439 3659 559 3713 dubitem
576 3676 610 3712 an
627 3658 671 3728 qui
688 3657 801 3736 Floren·
835 3657 919 3726 ipsias
944 3605 1070 3724 (dibeat,
1102 3660 1142 3712 ad
1172 3678 1266 3783 qimam
1295 3661 1425 3734 retentatum¹

198 3729 358 3784 tmoslibros
367 3727 691 3796 contulitremtamqnam
704 3725 801 3778 nullnus
836 3732 908 3779 certe
924 3731 980 3778 tum
997 3724 1155 3781 addendum
1186 3729 1302 3785 nisseti
1336 3731 1343 3743 '
1372 3740 1425 3795 ,qn

198 3798 326 3851 momenti
350 3796 474 3852 omiserit.
514 3796 664 3864 Utrumque
687 3795 802 3864 probum
835 3794 1013 3862 interrogaret.
1039 3791 1163 3849 Temere
1175 3796 1265 3867 igitur
1304 3790 1425 3862 odiuessd

198 3863 318 3933 videtur,
349 3867 395 3919 sed
425 3865 537 3917 sedecim
561 3861 711 3915 Priscianus
740 3879 800 3932 pag.
854 3860 879 3914 ui
904 3862 985 3930 ebrius
1011 3860 1165 3932 corrigeret
1181 3882 1237 3935 pro
1262 3882 1296 3921 eo
1319 3863 1381 3936 quod
1396 3862 1425 3913 d

201 3938 265 3987 18⁵1
294 3942 322 3988 et
348 3936 404 3987 fere
425 3931 488 3986 libri
512 3937 634 3985 accurate
664 3929 728 3983 editi
755 3946 801 3983 ex·
868 3930 974 3999 cleaqri,
991 3935 1093 3982 temere
1106 3931 1195 3986 etiam
1208 3933 1252 3987 illi
1265 3933 1313 4016 qui
1324 3928 1425 4007 plurtlfl

198 3999 299 4055 hibent.
326 4001 362 4055 Η.
371 4003 389 4055 l.
406 4008 496 4054 tamen
505 4017 558 4054 nna
566 3997 676 4052 Iuniana
684 3999 801 4052 sedecim.
835 4014 972 4050 numerum
987 3995 1128 4052 efficerent
1156 4002 1249 4072 Atque
1276 4003 1358 4056 utti—
1371 3999 1425 4050 aaa

234 4080 359 4138 compotes
374 4070 513 4139 superent]
552 4066 658 4122 Modius
677 4067 802 4186 §egerim
835 4075 892 4119 seat
908 4096 942 4104 -
959 4079 1077 4144 perpere,
1100 4068 1289 4145 (quamquam
1309 4070 1368 4124 baeu
1411 4060 1417 4072 '

198 4136 297 4203 edidit,
318 4139 392 4208 quod
407 4146 449 4191 eat
471 4137 498 4190 in
515 4137 586 4191 Flor.
604 4133 657 4189 AG
703 4150 759 4188 ern.
776 4134 801 4186 A
836 4135 896 4187 dem
920 4139 986 4185 ratio
1010 4147 1064 4184 nam
1081 4132 1151 4187 olim
1170 4146 1272 4208 coepta
1287 4135 1368 4192 mein
1420 4164 1425 4178 ·

198 4220 250 4259 nee
266 4212 356 4259 tamen
372 4205 436 4259 satis
452 4205 549 4276 placet.
837 4200 863 4256 G
879 4200 923 4272 qui
937 4201 1050 4281 odissent
1063 4208 1094 4254 et
1104 4206 1355 4273 cowerunthabot)
1367 4212 1425 4275 qv!

234 4275 258 4340 §-
276 4279 301 4326 4.
315 4291 413 4353 pueros
432 4291 508 4344 equos
526 4274 604 4328 iussit
621 4272 801 4338 coascendere]
836 4276 1024 4325 correctionem
1049 4285 1127 4351 nova
1152 4272 1312 4329 coniectura
1327 4280 1360 4351 'ut
1375 4267 1425 4322 οὐ

199 4340 340 4395 Miraberis
357 4341 472 4396 BermA
489 4343 559 4397 Flor.
576 4340 627 4393 AB
644 4339 717 4392 Leid.
727 4340 803 4392 Voss.
837 4340 904 4393 tione
920 4338 1058 4406 professa¹
1072 4338 1251 4397 scriberetur
1275 4359 1325 4414 pro
1339 4346 1425 4411 W

202 4415 215 4463 1
233 4410 324 4479 pueris
342 4408 500 4482 scripturam
520 4417 641 4466 veterum
658 4406 803 4464 editionum
836 4406 960 4462 adiuvare
976 4404 1122 4474 temptavit
1139 4408 1294 4467 sonaim

972 3188 1016 3233 tur
1031 3182 1175 3254 Meleagri
1198 3188 1325 3241 ituraea
1347 3192 1372 3238 et
1386 3197 1422 3234 w
