2926 5174
402 316 451 367 na
477 316 603 369 euerrs
628 316 738 369 Anax.
764 320 815 388 m,
841 317 885 371 eo.
1230 304 1281 375 49

10 530 35 578 n
112 501 200 574 Rex
232 498 403 596 quidem,
429 500 588 574 Dareum
606 501 855 598 persequendo
881 503 1062 601 fatigatus,
1088 511 1332 602 postquam30

31 625 57 690 et
76 638 147 687 nox
175 611 407 709 appetebat,
434 622 472 687 et
497 611 739 708 consequendi
764 638 847 711 spes
873 639 948 687 non
974 623 1061 704 erat,
1092 615 1131 688 in
1162 628 1281 691 eastra

10 727 114 824 apaulo
141 731 238 796 ante
269 747 295 794 a
325 723 403 795 suis
435 733 541 821 capta
574 724 748 821 pervenit.
800 722 950 798 Invitari
981 724 1110 800 deinde
1137 728 1281 819 amieos,

30 837 136 932 quibus
162 831 347 906 maxime
375 844 594 925 assueverat,
625 834 737 925 iussit,
764 835 894 933 quippe
924 861 1064 910 summa
1089 836 1282 912 dumtaxat

30 948 100 1021 eutis
123 947 163 1020 in
189 945 347 1019 femine
375 946 566 1042 perstricta
599 971 673 1019 non
707 946 922 1044 prohibebat
954 948 1128 1022 interesse
1160 949 1279 1022 convi-

10 1060 87 1131 rrio:
115 1083 201 1131 cum
232 1066 403 1154 repente
430 1082 450 1130 e
475 1057 642 1154 proximo
675 1057 908 1130 tabemaoulo
939 1059 1099 1155 lugubris
1134 1061 1278 1149 clamor,

29 1169 162 1242 barbaro
188 1170 356 1242 ululatu
383 1171 601 1268 planctuque
625 1169 835 1265 permixtus,
862 1169 1047 1264 epulantes
1073 1171 1278 1242 oonterruit.

33 1277 151 1353 Cohors
176 1305 354 1377 quoque,
384 1306 476 1377 quae
502 1279 706 1351 excubabat
730 1278 778 1351 ad
804 1279 1074 1353 tabernaculum
1091 1280 1196 1377 regis,
1219 1306 1279 1353 ve·

37 1391 99 1480 rita,
121 1417 163 1466 ne
185 1392 356 1464 maioris
384 1403 504 1464 motus
529 1390 742 1488 principium
767 1399 873 1480 esset,
908 1412 1047 1464 armare
1081 1415 1119 1463 se
1153 1414 1278 1488 coepe·-

16 1511 87 1572 4ral.
132 1499 255 1576 (lausa
287 1501 412 1576 subiti
436 1501 580 1598 pavoris
606 1501 683 1591 fuit,
718 1499 815 1597 quod
840 1511 956 1574 mater
982 1527 1145 1598 uxorque
1170 1499 1280 1575 Darei

38 1637 94 1684 cum
115 1615 281 1713 captivis
315 1611 503 1685 nobilibus
528 1636 661 1708 regem,
701 1638 807 1709 quem
837 1612 1066 1685 interfectum
1100 1638 1179 1686 esse
1206 1636 1278 1684 cre·

34 1820 120 1894 rtlnune
146 1814 276 1896 legitur:
310 1811 396 1892 Leid.
420 1815 458 1865 ad
478 1821 643 1932 ¹quotuorMet
677 1811 757 1875 Quod
770 1811 1279 1932 praetereavulgoediturposteoquom

32 1881 646 2006 dt⁹tlt³ldttttltfitatltct
677 1887 802 2001 {teet
815 1879 1279 2015 terraemetus:

31 2019 95 2073 ederet
118 2025 159 2075 ad
186 2030 273 2092 quat.
305 2028 334 2071 et
362 2019 515 2088 quissent&
542 2017 589 2070 sed
615 2016 642 2068 in
678 2017 707 2068 (li
723 2015 822 2086 primus
840 2015 950 2067 dederat
971 2013 1065 2080 Aldus,
1088 2031 1150 2067 nam
1173 2015 1213 2066 ed.
1238 2032 1278 2084 pr.

31 2102 110 2143 nmero
127 2098 189 2143 tam
209 2099 359 2144 aoeurate
378 2085 487 2151 definito
504 2103 558 2138 non
575 2092 643 2155 puto
677 2085 832 2152 insequendi
848 2093 942 2137 oontra
958 2084 1033 2136 oodd.
1051 2085 1140 2136 habet.
1168 2118 1171 2123 -

32 2153 91 2212 lorum
112 2160 222 2213 habere
248 2154 430 2210 vocabulum
450 2158 494 2207 od.
530 2154 601 2206 Tum
625 2171 643 2206 a
712 2155 735 2220 §.
759 2159 783 2206 2.
818 2154 847 2204 in
860 2152 976 2222 femine]
1003 2151 1190 2232 Antiquiorem
1211 2149 1279 2203 hano

29 2237 82 2292 perte
102 2229 185 2281 Alex.
217 2241 330 2281 omnes
360 2221 424 2276 libri
457 2240 516 2274 mss.
543 2222 644 2275 habent
677 2220 748 2273 voris
766 2221 878 2274 formam
895 2236 929 2272 ex
945 2220 1010 2273 meis
1030 2220 1113 2287 libus,
1137 2219 1207 2272 Flor.
1225 2217 1278 2272 AD

32 2310 76 2415 ἢ
76 2313 101 2416 po
117 2297 280 2417 quotqgshtd
281 2293 359 2415 jped
346 2290 429 2344 editis
442 2309 473 2342 es
478 2299 557 2360 porte
567 2293 642 2342 Alex.
676 2288 767 2410 Effil
788 2287 923 2410 Ilbeiilnel'm
951 2297 1078 2410 itrffie’
1089 2296 1134 2410 Fet
1156 2305 1191 2341 ex
1206 2286 1279 2408 Fellim

86 2383 167 2418 uman
359 2376 443 2412 onum
451 2376 586 2413 caesorum
595 2375 643 2410 nu·
676 2376 708 2411 oo
758 2376 779 2410 rs
856 2397 862 2410 .
899 2375 949 2410 oss.
985 2375 1000 2409 e
1057 2397 1063 2410 .
1114 2374 1197 2410 emore
1240 2374 1278 2409 or.

31 2448 104 2486 nerum
120 2434 275 2488 Diodorus
296 2443 388 2494 xvn,
406 2435 439 2482 36
461 2428 544 2480 tradit
564 2427 644 2480 fnisse
678 2426 700 2478 B
719 2443 754 2478 ex
770 2425 933 2480 eorrectione
950 2426 1048 2479 librarii
1066 2425 1201 2495 oeterique
1217 2442 1278 2477 mss.

33 2501 203 2569 elementor,
225 2498 368 2554 Iustinus
386 2511 428 2562 xl,
447 2503 461 2550 9
480 2495 644 2549 eentumtri-
677 2494 737 2548 libri
760 2493 904 2548 deteriores
930 2503 959 2547 et
985 2494 1050 2547 editi
1075 2502 1182 2565 praeter
1204 2493 1278 2546 Mod.

45 2567 92 2637 'ta
107 2571 250 2624 Arrianus
270 2583 313 2631 11,
337 2572 375 2618 10
393 2563 422 2617 in
438 2565 563 2618 conflictu
579 2564 644 2634 pha·
677 2563 784 2616 habent.
819 2563 919 2616 Eadem
948 2566 1003 2615 lere
1020 2579 1062 2616 res
1079 2570 1121 2616 est
1138 2577 1180 2629 vr,
1201 2569 1213 2613 1
1233 2560 1279 2615 ubi

32 2585 95 2707 digis
109 2659 170 2692 cum
189 2636 321 2692 Graecis
340 2632 511 2686 meroenariis
520 2634 575 2686 lere
583 2649 644 2685 oen·
677 2631 727 2684 suit
734 2634 843 2702 femora
862 2633 995 2701 perfosso,
1023 2649 1069 2684 nos
1086 2632 1193 2700 femina
1215 2647 1279 2698 per-

34 2712 76 2758 tun
88 2708 181 2779 viginti
201 2713 274 2763 τῶν
297 2701 359 2757 οὐκ
378 2699 563 2769 ἠμελημένων
580 2706 643 2752 Μα-
668 2702 750 2770 fossa
768 2699 895 2752 dedimus.
930 2698 984 2752 Sed
1006 2700 1062 2753 sine
1076 2699 1133 2752 ulla
1150 2697 1280 2750 varietate

34 2772 140 2829 arddvov
170 2775 315 2831 eeeidisse
346 2771 442 2824 relert.
477 2771 567 2850 Atque
593 2770 644 2822 hoo
678 2783 743 2834 vm,
762 2775 796 2822 35
823 2766 1015 2838 Iovisyemirre
1037 2769 1160 2821 Liberum
1174 2776 1280 2835 patrem

35 2845 166 2899 aoerrimnm
192 2840 347 2917 pedestris
382 2838 476 2908 proelii
504 2837 644 2891 discrimen
678 2855 733 2891 esee
760 2841 870 2891 celatum
897 2834 1003 2905 legitur.
1046 2835 1183 2890 Prosarios
1209 2831 1280 2885 enim

38 2913 83 2964 luit.
100 2913 191 2984 Itaque
209 2914 234 2968 si
254 2910 340 2983 apud
361 2914 484 2960 nostrum
500 2906 644 2964 eorrexerit
677 2905 792 2976 optimae
813 2903 909 2958 aetatis
932 2904 1072 2975 scriptores
1098 2905 1132 2956 ab
1153 2919 1185 2956 eo
1209 2900 1280 2971 quod

39 2985 125 3034 trecenti
144 3001 194 3052 pro
220 2982 364 3051 eripiam,
394 2991 455 3027 eum
481 2994 535 3029 non
560 2975 644 3028 solum
678 2977 820 3043 estfemur
838 2971 934 3024 dixisse
951 2972 1038 3040 potius
1046 2973 1169 3041 seminis,
1178 2969 1280 3039 femini

42 3063 90 3099 cem
106 3049 220 3104 Diodoro
247 3050 304 3103 sed
334 3046 455 3098 fortasse
479 3044 559 3097 etiam
585 3061 645 3097 oum
678 3041 724 3095 rel.
751 3059 830 3111 quam
841 3041 968 3120 femoris,
1008 3041 1088 3092 emori
1111 3045 1222 3102 eonatat,
1248 3042 1280 3113 ut

44 3115 141 3168 veritate
157 3121 377 3173 oonoordantem
404 3112 555 3166 reddideris.
591 3111 645 3164 Sed
698 3111 751 3163 uod
768 3127 821 3162 uno
839 3127 867 3161 111
893 3106 951 3160 loco
994 3105 1103 3160 iceronis
1133 3104 1177 3157 lib.
1195 3117 1227 3154 1v
1244 3120 1281 3182 'm

46 3200 98 3235 uum
113 3201 144 3236 ex
159 3185 234 3256 ipsius
245 3180 412 3246 sententia,
430 3197 587 3252 magnopere
596 3182 645 3232 du·
678 3129 756 3232 lem.
774 3185 806 3232 43
816 3179 921 3247 femore
943 3173 1105 3229 restituerim
1122 3188 1200 3226 eausa
1217 3171 1282 3223 mun

46 3250 98 3304 bito.
112 3253 176 3307 Nam
192 3256 333 3327 exiguum
353 3249 433 3303 illum
450 3266 586 3303 numerum
603 3250 645 3301 fu·
678 3246 752 3318 quasi
769 3244 849 3299 fuerit
871 3243 989 3297 dicenda
1008 3243 1050 3298 cf.
1068 3259 1136 3314 quae
1150 3238 1281 3295 Gronovi-

42 3318 141 3376 menon
157 3325 242 3378 solum
259 3323 313 3394 epi
335 3321 483 3372 honemate
505 3317 644 3387 significat,
678 3324 747 3369 uset
756 3313 955 3367 Drakenborch.
973 3312 1008 3366 ad
1024 3311 1082 3365 Liv.
1095 3325 1167 3377 m,
1187 3313 1229 3375 18,
1249 3313 1280 3362 13

40 3390 76 3442 ad
97 3391 171 3446 etiam
200 3341 351 3448 voeabulo
381 3388 485 3439 omnino
510 3385 644 3456 exprimit,
680 3403 733 3438 non
745 3385 910 3436 immemores
929 3381 1015 3435 Curtii
1033 3385 1202 3434 annotarunt.

39 3459 94 3526 quod
108 3479 216 3517 numero
241 3453 440 3532 postpositum
460 3454 530 3508 idem
547 3453 646 3524 signifi·
714 3456 737 3521 §.
756 3459 781 3506 3.
815 3451 973 3521 permistus]
1008 3449 1081 3504 Edit.
1107 3446 1227 3502 Freinsh.
1254 3451 1283 3498 et

38 3532 149 3598 estquod
166 3539 294 3596 tantum,
315 3533 354 3579 ut
374 3537 418 3589 IV,
427 3530 458 3576 41
478 3524 646 3576 semelmuni·
680 3520 761 3574 Snalr.
775 3521 919 3590 pertristes
936 3518 1013 3587 male,
1037 3536 1098 3570 nam
1115 3517 1191 3572 oodd.
1208 3520 1283 3568 vere

37 3612 62 3647 uo
75 3615 124 3652 eam
141 3602 261 3666 viderat,
282 3611 333 3662 Ν,
351 3599 385 3646 13
406 3593 455 3644 trie
472 3594 584 3658 omuino,
604 3605 645 3658 Π,
679 3606 721 3642 rea
739 3598 767 3642 et
786 3588 870 3642 nostri
888 3587 994 3658 quidem
1015 3604 1076 3639 mss.
1099 3602 1190 3640 omnes
1206 3599 1283 3654 prae-

37 3669 61 3716 is·
76 3678 193 3734 qaauaor
211 3668 344 3722 omnino.
679 3658 723 3710 te'r
744 3658 816 3711 Flor.
836 3656 882 3711 CF
905 3656 932 3709 in
954 3656 1086 3727 scriptura
1106 3664 1135 3709 st
1152 3649 1283 3708 consenti-

64 3733 117 3806 Cap.
138 3745 183 3806 30,
214 3740 241 3806 ξ.
263 3743 291 3789 1.
334 3747 387 3783 rea
406 3730 508 3798 quidem
524 3759 560 3771 —
573 3738 647 3798 post·
680 3725 974 3794 antoninianae
995 3725 1050 3777 ulle
1071 3718 1284 3799 varietatelegi3

38 3817 97 3867 quom
115 3817 139 3859 et
164 3825 223 3860 nox
242 3823 263 3857 α
325 3794 401 3853 rebar
425 3807 449 3850 et
474 3798 648 3866 consequendi
681 3803 772 3862 turv‚
792 3802 833 3859 15,
852 3801 954 3861 20.1x‚
973 3801 1016 3860 34,
1036 3800 1059 3845 7.
1094 3791 1169 3844 Idem
1191 3793 1286 3840 testae

37 3886 81 3937 uper
95 3893 144 3928 non
162 3876 240 3946 erat]
326 3866 368 3920 ‘di
391 3865 463 3936 quod
483 3865 512 3919 in
528 3865 649 3920 omnibus
682 3871 746 3916 sunt
768 3862 869 3916 Pierius
894 3862 929 3914 de
954 3860 1067 3932 Vergilii
1088 3858 1228 3919 codicibus,
1256 3859 1286 3905 et

37 3939 147 3998 tuditibus
165 3952 222 4011 est,
244 3941 278 3995 in
298 3939 359 3992 hoo
376 3952 431 3988 uno
448 3951 525 3988 ausus
539 3933 648 4004 aliquid,
683 3932 846 3985 Schwarzius
864 3931 898 3983 ad
914 3930 994 3983 Plinii
1012 3945 1138 4000 panegyr.
1156 3931 1188 3978 32
1203 3927 1283 3988 etet,

37 4002 295 4075 quodlleinsiumex
309 4001 649 4077 parteseoutusdeoonie-
683 4000 736 4054 vid.
753 3998 868 4054 Harlesii
886 3998 1013 4080 Orthogr.
1031 4015 1056 4067 p.
1074 4001 1134 4049 290.
1187 4025 1189 4031 ·

37 4083 94 4132 (tura
142 4084 218 4136 idem
236 4073 348 4146 scripsi
376 4088 426 4192 pro
448 4074 493 4140 qui
516 4074 569 4126 dia.
605 4070 650 4124 Sic
719 4073 741 4138 §.
761 4077 786 4123 4.
804 4085 886 4122 cansa
904 4069 984 4120 satia
998 4064 1120 4145 peeoris]
1138 4057 1228 4127 Vulgo
1232 4075 1285 4178 pu

37 4145 89 4199 enim
125 4169 184 4205 em.
204 4157 356 4216 uterque,
401 4138 497 4192 eidxet
513 4141 584 4195 Flor.
603 4157 650 4192 sex
683 4140 754 4191 voris
771 4139 851 4191 subiti
867 4135 972 4188 inverso
989 4134 1092 4187 ordine:
1110 4135 1229 4210 nostrum
1256 4144 1284 4179 a·

38 4208 138 4289 interque
154 4238 205 4274 eos
225 4218 292 4271 duo
312 4206 512 4278 antiquissimu
538 4210 615 4263 Voss.
635 4216 647 4261 1
684 4208 749 4259 bent
767 4208 847 4260 Bem.
865 4205 892 4256 A
908 4203 980 4256 Flor.
998 4197 1109 4265 ABCG‚
1128 4208 1229 4250 timores
1242 4213 1286 4248 ea·

38 4284 130 4346 tuor.
157 4287 232 4342 DFI
262 4277 451 4349 aliquamdiu
475 4277 545 4329 haud
572 4275 651 4330 dubie
686 4278 733 4328 diti
750 4273 872 4328 Bern.B
897 4271 969 4324 Flor.
986 4268 1039 4322 ΕΗ
1056 4267 1168 4345 νοω.

39 4359 246 4413 &sermone
292 4346 433 4404 Editor-es
457 4353 504 4398 aut
512 4348 649 4416 fotipatnr
719 4362 776 4397 cum
794 4336 1057 4414 captivisnobilt'bue]
1076 4336 1194 4388 Additur
1205 4329 1287 4400 vulgo

38 4430 80 4472 erat
104 4427 300 4483 ool-rexerunt
343 4419 398 4467 aut
424 4413 468 4481 qui
498 4414 648 4468 omiserunt.
684 4414 837 4467 mulieribus
858 4408 914 4463 sine
940 4404 995 4458 ulla
1019 4403 1147 4457 librorum
1163 4415 1224 4452 mss.
1242 4415 1288 4452 au·

1065 4493 1084 4542 4
