2926 5174
405 298 454 348 uu
481 296 607 350 susus
633 297 742 349 mex.
769 297 846 367 vm,
873 295 916 350 es.
1202 282 1275 355 391

91 509 133 559 res
173 482 312 557 relaturi
347 481 422 557 sint.
486 478 580 564 (luae
620 495 728 555 tamen
768 482 880 556 omnio
920 464 1056 558 tolerare
1094 486 1274 584 potuimus,

91 608 215 695 equum
240 619 299 668 nos
324 594 473 669 barbaris
493 595 637 686 dederes,
656 607 685 667 et
702 620 785 668 novo
805 619 894 668 more
917 597 1052 670 victores
1074 599 1134 670 suli
1160 597 1277 696 iuqum

91 719 190 780 teres.
248 705 431 779 Persarum
468 718 497 778 te
532 704 630 778 vestis
672 717 703 777 et
741 705 921 803 disciplina
961 706 1110 798 delectat,
1145 708 1278 806 patrios

90 840 145 890 res
170 841 288 890 enosus
313 841 357 889 es.
409 818 593 892 Persarum
619 841 711 915 erpo,
737 842 803 890 non
829 816 1068 908 Macedonum,
1093 843 1204 918 reqem
1231 843 1279 892 oo-

91 927 147 1000 'ere
172 929 349 1018 noluimus,
380 941 410 1002 et
434 943 463 1003 te
488 931 698 1028 trunsfvpam
724 927 798 1000 belli
828 930 900 1000 iure
920 929 1165 1026 persequimur.
1225 928 1280 1002 Tu

91 1039 249 1125 nemum,
267 1038 400 1112 voluisti
420 1064 532 1140 penna
558 1038 616 1110 tibi
640 1062 775 1136 ponere,
806 1037 1021 1136 venerarique
1047 1051 1075 1111 te
1101 1053 1137 1112 ut
1162 1041 1279 1113 deum:

96 1149 295 1248 Philippum
315 1163 448 1247 patrem
475 1148 660 1239 aversaris,
693 1161 723 1221 et
746 1148 779 1222 si
803 1149 879 1246 quis
904 1149 1042 1222 deorum
1068 1150 1279 1224 antedonem

91 1262 224 1351 ieretnr,
252 1260 433 1363 fastidires
459 1260 558 1333 etium
582 1258 704 1333 Iovem.
757 1259 920 1349 Miraris,
954 1259 987 1332 si
1011 1260 1106 1334 liberi
1129 1261 1277 1336 domines

91 1372 228 1444 serbiam
259 1384 352 1443 tuam
374 1375 470 1472 ferre
501 1395 567 1443 non
592 1369 800 1467 possumus?
856 1365 948 1452 Quid
972 1395 1148 1468 speremus
1174 1397 1215 1444 ev
1241 1384 1278 1461 te,

91 1481 158 1595 pris
183 1495 241 1578 aut
266 1483 446 1556 insontibus
472 1480 680 1554 moriendum
705 1494 766 1572 est,
804 1494 876 1572 aut,
909 1481 998 1579 quod
1027 1482 1153 1557 tristius
1179 1495 1281 1557 morte

91 1614 98 1684 ·,
136 1593 173 1665 in
208 1594 361 1667 servitute
391 1589 596 1668 vivendum?
653 1593 709 1666 Tu
734 1593 881 1694 quidem,
918 1592 951 1665 si
980 1593 1153 1667 emendari
1177 1605 1281 1693 potes,

91 1705 178 1778 titum
204 1703 289 1776 milii
314 1703 417 1778 debes.
469 1702 604 1776 Eume
630 1704 718 1776 enim
743 1704 827 1776 scire
853 1703 1000 1802 coepisti,
1033 1703 1115 1802 quid
1145 1705 1282 1804 inpenvi

91 1815 184 1889 mines
205 1818 303 1915 ferre
334 1839 402 1887 non
427 1814 568 1913 possint.
620 1812 678 1887 De
708 1827 809 1887 cetero
834 1840 956 1913 parce,
996 1840 1136 1914 quorum
1168 1817 1281 1889 orbam

91 1938 230 1999 numam
256 1926 430 2023 suppliciis
454 1951 495 1999 ne
521 1923 728 1998 oneraveris:
758 1950 820 1999 nos
845 1926 918 1998 iube
943 1925 1029 2016 duci,
1056 1937 1100 2016 ut,
1127 1925 1217 2024 quod
1240 1950 1281 1997 en

91 2049 216 2109 tmorte
230 2040 445 2134 petieramus,
467 2060 706 2133 consequemur
723 2061 764 2108 en
782 2049 904 2109 nostra.
940 2032 1040 2108 Haec
1052 2033 1277 2109 Hermolaus.

143 2145 194 2218 At
221 2171 308 2219 rex:
350 2143 460 2228 Quam
482 2146 580 2248 folsa
610 2146 692 2237 sint,
730 2147 860 2243 inquit,
900 2171 984 2244 quae
1015 2146 1074 2249 iste
1106 2147 1230 2221 traditi
1256 2171 1279 2218 o
1299 2133 1348 2219 2'6

91 2257 200 2355 tprstro
232 2282 292 2330 suo
323 2257 423 2349 divit,
457 2256 622 2357 patientia
653 2283 727 2331 mea
759 2258 904 2331 ostendit.
960 2254 1157 2357 Confessum
1192 2259 1281 2331 enim

91 2368 193 2442 imum
216 2369 372 2469 facinus,
399 2381 508 2442 tamen
532 2392 599 2441 non
623 2368 729 2442 solum
756 2367 904 2467 [undivi‚
929 2367 990 2442 sed
1014 2367 1064 2466 ut]
1092 2370 1161 2468 ipsi
1186 2369 1282 2442 audi·

91 2478 135 2570 is,
174 2480 338 2578 eapressi,
372 2505 438 2554 non
463 2479 677 2590 impmedens3
709 2504 786 2553 eum
805 2480 1035 2578 permisissem
1062 2481 1183 2555 latroni
1206 2479 1282 2554 lenio

91 2698 103 2757 i.
126 2700 166 2748 15.
206 2697 272 2767 quid
296 2727 330 2736 -
350 2698 427 2766 ferre
453 2715 505 2750 non
526 2697 642 2767 possint]
678 2713 710 2749 ne
727 2714 817 2764 onera,
835 2696 1013 2750 construxisse
1031 2703 1120 2750 nutem
1137 2713 1282 2768 pronomen

91 2769 141 2815 unet
158 2764 280 2817 adversus
297 2765 526 2834 grammaticorum
538 2765 643 2834 regulus
678 2761 815 2817 relativum
832 2765 878 2831 sic,
906 2766 946 2818 uti
964 2765 1096 2837 cumipse
1114 2764 1282 2818 coniunctivo

91 2829 118 2882 vd
130 2832 207 2902 vulgo
222 2832 310 2885 editur
324 2837 434 2905 quod—
444 2844 567 2903 possunt,
582 2851 644 2886 num
678 2832 755 2886 solet.
791 2832 909 2887 Clericus
930 2833 958 2886 in
981 2833 1038 2885 lud.
1061 2835 1095 2886 de
1118 2833 1194 2888 Curt.
1212 2851 1234 2886 c.
1250 2839 1282 2886 to

91 2913 106 2948 u
117 2899 217 2969 quidem
230 2918 296 2968 rem,
310 2920 387 2972 quem
396 2902 558 2955 Macedones
573 2901 643 2979 serug
677 2919 726 3022 pro
734 2918 818 2970 parce
832 2919 939 2970 quorum
949 2900 1029 2954 scribi
1038 2901 1122 2954 voluit
1126 2911 1280 3021 parentum,

91 2981 105 3016 n
157 2976 249 3022 terant.
268 2971 284 3023 i.
294 2987 316 3022 e.
333 2970 490 3041 peregrinos
507 2985 594 3023 mores
613 2987 644 3022 ee
699 2969 827 3023 nhefferus
845 2987 897 3038 per
915 2980 938 3023 te
955 2972 1054 3022 torum.
1090 2969 1125 3022 Se
1161 2969 1200 3022 his
1218 2985 1281 3039 epu-

91 2985 210 3103 milam,
241 3038 326 3093 noluit
352 3039 509 3092 Hermolaus
540 3037 643 3091 discere
677 3036 709 3090 lis
727 3055 778 3090 non
795 3045 864 3091 utor.

91 3105 230 3158 exundrum.
282 3109 352 3169 Quid
380 3119 421 3160 est
451 3108 480 3160 in
509 3107 643 3186 plerisque
712 3104 777 3175 Cup.
793 3113 836 3173 26,
855 3109 878 3174 §.
892 3112 917 3158 2.
952 3115 981 3159 ut
1002 3107 1055 3175 ipsi
1076 3107 1214 3172 audiretis,
1238 3123 1282 3158 ex-

91 3167 130 3291 pits
139 3174 242 3292 neptris,
260 3177 366 3296 pqssint
388 3175 517 3229 invenisse
535 3192 562 3228 se
579 3192 642 3228 scm·
671 3175 773 3244 presse]
800 3174 901 3228 Locum
916 3173 1054 3228 manifesto
1069 3182 1220 3243 corruptum
1234 3181 1282 3226 eut

132 3257 187 3294 na.
212 3262 239 3295 m

304 3243 338 3296 id.
360 3244 437 3297 Voss.
458 3252 469 3296 1
494 3252 523 3296 et
548 3252 589 3297 est
614 3243 642 3295 in
677 3242 799 3295 mutilum
811 3241 923 3309 conexi,
942 3249 972 3296 ut
984 3241 1068 3296 intelli
1089 3241 1198 3313 ‘possit
1216 3242 1281 3295 Mss.

91 3307 173 3360 emensi
190 3310 227 3377 Α,
249 3311 345 3382 reliqui
361 3311 446 3364 nostri
462 3321 574 3380 possunt
595 3311 641 3363 hu·
676 3327 765 3366 omnes
781 3319 809 3364 et
822 3311 905 3381 princ.
915 3312 975 3364 edd.
986 3311 1022 3364 sio
1035 3261 1178 3364 exiluerit:
1197 3320 1282 3364 tamen

91 3378 130 3439 m,
153 3376 227 3431 solito
250 3396 351 3444 errore,
376 3398 433 3451 ,quo
455 3379 537 3450 inseq.
555 3378 642 3500 cppite
676 3397 727 3432 non
745 3381 827 3433 solum
844 3381 896 3460 ipsi
914 3382 1040 3434 ortdiretis
1060 3378 1192 3443 (nonnulli
1209 3396 1282 3432 men-

91 3455 129 3492 tem
141 3445 210 3506 salso
226 3457 286 3499 sunt
303 3466 358 3501 non
375 3448 460 3501 solum
478 3449 557 3501 Bern.
613 3456 641 3501 et
676 3449 739 3501 dose
749 3450 909 3515 audieritis),
919 3449 1004 3502 Aldus
1013 3448 1146 3518 supplevit
1155 3456 1183 3501 et
1193 3464 1282 3501 emen·

91 3509 238 3566 ussum
254 3516 300 3568 sed
318 3515 398 3568 etiam
414 3515 641 3570 FlenAetLeid.
676 3515 749 3568 davit
769 3526 853 3569 tamen
875 3527 902 3570 ut
923 3535 968 3570 vos
987 3535 1100 3588 quoque,
1128 3535 1179 3570 non
1197 3519 1281 3570 solam

91 3572 154 3631 ibent.
678 3585 744 3653 ipse,
762 3586 898 3651 audiretis,
920 3602 1004 3656 enque
1022 3585 1100 3639 lectio
1118 3584 1171 3638 inm
1187 3585 1280 3655 vulgu-

91 3657 172 3725 ΜΘ,
195 3653 313 3773 ᾳιιονιἪ
348 3652 456 3706 Medius
478 3654 517 3705 tis
540 3651 643 3704 eddidit
676 3652 712 3704 ris
730 3653 870 3720 lustrent,
898 3654 948 3707 etsi
972 3653 1041 3706 inest
1064 3653 1164 3725 aliquid
1186 3655 1280 3705 durum

91 3711 125 3762 ¹0⁴1
146 3724 206 3770 rtem
228 3718 256 3771 in
315 3739 353 3774 or.
377 3721 403 3774 G
428 3722 462 3774 ub
488 3728 642 3773 enarratore
677 3727 705 3772 et
719 3728 879 3787 ventulum,
897 3728 927 3775 ut
940 3740 973 3775 ex
988 3722 1073 3776 ultera
1090 3739 1203 3791 persona
1220 3721 1279 3790 plu-

91 3785 245 3854 uesuiptum
262 3797 344 3841 extat.
379 3790 421 3842 Eo
437 3788 542 3859 quidem
559 3787 642 3840 admi·
676 3788 738 3840 ralis
755 3788 841 3869 primu
855 3789 921 3858 sing.
931 3792 965 3843 nd
982 3807 1127 3860 pronomen
1145 3792 1200 3858 ipse
1217 3788 1279 3840 sub-

91 3845 136 3924 c1310
151 3869 200 3906 uon
217 3871 334 3924 egemus,
358 3857 457 3928 quipe
496 3858 547 3910 uod
565 3855 642 3910 facile
675 3855 849 3926 intelligutur.
885 3857 937 3911 Sed
960 3870 1099 3929 praeterea
1126 3856 1205 3910 lcotio
1227 3855 1280 3909 ista
1388 3923 1391 3927 ⁸

91 3908 267 3991 [mulligamus
288 3923 344 3994 ipsi.
380 3876 440 3980 Sel
453 3874 563 3979 odendis
581 3942 641 3996 pnr-
674 3924 763 3978 Aldin.
787 3926 913 3980 librorum
935 3926 1095 3979 auctoritate
1117 3923 1281 3991 destituitun·

91 3979 187 4064 illene,
212 4007 328 4062 proque
345 3993 366 4046 si
388 4012 441 4047 non
458 4001 540 4060 esset,
568 3993 640 4046 locus
675 4009 762 4065 neque
779 3994 856 4047 facile
876 3994 1022 4063 intelligas,
1047 3992 1092 4063 qui
1114 3994 1212 4045 fuctum
1233 3993 1277 4059 sit,

91 4051 185 4134 *peditus
202 4067 280 4112 esset:
306 4079 383 4127 perce
405 4062 501 4115 nostris
522 4059 640 4131 purenti—
675 4070 706 4114 ut
724 4070 764 4115 tot
781 4063 908 4117 vocabule
925 4061 1061 4115 intellectu
1074 4059 1159 4113 facilia
1173 4067 1281 4114 extrusa

91 4125 112 4179 Β,
127 4136 217 4194 qulppe
234 4144 342 4196 qnorum
359 4130 488 4183 miseriem
512 4128 640 4200 supplicio
675 4128 736 4184 sint.
772 4131 879 4185 Modius
906 4140 1008 4193 autem,
1036 4128 1135 4182 omissis
1162 4144 1229 4198 quae
1252 4128 1280 4182 in

91 4194 147 4264 '8050
160 4208 211 4245 non
229 4196 317 4263 possis.
353 4198 407 4252 Sed
425 4198 535 4252 videtur
551 4208 641 4252 tamen
674 4215 734 4252 mss.
753 4209 822 4266 sunt,
842 4215 874 4250 es
892 4215 959 4267 quae
976 4197 1060 4250 Aldus
1078 4197 1281 4266 excogitaverat

91 4257 155 4331 ”lpus
178 4278 210 4312 ne
234 4269 378 4321 oneraveris
409 4286 457 4337 pro
483 4266 640 4337 imperativo
674 4267 802 4336 retinuit,
826 4265 962 4335 ediditque
984 4276 1068 4319 tomen
1092 4274 1123 4317 ut
1146 4283 1189 4318 vos
1217 4283 1279 4336 quo-

91 4328 173 4400 ⁸¹¹¹P⁸02
190 4330 307 4398 qnoniam
323 4334 401 4406 longe
418 4336 580 4406 frequentius
599 4342 640 4388 est
692 4354 723 4389 ue
746 4337 875 4390 audiretis
898 4336 1022 4403 expressi.
1057 4333 1100 4387 Its
1120 4349 1153 4385 ue
1175 4331 1280 4388 veniam

91 4385 217 4464 clinguae
232 4407 317 4454 aetate
337 4421 368 4457 ne
390 4405 538 4458 oneraveris
562 4420 641 4475 quam
673 4353 774 4459 lucilius
805 4403 1009 4478 impetraturum
1041 4403 1108 4457 confi
1128 4419 1160 4470 o,
1191 4401 1279 4459 deni
