2926 5174
120 277 197 355 '400
592 303 625 365 o.
655 284 779 353 cunin
804 303 888 353 surr
958 282 960 287 ’

117 485 272 584 conspici
295 486 440 583 patitur,
466 485 622 557 turibula
640 493 809 581 argentea
833 486 986 558 ministri
1011 487 1151 576 ferunt,
1179 495 1346 584 totumque

115 596 199 686 iter,
225 621 291 694 per
317 597 413 692 quod
437 598 521 670 ferri
549 595 756 686 destinavit,
792 596 961 670 odoribus
994 597 1193 694 complent·
1244 596 1379 670 Ameau

72 702 252 797 '‘lectica,
279 708 479 805 margaritis
494 706 876 804 circumpendentibus
897 709 1065 781 recubat:
1095 707 1267 780 distincta
1279 719 1346 781 sunt

118 840 205 890 auro
239 828 275 890 et
313 843 473 916 purpura
505 820 668 907 carbasa,
702 842 793 913 quae
824 817 971 890 indutus
998 829 1076 892 est:
1114 819 1278 892 lecticam
1304 845 1345 896 se·

117 940 274 1022 quuntur
292 931 420 1001 armati
437 930 665 1028 corporisque
692 928 870 1020 custodes,
895 930 989 1002 inter
1017 953 1111 1026 quos
1139 930 1248 1004 ramis
1273 956 1343 1004 aves
1357 949 1378 996 2⁵

115 1037 288 1134 pendent,
332 1065 420 1136 quas
456 1051 563 1114 cantu
604 1042 702 1114 seriis
744 1042 852 1115 rebus
893 1043 1107 1138 obstrepere
1153 1039 1343 1114 docuenmt

115 1147 227 1246 Regia
252 1162 395 1223 auratas
423 1152 604 1224 columnas
630 1152 757 1224 habet:
784 1163 879 1225 totas
906 1177 966 1226 eas
993 1151 1081 1225 vitis
1109 1177 1201 1224 auro
1228 1153 1345 1225 caelata
1356 1171 1375 1215 2⁶

116 1261 307 1356 percurrit,
334 1262 539 1359 aviumque,
567 1288 716 1361 quarum
742 1264 823 1336 visu
848 1265 1003 1337 maxime
1031 1261 1214 1360 gaudent,
1240 1286 1344 1360 argen-

12 1428 15 1435 .
114 1381 194 1445 teae
221 1372 353 1470 effigies
377 1398 486 1470 opera
499 1375 731 1470 distinguunt.
769 1373 881 1472 Regia
894 1374 1116 1448 adeuntibus
1143 1383 1254 1472 patet,
1279 1388 1374 1444 cumn

116 1483 282 1581 capillum
298 1484 410 1581 pectit
424 1493 532 1580 atque
550 1495 669 1557 omat:
696 1495 782 1557 tunc
808 1510 981 1584 responsa
995 1486 1251 1584 legationibus,
1275 1494 1343 1556 tunc

114 1595 192 1667 iura
218 1595 449 1693 popularibus
486 1594 614 1669 reddit.
666 1594 829 1694 Demptis
856 1597 977 1687 soleis,
1012 1594 1192 1669 odoribus
1225 1596 1341 1668 illinun-

114 1715 175 1777 tur
200 1705 319 1803 pedes.
365 1705 527 1780 Venatus
544 1707 720 1779 maximus
747 1708 848 1782 labor
874 1718 930 1781 est
955 1707 1098 1833 inclusa
1125 1707 1263 1780 vivario
1287 1705 1368 1778 ani-r

114 1818 221 1890 malia
246 1818 339 1890 inter
365 1828 452 1892 vota
478 1828 673 1915 cantusque
699 1818 863 1915 pellicum
889 1820 1009 1917 figere.
1066 1818 1202 1892 Binum
1229 1817 1341 1890 cubito

113 1953 194 2001 rum
220 1929 371 2026 sagittae
398 1939 492 2019 sunt,
519 1955 606 2026 quas
634 1929 801 2002 emittunt
817 1930 949 2003 maiore
976 1929 1061 2003 nisu
1085 1954 1199 2027 quam
1225 1929 1340 2001 effectu.

115 2037 256 2138 Quippe
281 2040 403 2131 telum,
430 2041 529 2112 cuius
554 2041 592 2111 in
618 2039 764 2112 levitate
790 2040 844 2112 vis
863 2040 977 2112 omnis
1005 2050 1074 2131 est,
1101 2040 1252 2113 inhabili
1274 2062 1341 2136 pon·

114 2149 199 2224 dere
225 2162 405 2224 oneratur.
457 2151 629 2225 Breviora
653 2151 781 2222 itinera
812 2175 903 2247 equo
931 2151 1097 2240 conficit,
1132 2151 1273 2248 longior
1294 2146 1369 2219 ubis

81 2334 89 2341 ,
114 2259 295 2359 expeditio
322 2271 387 2351 est,
415 2262 594 2360 elephanti
622 2261 757 2334 vehunt
783 2285 935 2351 currum,
962 2269 1000 2334 et
1026 2270 1220 2334 tantarum
1244 2260 1341 2332 belua·

114 2365 194 2443 rum
226 2396 378 2468 corpora
408 2381 487 2444 tota
526 2381 721 2471 contegunt
762 2397 859 2444 auro.
916 2371 972 2444 Ac
1007 2399 1055 2447 ne
1090 2371 1181 2470 quid
1214 2369 1340 2470 perditis

113 2482 272 2555 moribus
297 2481 398 2573 desit,
424 2484 557 2558 lecticis
583 2483 699 2556 aureis
723 2482 888 2580 pellicum
913 2483 1044 2579 longus
1073 2481 1169 2557 ordo
1189 2483 1340 2580 sequitur:

113 2602 318 2690 separatum
343 2619 365 2667 a
390 2596 534 2692 reginae
559 2594 683 2668 ordine
701 2618 827 2691 agmen
855 2603 919 2685 est,
946 2604 1157 2692 aequatque
1174 2594 1340 2668 luxuriam.

111 2700 278 2778 Feminae
305 2706 427 2803 epulas
442 2716 581 2805 parant.
622 2705 681 2778 Ab
707 2703 834 2777 iisdem
850 2705 974 2778 vinum
992 2705 1237 2799 ministratur,
1264 2703 1370 2778 cuiustl

111 2964 232 3046 lasunonu
246 2966 332 3020 solum
356 2964 500 3018 alibrariis
528 2967 574 3047 sed
591 2966 624 3019 ab
651 2965 712 3036 ipsis
748 2964 795 3018 stri
810 2965 889 3018 Bern.
907 2965 932 3017 Α
950 2963 1095 3035 FlenAB)
1116 2966 1265 3022 deteriores
1281 2959 1341 3017 illim·

112 3036 284 3170 :tttttt
299 3032 715 3173 illiieapiimlliltalille.
747 3033 939 3155 ttttusstt
955 3040 1061 3170 ltttt
1074 3051 1170 3156 titt
1184 3033 1341 3156 pwppip

111 3171 194 3224 ritate
217 3171 296 3225 Bern.
314 3171 340 3222 A
366 3178 394 3223 et
439 3189 487 3224 oss.
511 3179 534 3225 1.
748 3173 805 3223 nire
822 3170 883 3224 vide
897 3169 1034 3222 Burmann
1047 3169 1084 3222 ad
1094 3169 1204 3234 Quintil
1222 3170 1340 3224 declxm

149 3241 212 3292 Cam
226 3258 272 3293 rea
286 3241 325 3309 se]
351 3238 441 3318 Vulgo
458 3258 515 3293 cum
532 3239 716 3293 rexsooeedi-
749 3238 892 3292 5Gesner.
918 3238 946 3290 in
963 3237 1030 3290 Lex.
1057 3246 1127 3292 rust.
1146 3257 1168 3292 s.
1186 3258 1213 3292 v.
1230 3239 1317 3292 alliam

111 3314 168 3360 tur:
183 3305 646 3378 sedhccquidemrdoneumsensum
660 3326 715 3361 non
783 3312 806 3374 ξ,
825 3313 866 3360 28.
902 3307 989 3359 binum
1016 3307 1189 3378 cubitorum]
1233 3308 1340 3360 Bimae

111 3375 569 3445 haberefacilepatet,codd.autem
578 3377 714 3447 aliquotae
748 3377 826 3429 codd.
852 3373 923 3427 Flor.
942 3373 1007 3426 DFI
1032 3380 1063 3427 et
1090 3375 1154 3428 edd.
1172 3382 1276 3431 veteres
1294 3378 1339 3425 ante

111 3459 144 3495 ae
171 3442 295 3507 (diductis
321 3444 438 3512 syllabis)
465 3445 607 3512 exhibent,
642 3444 713 3497 Flor.
748 3444 882 3509 Modium,
907 3449 1000 3495 contra
1016 3458 1096 3494 usum
1113 3437 1339 3496 numeraliumdir·

111 3509 309 3578 DFGlPal.1,
327 3512 432 3565 Medius
450 3513 533 3566 edidit
549 3531 584 3566 se.
620 3513 713 3566 Schef-
746 3511 941 3565 tributivorum.
969 3509 1023 3562 Sed
1037 3509 1112 3563 Flor.
1128 3510 1157 3564 G
1174 3511 1256 3566 etiam
1271 3511 1338 3564 bum

111 3578 182 3632 serus
200 3597 256 3633 sese
273 3579 392 3646 coniecit,
410 3580 491 3651 idque
508 3581 535 3634 in
548 3581 629 3652 prior.
648 3581 713 3634 edit.
749 3582 875 3646 cubitum,
902 3578 975 3649 quod
998 3595 1053 3630 non
1080 3580 1269 3649 spernendum
1299 3570 1338 3653 Syl

110 3663 278 3728 receperam,
315 3650 386 3718 quod
411 3649 519 3720 propius
552 3667 568 3702 a
594 3649 714 3703 codicum
750 3647 830 3701 Conr.
849 3645 1024 3700 Schneiderus
1051 3662 1087 3699 ex
1105 3646 1191 3729 Plinii
1217 3654 1271 3701 nat
1292 3644 1337 3697 na

110 3717 714 3854 tttttttbttttltttltttt(tt
749 3729 822 3837 itt
838 3716 1069 3861 balbillus&
1085 3717 1238 3837 iiiiii
1259 3711 1337 3859 'tt

110 3861 260 3907 tutantem
277 3861 401 3920 v111.44,
420 3857 545 3924 mquam
565 3871 625 3906 uam
642 3855 713 3924 apud
748 3870 811 3906 mss.
828 3853 866 3906 ita
881 3859 912 3906 ut
929 3867 944 3903 e
961 3858 1059 3904 nostris
1077 3802 1151 3905 sodis
1170 3801 1337 3930 Floriani

111 3921 265 3976 Ciceronem
273 3922 484 3992 frequentissima
493 3872 618 4002 scalpe
627 3923 713 3975 sonna
749 3921 881 3975 exhibeat.
918 3919 979 3973 Hoc
994 3919 1079 3973 Aldus
1105 3921 1190 3974 edere
1218 3918 1337 3990 coeprtel

110 4000 188 4042 semet
205 3990 365 4058 delectatur,
392 3990 473 4043 etiam
490 3990 537 4042 abr
555 3990 666 4062 simplex
684 4008 712 4043 se
748 3990 837 4043 adhuc
854 3996 987 4042 servatum
1004 3994 1053 4041 est.
1090 3987 1134 4042 cf.
1153 3989 1189 4040 ad
1206 3987 1336 4060 v11.86‚l

110 4057 251 4112 sufficeret.
785 4061 809 4126 §.
827 4065 868 4112 29.
893 4065 1037 4127 aequatque
1055 4058 1210 4123 luxuriant]
1241 4056 1336 4109 Hocm·

145 4130 168 4191 ᾗ.
185 4131 227 4179 27.
261 4144 387 4197 responso
410 4126 591 4194 legationibus]
626 4124 711 4177 Pleri-
747 4124 804 4180 hilo
823 4124 937 4179 deterius
955 4137 997 4177 est
1029 4140 1091 4177 uam
1109 4126 1185 4196 quod
1198 4124 1280 4178 Aldus
1294 4134 1336 4174 ecr-

112 4209 164 4262 que
181 4210 272 4248 omnes
289 4214 349 4248 mss.
367 4198 390 4247 le
409 4196 518 4260 ationis,
542 4193 613 4246 Flor.
632 4192 658 4246 G
675 4195 711 4245 le·
747 4194 820 4248 rexit
846 4203 988 4264 aequatque
1010 4143 1142 4261 luxuria,
1176 4195 1224 4247 sed
1253 4186 1336 4246 inmo

129 4262 192 4326 otis,
211 4262 258 4314 soli
275 4263 388 4316 noan
433 4263 513 4315 Bern.
532 4262 555 4314 Β
574 4263 710 4330 leporiana
766 4271 867 4315 raestat
883 4260 1050 4314 auctoritate.
1088 4260 1173 4316 Certe
1196 4264 1230 4315 de
1245 4258 1336 4312 merset

143 4365 170 4405 μ
189 4331 262 4397 quod
287 4330 453 4385 nihilominus
474 4347 565 4382 verum
582 4327 710 4382 existimo.
746 4279 945 4399 §nakenburgii
958 4328 1094 4383 codicibus
1108 4329 1199 4383 nullus
1213 4326 1335 4383 ablativum

118 4420 120 4424 Δ
138 4395 369 4469 ιὶὶἰηαηῑιινρεάεε]
386 4397 512 4452 Siccodd.
521 4395 641 4452 meliores
648 4402 710 4466 (no-
746 4397 836 4453 habet.
