2926 5174
421 283 466 332 nr
493 280 619 332 enarre
646 280 756 330 Anux.
783 280 834 330 111.
861 275 905 330 at.
1225 259 1271 332 59

18 475 97 562 suit.
159 461 360 540 Ceterum
385 474 502 539 tantae
535 467 701 538 fortunae
736 462 957 562 proditorem
992 463 1112 562 superi
1137 464 1273 539 ultores

16 576 174 651 celeriter
223 575 366 651 debita
403 569 516 675 poen'a
555 575 735 674 persecuti
775 585 869 647 sunt.
921 573 1083 672 Namque
1123 600 1216 648 unus
1252 600 1273 648 e

15 687 157 762 consciis
191 686 296 778 eius,
328 686 447 779 credo,
477 687 569 786 regis
596 686 713 759 vicem
739 686 847 759 etiam
872 687 911 759 in
935 687 995 759 illa
1021 695 1117 760 sorte
1143 686 1273 762 reveri·

15 810 75 890 tus,
107 798 318 872 interfecti
347 796 537 896 proditoris
570 808 680 895 caput
714 797 762 870 ad
786 795 946 871 Dareum
976 799 1068 890 tulit,
1105 807 1274 896 opportu-

15 936 91 983 num
117 910 315 984 solatium
355 907 513 1006 prodito:
549 910 682 1007 quippe
714 918 751 982 et
776 911 873 982 ultus
899 909 1080 983 inimicum
1115 920 1202 1002 erat,
1238 920 1276 983 et

18 1019 167 1094 nondun
196 1021 239 1094 in
275 1019 447 1093 omnium
471 1020 594 1094 animis
621 1021 828 1094 memoriam
865 1020 1060 1094 maiestatis
1095 1047 1181 1094 suae
1214 1046 1275 1094 ex·

19 1134 157 1207 olevisse
192 1132 402 1207 cernebat.

56 1337 77 1401 §-
92 1340 134 1387 17.
168 1339 298 1386 ceternm
320 1339 394 1385 tant.
408 1333 467 1393 fort.
479 1333 641 1402 proditorem
676 1333 798 1386 mortalia
808 1335 888 1403 fecta
913 1332 1016 1402 videtis,
1038 1340 1091 1387 eale
1110 1333 1162 1387 mei
1182 1349 1275 1385 memo-

29 1404 107 1471 cuperi
123 1401 232 1471 morea]
257 1400 378 1454 Omnes
396 1400 467 1454 codd.
484 1419 544 1454 mss.
568 1400 641 1453 Oete·
676 1418 728 1468 rea,
747 1400 821 1472 Iphis
838 1400 954 1455 ludibrio
970 1401 1075 1457 habitus
1091 1400 1139 1469 ait,
1162 1408 1192 1453 et
1213 1418 1276 1454 mox

32 1489 79 1522 rom
96 1471 179 1539 (caet.)
199 1477 309 1523 tantae
330 1469 464 1538 fortunae
479 1467 640 1539 proditorem
675 1469 791 1540 puellam
809 1471 950 1541 superbam
967 1473 1021 1524 iarn
1039 1473 1103 1524 deus
1121 1471 1190 1523 ultor
1215 1485 1275 1540 per·

32 1541 158 1608 sepulturae
176 1538 321 1592 celeriter
344 1537 432 1590 debito
444 1555 531 1608 poeno
547 1553 641 1607 perae-
660 1546 781 1595 ,secutus
797 1547 846 1593 eat.
881 1539 983 1610 Recepi
999 1539 1082 1609 igitur
1099 1538 1277 1592 coniecturam

30 1610 145 1676 cotr'snnt‚
165 1606 224 1660 nisi
270 1605 337 1658 uod
356 1621 429 1674 penu
446 1611 584 1675 persecute
602 1615 640 1658 est
676 1605 869 1660 Gronovianam
885 1608 1047 1679 reliquorum
1064 1606 1219 1660 emendandi
1233 1624 1276 1661 eo·

25 1675 130 1745 inPei.l‚
147 1676 232 1730 Flor.
279 1673 338 1740 ΡΙ,
445 1684 583 1743 prosecuta
601 1683 640 1726 eat
675 1676 781 1728 notibus
797 1676 946 1730 feliciorem.
981 1677 1083 1744 [Unam
1101 1692 1276 1729 commemoro

22 1745 119 1800 inflor.
138 1745 167 1799 G
192 1743 325 1814 legitur.
362 1689 469 1795 mue
490 1743 577 1797 editor
599 1743 639 1795 dii
674 1744 840 1798 novissimam
857 1745 892 1798 H.
909 1745 941 1798 E.
959 1745 1044 1799 Foaaii
1065 1745 1092 1797 in
1113 1762 1204 1815 progr.
1227 1743 1276 1797 Al·

23 1822 69 1882 post
83 1825 200 1868 cetemm
222 1810 344 1865 adiecit
372 1818 406 1862 ut
421 1811 504 1864 oratio
521 1810 639 1865 subiecto
674 1813 797 1882 tenburg.
815 1831 838 1865 a
858 1819 923 1866 1845
942 1815 1032 1866 dii-
1054 1815 1108 1866 aeri
1130 1830 1208 1883 coepe
1236 1813 1276 1865 ul·

21 1890 168 1950 necteret,
189 1881 293 1951 idque
311 1894 348 1932 re
361 1877 415 1948 'qui
435 1896 522 1932 omnea
538 1879 641 1933 retinu-
676 1891 754 1947 tores,
781 1882 827 1933 aed
854 1897 901 1934 cur
927 1884 966 1935 dii
993 1881 1176 1948 defendantur,
1204 1879 1277 1933 nulla

22 1964 90 2020 crunt,
108 1953 286 2022 sepulturae
308 1954 411 2000 contra
426 1947 514 2001 Iunius
535 1956 564 2002 et
580 1949 642 2001 Mo·
676 1966 755 2002 cauea
772 1952 842 2015 est).

23 2020 66 2073 dius
80 2020 275 2074 sustulerunt.
319 2013 402 2068 Nihil
423 2024 509 2069 autem
530 2016 642 2070 manife-
711 2016 783 2069 Finis
800 2016 860 2069 libri
878 2030 912 2069 m
930 2026 958 2070 et
975 2016 1078 2069 initium
1100 2031 1131 2068 1v
1153 2015 1192 2069 sic
1209 2015 1276 2068 indi-

22 2089 71 2142 itus
93 2107 177 2160 quam
209 2087 318 2140 inesse
348 2082 378 2135 in
400 2098 431 2137 eo
454 2086 534 2139 verbo
556 2084 643 2138 subie-
679 2092 755 2138 catur
771 2084 799 2136 in
816 2084 886 2138 Flor.
905 2087 931 2138 A
961 2088 991 2149 Q.
1012 2085 1088 2138 Curti
1104 2086 1168 2154 Rufi
1184 2086 1277 2138 Histo-

24 2165 77 2210 otnm
90 2154 215 2230 periodi,
249 2160 288 2206 et
315 2151 408 2222 ipsam
427 2170 531 2207 manum
549 2161 642 2207 aucto·
679 2155 780 2206 riorum
798 2155 863 2206 liber
880 2157 972 2208 tertius
990 2156 1103 2223 explicit.
1129 2155 1227 2223 Incipit
1245 2154 1278 2206 li-

24 2224 50 2278 n's
66 2234 223 2281 assecutum
256 2227 340 2294 puto
365 2219 390 2272 I.
415 2219 458 2274 Fr.
480 2220 643 2276 Gronovium
678 2224 723 2274 ber
747 2225 1008 2343 quartusbpelicitem
1040 2221 1069 2274 in
1090 2221 1170 2275 Bern.
1188 2226 1213 2275 A
1247 2222 1278 2284 Q.

25 2294 56 2367 qui
71 2296 182 2350 Observ.
204 2307 246 2359 11,
273 2296 313 2342 12
335 2306 390 2358 pro
407 2304 422 2340 e
440 2291 508 2360 quod
534 2299 576 2344 est
602 2308 643 2343 se·
681 2290 757 2344 Curti
773 2291 836 2358 rofi
882 2293 1035 2346 istoriarnm
1053 2292 1203 2344 Alexandri
1215 2291 1279 2343 Μα-

24 2357 326 2488 ρυᾶιιιναοοῗξίηᾶανίι
340 2358 439 2478 Qum.
449 2359 643 2481 pgltoresprp
676 2359 896 2486 pnitMacedonis
914 2376 950 2414 m
977 2363 1038 2431 erp.
1065 2360 1157 2428 incipit
1179 2374 1225 2411 1111
1233 2361 1280 2429 fe·

26 2448 45 2482 m
213 2447 271 2482 um
318 2443 427 2478 ocis
489 2445 528 2481 or.
590 2447 644 2481 vr.
689 2445 771 2481 ieter.

27 2442 110 2557 Medici
125 2515 197 2571 nv,
222 2444 356 2551 729pSi
383 2503 475 2563 tumen,
503 2514 517 2550 o
543 2497 642 2566 superi,
