<?xml version="1.0" encoding="UTF-8"?>
<!DOCTYPE html PUBLIC "-//W3C//DTD XHTML 1.0 Transitional//EN"
    "http://www.w3.org/TR/xhtml1/DTD/xhtml1-transitional.dtd">
<html xmlns="http://www.w3.org/1999/xhtml" xml:lang="en" lang="en">
 <head>
  <title>
</title>
<meta http-equiv="Content-Type" content="text/html;charset=utf-8" />
  <meta name='ocr-system' content='tesseract 3.04.00' />
  <meta name='ocr-capabilities' content='ocr_page ocr_carea ocr_par ocr_line ocrx_word'/>
</head>
<body>
  <div class='ocr_page' id='page_1' title='image "./qcurtiirufidege01rufugoog_0467.png"; bbox 0 0 2926 5174; ppageno 0'>
   <div class='ocr_carea' id='block_1_1' title="bbox 176 291 942 373">
    <p class='ocr_par' dir='ltr' id='par_1_1' title="bbox 176 291 942 373">
     <span class='ocr_line' id='line_1_1' title="bbox 176 291 942 373; baseline -0.001 -12"><span class='ocrx_word' id='word_1_1' title='bbox 176 291 249 362; x_wconf 87' lang='grc'>436</span> <span class='ocrx_word' id='word_1_2' title='bbox 645 311 679 373; x_wconf 81' lang='lat' dir='ltr'>o.</span> <span class='ocrx_word' id='word_1_3' title='bbox 708 310 832 362; x_wconf 83' lang='lat' dir='ltr'>cunrn</span> <span class='ocrx_word' id='word_1_4' title='bbox 856 311 942 361; x_wconf 81' lang='lat' dir='ltr'>num</span> 
     </span>
    </p>
   </div>
   <div class='ocr_carea' id='block_1_2' title="bbox 108 491 1422 2817">
    <p class='ocr_par' dir='ltr' id='par_1_2' title="bbox 108 491 1422 2817">
     <span class='ocr_line' id='line_1_2' title="bbox 108 491 1392 591; baseline -0.001 -24"><span class='ocrx_word' id='word_1_5' title='bbox 108 500 127 535; x_wconf 82' lang='lat'>’</span> <span class='ocrx_word' id='word_1_6' title='bbox 173 517 298 591; x_wconf 90' lang='lat' dir='ltr'>perare</span> <span class='ocrx_word' id='word_1_7' title='bbox 317 491 533 581; x_wconf 89' lang='lat' dir='ltr'>decreverat,</span> <span class='ocrx_word' id='word_1_8' title='bbox 560 493 715 565; x_wconf 89' lang='lat' dir='ltr'>transitu</span> <span class='ocrx_word' id='word_1_9' title='bbox 734 493 912 569; x_wconf 88' lang='lat' dir='ltr'>difficilem</span> <span class='ocrx_word' id='word_1_10' title='bbox 937 520 1011 567; x_wconf 92' lang='lat' dir='ltr'>non</span> <span class='ocrx_word' id='word_1_11' title='bbox 1039 493 1166 589; x_wconf 86' lang='lat' dir='ltr'>spatio</span> <span class='ocrx_word' id='word_1_12' title='bbox 1186 493 1303 566; x_wconf 91' lang='lat' dir='ltr'>solum</span> <span class='ocrx_word' id='word_1_13' title='bbox 1317 519 1392 591; x_wconf 85' lang='lat' dir='ltr'>aqua·</span> 
     </span>
     <span class='ocr_line' id='line_1_3' title="bbox 173 602 1412 702; baseline -0.002 -26"><span class='ocrx_word' id='word_1_14' title='bbox 173 630 270 695; x_wconf 90' lang='lat' dir='ltr'>rum,</span> <span class='ocrx_word' id='word_1_15' title='bbox 303 602 367 676; x_wconf 90' lang='lat' dir='ltr'>sed</span> <span class='ocrx_word' id='word_1_16' title='bbox 393 603 501 676; x_wconf 90' lang='lat' dir='ltr'>etiam</span> <span class='ocrx_word' id='word_1_17' title='bbox 526 605 622 676; x_wconf 85' lang='lat' dir='ltr'>saxis</span> <span class='ocrx_word' id='word_1_18' title='bbox 653 605 872 702; x_wconf 89' lang='lat' dir='ltr'>impeditum.</span> <span class='ocrx_word' id='word_1_19' title='bbox 925 604 1175 677; x_wconf 80' lang='lat' dir='ltr'><strong>Percontatus</strong></span> <span class='ocrx_word' id='word_1_20' title='bbox 1204 605 1309 702; x_wconf 89' lang='lat' dir='ltr'>igitur</span> <span class='ocrx_word' id='word_1_21' title='bbox 1329 604 1412 677; x_wconf 78' lang='lat' dir='ltr'>Pher</span> 
     </span>
     <span class='ocr_line' id='line_1_4' title="bbox 173 713 1394 814; baseline 0.001 -26"><span class='ocrx_word' id='word_1_22' title='bbox 173 741 258 814; x_wconf 89' lang='lat' dir='ltr'>gea,</span> <span class='ocrx_word' id='word_1_23' title='bbox 298 740 388 811; x_wconf 91' lang='lat' dir='ltr'>quae</span> <span class='ocrx_word' id='word_1_24' title='bbox 427 713 608 786; x_wconf 88' lang='lat' dir='ltr'>noscenda</span> <span class='ocrx_word' id='word_1_25' title='bbox 634 726 751 806; x_wconf 89' lang='lat' dir='ltr'>erant,</span> <span class='ocrx_word' id='word_1_26' title='bbox 791 739 831 788; x_wconf 87' lang='lat' dir='ltr'>x1</span> <span class='ocrx_word' id='word_1_27' title='bbox 864 715 1002 788; x_wconf 92' lang='lat' dir='ltr'>dierum</span> <span class='ocrx_word' id='word_1_28' title='bbox 1043 717 1148 788; x_wconf 92' lang='lat' dir='ltr'>ultra</span> <span class='ocrx_word' id='word_1_29' title='bbox 1188 717 1320 790; x_wconf 91' lang='lat' dir='ltr'>flumen</span> <span class='ocrx_word' id='word_1_30' title='bbox 1351 743 1394 814; x_wconf 87' lang='lat' dir='ltr'>per</span> 
     </span>
     <span class='ocr_line' id='line_1_5' title="bbox 173 824 1394 925; baseline 0.002 -25"><span class='ocrx_word' id='word_1_31' title='bbox 173 837 295 901; x_wconf 89' lang='lat' dir='ltr'>vastas</span> <span class='ocrx_word' id='word_1_32' title='bbox 323 824 531 899; x_wconf 76' lang='lat' dir='ltr'>solitudines</span> <span class='ocrx_word' id='word_1_33' title='bbox 556 825 624 898; x_wconf 88' lang='lat' dir='ltr'>iter</span> <span class='ocrx_word' id='word_1_34' title='bbox 650 851 729 899; x_wconf 92' lang='lat' dir='ltr'>esse</span> <span class='ocrx_word' id='word_1_35' title='bbox 756 829 957 924; x_wconf 90' lang='lat' dir='ltr'>cognoscit;</span> <span class='ocrx_word' id='word_1_36' title='bbox 984 828 1164 925; x_wconf 77' lang='lat' dir='ltr'>excipere</span> <span class='ocrx_word' id='word_1_37' title='bbox 1188 828 1316 902; x_wconf 91' lang='lat' dir='ltr'>deinde</span> <span class='ocrx_word' id='word_1_38' title='bbox 1329 825 1394 902; x_wconf 82' lang='lat' dir='ltr'>Gan·</span> 
     </span>
     <span class='ocr_line' id='line_1_6' title="bbox 171 937 1417 1038; baseline -0.003 -27"><span class='ocrx_word' id='word_1_39' title='bbox 171 964 256 1036; x_wconf 89' lang='lat' dir='ltr'>gen,</span> <span class='ocrx_word' id='word_1_40' title='bbox 288 937 484 1008; x_wconf 85' lang='lat' dir='ltr'>maximum</span> <span class='ocrx_word' id='word_1_41' title='bbox 518 937 630 1009; x_wconf 89' lang='lat' dir='ltr'>totius</span> <span class='ocrx_word' id='word_1_42' title='bbox 663 937 786 1010; x_wconf 84' lang='lat' dir='ltr'>Indiae</span> <span class='ocrx_word' id='word_1_43' title='bbox 820 939 1021 1013; x_wconf 86' lang='lat' dir='ltr'>fluminum:</span> <span class='ocrx_word' id='word_1_44' title='bbox 1061 939 1284 1012; x_wconf 81' lang='lat' dir='ltr'>ulteriorem</span> <span class='ocrx_word' id='word_1_45' title='bbox 1312 941 1417 1038; x_wconf 75' lang='lat' dir='ltr'>ripanr</span> 
     </span>
     <span class='ocr_line' id='line_1_7' title="bbox 173 1045 1398 1150; baseline 0.001 -29"><span class='ocrx_word' id='word_1_46' title='bbox 173 1051 288 1123; x_wconf 91' lang='lat' dir='ltr'>colere</span> <span class='ocrx_word' id='word_1_47' title='bbox 314 1058 438 1144; x_wconf 85' lang='lat' dir='ltr'>gentes</span> <span class='ocrx_word' id='word_1_48' title='bbox 467 1045 687 1144; x_wconf 80' lang='lat' dir='ltr'>Gangaridas</span> <span class='ocrx_word' id='word_1_49' title='bbox 714 1059 752 1121; x_wconf 91' lang='lat' dir='ltr'>et</span> <span class='ocrx_word' id='word_1_50' title='bbox 777 1049 936 1140; x_wconf 90' lang='lat' dir='ltr'>Prasios,</span> <span class='ocrx_word' id='word_1_51' title='bbox 965 1075 1171 1147; x_wconf 89' lang='lat' dir='ltr'>eorumque</span> <span class='ocrx_word' id='word_1_52' title='bbox 1198 1077 1320 1150; x_wconf 89' lang='lat' dir='ltr'>regem</span> <span class='ocrx_word' id='word_1_53' title='bbox 1342 1076 1398 1123; x_wconf 89' lang='lat' dir='ltr'>esse</span> 
     </span>
     <span class='ocr_line' id='line_1_8' title="bbox 171 1159 1399 1260; baseline 0.001 -27"><span class='ocrx_word' id='word_1_54' title='bbox 171 1159 444 1258; x_wconf 87' lang='lat' dir='ltr'>Aggramrnem,</span> <span class='ocrx_word' id='word_1_55' title='bbox 471 1186 523 1231; x_wconf 83' lang='lat' dir='ltr'>xx</span> <span class='ocrx_word' id='word_1_56' title='bbox 548 1160 690 1231; x_wconf 90' lang='lat' dir='ltr'>milibus</span> <span class='ocrx_word' id='word_1_57' title='bbox 717 1161 875 1256; x_wconf 89' lang='lat' dir='ltr'>equiturn</span> <span class='ocrx_word' id='word_1_58' title='bbox 901 1159 1146 1258; x_wconf 87' lang='lat' dir='ltr'>ducentisque</span> <span class='ocrx_word' id='word_1_59' title='bbox 1174 1162 1335 1260; x_wconf 90' lang='lat' dir='ltr'>peditum</span> <span class='ocrx_word' id='word_1_60' title='bbox 1356 1163 1399 1234; x_wconf 83' lang='lat' dir='ltr'>ob</span> 
     </span>
     <span class='ocr_line' id='line_1_9' title="bbox 171 1268 1419 1368; baseline -0.001 -23"><span class='ocrx_word' id='word_1_61' title='bbox 171 1272 347 1345; x_wconf 89' lang='lat' dir='ltr'>sidentem</span> <span class='ocrx_word' id='word_1_62' title='bbox 372 1271 459 1344; x_wconf 90' lang='lat' dir='ltr'>vias.</span> <span class='ocrx_word' id='word_1_63' title='bbox 511 1268 572 1342; x_wconf 86' lang='lat' dir='ltr'>Ad</span> <span class='ocrx_word' id='word_1_64' title='bbox 598 1271 665 1344; x_wconf 92' lang='lat' dir='ltr'>hoc</span> <span class='ocrx_word' id='word_1_65' title='bbox 692 1271 944 1368; x_wconf 89' lang='lat' dir='ltr'>quadrigarum</span> <span class='ocrx_word' id='word_1_66' title='bbox 971 1270 1045 1344; x_wconf 95' lang='lat' dir='ltr'>duo</span> <span class='ocrx_word' id='word_1_67' title='bbox 1074 1274 1182 1346; x_wconf 88' lang='lat' dir='ltr'>miha</span> <span class='ocrx_word' id='word_1_68' title='bbox 1210 1274 1353 1364; x_wconf 86' lang='lat' dir='ltr'>trahere,</span> <span class='ocrx_word' id='word_1_69' title='bbox 1374 1284 1419 1344; x_wconf 74' lang='lat' dir='ltr'>eu</span> 
     </span>
     <span class='ocr_line' id='line_1_10' title="bbox 169 1383 1402 1483; baseline 0.002 -27"><span class='ocrx_word' id='word_1_70' title='bbox 169 1385 401 1483; x_wconf 90' lang='lat' dir='ltr'>praecipuum</span> <span class='ocrx_word' id='word_1_71' title='bbox 417 1393 590 1455; x_wconf 90' lang='lat' dir='ltr'>terrorem</span> <span class='ocrx_word' id='word_1_72' title='bbox 605 1383 823 1479; x_wconf 90' lang='lat' dir='ltr'>elephantos,</span> <span class='ocrx_word' id='word_1_73' title='bbox 844 1409 930 1479; x_wconf 92' lang='lat' dir='ltr'>quos</span> <span class='ocrx_word' id='word_1_74' title='bbox 949 1383 1062 1455; x_wconf 89' lang='lat' dir='ltr'>trium</span> <span class='ocrx_word' id='word_1_75' title='bbox 1079 1384 1229 1458; x_wconf 90' lang='lat' dir='ltr'>milium</span> <span class='ocrx_word' id='word_1_76' title='bbox 1244 1409 1402 1458; x_wconf 84' lang='lat' dir='ltr'>numerum</span> 
     </span>
     <span class='ocr_line' id='line_1_11' title="bbox 173 1492 1420 1594; baseline -0.003 -24"><span class='ocrx_word' id='word_1_77' title='bbox 173 1497 317 1594; x_wconf 87' lang='lat' dir='ltr'>explere</span> <span class='ocrx_word' id='word_1_78' title='bbox 344 1492 494 1567; x_wconf 86' lang='lat' dir='ltr'>dicebat.</span> <span class='ocrx_word' id='word_1_79' title='bbox 537 1492 761 1566; x_wconf 84' lang='lat' dir='ltr'>Incredibilia</span> <span class='ocrx_word' id='word_1_80' title='bbox 787 1495 862 1591; x_wconf 89' lang='lat' dir='ltr'>regi</span> <span class='ocrx_word' id='word_1_81' title='bbox 888 1494 1006 1565; x_wconf 91' lang='lat' dir='ltr'>omnia</span> <span class='ocrx_word' id='word_1_82' title='bbox 1033 1493 1276 1570; x_wconf 85' lang='lat' dir='ltr'>videbantur.</span> <span class='ocrx_word' id='word_1_83' title='bbox 1313 1495 1420 1593; x_wconf 83' lang='lat' dir='ltr'>Igitur⁵</span> 
     </span>
     <span class='ocr_line' id='line_1_12' title="bbox 174 1603 1399 1704; baseline -0.002 -24"><span class='ocrx_word' id='word_1_84' title='bbox 174 1607 310 1680; x_wconf 91' lang='lat' dir='ltr'>Porum</span> <span class='ocrx_word' id='word_1_85' title='bbox 342 1605 445 1704; x_wconf 88' lang='lat' dir='ltr'>(nam</span> <span class='ocrx_word' id='word_1_86' title='bbox 486 1630 567 1676; x_wconf 90' lang='lat' dir='ltr'>cum</span> <span class='ocrx_word' id='word_1_87' title='bbox 594 1630 636 1678; x_wconf 95' lang='lat' dir='ltr'>eo</span> <span class='ocrx_word' id='word_1_88' title='bbox 663 1603 764 1702; x_wconf 86' lang='lat' dir='ltr'>erat)</span> <span class='ocrx_word' id='word_1_89' title='bbox 790 1614 1040 1702; x_wconf 84' lang='lat' dir='ltr'>percontatur,</span> <span class='ocrx_word' id='word_1_90' title='bbox 1082 1631 1135 1678; x_wconf 86' lang='lat' dir='ltr'>an</span> <span class='ocrx_word' id='word_1_91' title='bbox 1162 1633 1257 1680; x_wconf 92' lang='lat' dir='ltr'>vera</span> <span class='ocrx_word' id='word_1_92' title='bbox 1294 1617 1399 1693; x_wconf 86' lang='lat' dir='ltr'>essent,</span> 
     </span>
     <span class='ocr_line' id='line_1_13' title="bbox 176 1715 1422 1817; baseline -0.003 -25"><span class='ocrx_word' id='word_1_93' title='bbox 176 1745 267 1817; x_wconf 91' lang='lat' dir='ltr'>quae</span> <span class='ocrx_word' id='word_1_94' title='bbox 293 1715 517 1788; x_wconf 83' lang='lat' dir='ltr'>dicerentur?</span> <span class='ocrx_word' id='word_1_95' title='bbox 555 1715 634 1806; x_wconf 88' lang='lat' dir='ltr'>Ille,</span> <span class='ocrx_word' id='word_1_96' title='bbox 666 1718 761 1790; x_wconf 90' lang='lat' dir='ltr'>vires</span> <span class='ocrx_word' id='word_1_97' title='bbox 795 1715 935 1814; x_wconf 92' lang='lat' dir='ltr'>quidem</span> <span class='ocrx_word' id='word_1_98' title='bbox 969 1718 1090 1812; x_wconf 91' lang='lat' dir='ltr'>gentis</span> <span class='ocrx_word' id='word_1_99' title='bbox 1127 1729 1168 1792; x_wconf 89' lang='lat' dir='ltr'>et</span> <span class='ocrx_word' id='word_1_100' title='bbox 1203 1721 1305 1817; x_wconf 89' lang='lat' dir='ltr'>regui</span> <span class='ocrx_word' id='word_1_101' title='bbox 1328 1715 1422 1790; x_wconf 72' lang='lat' dir='ltr'>haudl</span> 
     </span>
     <span class='ocr_line' id='line_1_14' title="bbox 174 1827 1402 1926; baseline -0.005 -21"><span class='ocrx_word' id='word_1_102' title='bbox 174 1833 264 1905; x_wconf 91' lang='lat' dir='ltr'>falso</span> <span class='ocrx_word' id='word_1_103' title='bbox 290 1827 424 1916; x_wconf 86' lang='lat' dir='ltr'>iactari,</span> <span class='ocrx_word' id='word_1_104' title='bbox 451 1827 621 1899; x_wconf 88' lang='lat' dir='ltr'>affirmat:</span> <span class='ocrx_word' id='word_1_105' title='bbox 650 1839 808 1903; x_wconf 84' lang='lat' dir='ltr'>ceterum</span> <span class='ocrx_word' id='word_1_106' title='bbox 825 1829 884 1925; x_wconf 93' lang='lat' dir='ltr'>qui</span> <span class='ocrx_word' id='word_1_107' title='bbox 909 1839 1081 1924; x_wconf 77' lang='lat' dir='ltr'>regnaret</span> <span class='ocrx_word' id='word_1_108' title='bbox 1100 1855 1182 1902; x_wconf 92' lang='lat' dir='ltr'>non</span> <span class='ocrx_word' id='word_1_109' title='bbox 1202 1829 1310 1904; x_wconf 93' lang='lat' dir='ltr'>modo</span> <span class='ocrx_word' id='word_1_110' title='bbox 1327 1830 1402 1926; x_wconf 85' lang='lat' dir='ltr'>igno</span> 
     </span>
     <span class='ocr_line' id='line_1_15' title="bbox 174 1938 1401 2039; baseline -0.006 -23"><span class='ocrx_word' id='word_1_111' title='bbox 174 1943 281 2016; x_wconf 90' lang='lat' dir='ltr'>bilem</span> <span class='ocrx_word' id='word_1_112' title='bbox 306 1965 403 2030; x_wconf 90' lang='lat' dir='ltr'>esse,</span> <span class='ocrx_word' id='word_1_113' title='bbox 436 1938 499 2012; x_wconf 93' lang='lat' dir='ltr'>sed</span> <span class='ocrx_word' id='word_1_114' title='bbox 532 1940 639 2011; x_wconf 90' lang='lat' dir='ltr'>etiam</span> <span class='ocrx_word' id='word_1_115' title='bbox 665 1941 810 2012; x_wconf 88' lang='lat' dir='ltr'>ultimae</span> <span class='ocrx_word' id='word_1_116' title='bbox 836 1939 956 2029; x_wconf 89' lang='lat' dir='ltr'>sortis;</span> <span class='ocrx_word' id='word_1_117' title='bbox 991 1940 1130 2038; x_wconf 88' lang='lat' dir='ltr'>quippe</span> <span class='ocrx_word' id='word_1_118' title='bbox 1164 1952 1308 2039; x_wconf 89' lang='lat' dir='ltr'>patrem</span> <span class='ocrx_word' id='word_1_119' title='bbox 1345 1941 1401 2014; x_wconf 88' lang='lat' dir='ltr'>eius</span> 
     </span>
     <span class='ocr_line' id='line_1_16' title="bbox 173 2050 1401 2149; baseline -0.004 -23"><span class='ocrx_word' id='word_1_120' title='bbox 173 2064 373 2141; x_wconf 82' lang='lat' dir='ltr'>tonsorem,</span> <span class='ocrx_word' id='word_1_121' title='bbox 406 2052 469 2124; x_wconf 86' lang='lat' dir='ltr'>vix</span> <span class='ocrx_word' id='word_1_122' title='bbox 502 2050 630 2123; x_wconf 92' lang='lat' dir='ltr'>diurno</span> <span class='ocrx_word' id='word_1_123' title='bbox 664 2062 815 2147; x_wconf 90' lang='lat' dir='ltr'>quaestu</span> <span class='ocrx_word' id='word_1_124' title='bbox 847 2050 1124 2148; x_wconf 87' lang='lat' dir='ltr'>propulsantem</span> <span class='ocrx_word' id='word_1_125' title='bbox 1158 2053 1310 2144; x_wconf 87' lang='lat' dir='ltr'>samem,</span> <span class='ocrx_word' id='word_1_126' title='bbox 1341 2076 1401 2149; x_wconf 84' lang='lat' dir='ltr'>pro</span> 
     </span>
     <span class='ocr_line' id='line_1_17' title="bbox 174 2160 1421 2263; baseline -0.004 -27"><span class='ocrx_word' id='word_1_127' title='bbox 174 2175 255 2263; x_wconf 89' lang='lat' dir='ltr'>pter</span> <span class='ocrx_word' id='word_1_128' title='bbox 279 2163 441 2235; x_wconf 90' lang='lat' dir='ltr'>habitum</span> <span class='ocrx_word' id='word_1_129' title='bbox 466 2160 564 2233; x_wconf 90' lang='lat' dir='ltr'>haud</span> <span class='ocrx_word' id='word_1_130' title='bbox 588 2161 795 2234; x_wconf 90' lang='lat' dir='ltr'>indecorum</span> <span class='ocrx_word' id='word_1_131' title='bbox 818 2161 915 2233; x_wconf 90' lang='lat' dir='ltr'>cordi</span> <span class='ocrx_word' id='word_1_132' title='bbox 940 2161 1051 2234; x_wconf 87' lang='lat' dir='ltr'>fuisse</span> <span class='ocrx_word' id='word_1_133' title='bbox 1081 2164 1245 2260; x_wconf 88' lang='lat' dir='ltr'>reginae.</span> <span class='ocrx_word' id='word_1_134' title='bbox 1297 2161 1349 2235; x_wconf 84' lang='lat' dir='ltr'>Ab</span> <span class='ocrx_word' id='word_1_135' title='bbox 1372 2175 1421 2232; x_wconf 68' lang='lat' dir='ltr'>eal</span> 
     </span>
     <span class='ocr_line' id='line_1_18' title="bbox 172 2269 1401 2371; baseline -0.003 -24"><span class='ocrx_word' id='word_1_136' title='bbox 172 2277 209 2347; x_wconf 91' lang='lat' dir='ltr'>in</span> <span class='ocrx_word' id='word_1_137' title='bbox 240 2272 443 2371; x_wconf 86' lang='lat' dir='ltr'>propiorem</span> <span class='ocrx_word' id='word_1_138' title='bbox 470 2273 554 2363; x_wconf 89' lang='lat' dir='ltr'>eius,</span> <span class='ocrx_word' id='word_1_139' title='bbox 582 2274 642 2369; x_wconf 91' lang='lat' dir='ltr'>qui</span> <span class='ocrx_word' id='word_1_140' title='bbox 668 2284 745 2345; x_wconf 89' lang='lat' dir='ltr'>tum</span> <span class='ocrx_word' id='word_1_141' title='bbox 770 2283 969 2370; x_wconf 85' lang='lat' dir='ltr'>regnasset,</span> <span class='ocrx_word' id='word_1_142' title='bbox 1006 2273 1192 2348; x_wconf 89' lang='lat' dir='ltr'>amicitiae</span> <span class='ocrx_word' id='word_1_143' title='bbox 1220 2276 1333 2347; x_wconf 90' lang='lat' dir='ltr'>locum</span> <span class='ocrx_word' id='word_1_144' title='bbox 1357 2269 1401 2344; x_wconf 87' lang='lat' dir='ltr'>ad·</span> 
     </span>
     <span class='ocr_line' id='line_1_19' title="bbox 171 2383 1401 2482; baseline -0.002 -26"><span class='ocrx_word' id='word_1_145' title='bbox 171 2393 325 2473; x_wconf 90' lang='lat' dir='ltr'>motum,</span> <span class='ocrx_word' id='word_1_146' title='bbox 358 2383 543 2456; x_wconf 82' lang='lat' dir='ltr'>interfecto</span> <span class='ocrx_word' id='word_1_147' title='bbox 572 2408 614 2455; x_wconf 94' lang='lat' dir='ltr'>eo</span> <span class='ocrx_word' id='word_1_148' title='bbox 640 2409 705 2482; x_wconf 92' lang='lat' dir='ltr'>per</span> <span class='ocrx_word' id='word_1_149' title='bbox 729 2383 891 2475; x_wconf 89' lang='lat' dir='ltr'>insidias,</span> <span class='ocrx_word' id='word_1_150' title='bbox 925 2384 992 2456; x_wconf 91' lang='lat' dir='ltr'>sub</span> <span class='ocrx_word' id='word_1_151' title='bbox 1020 2386 1145 2482; x_wconf 91' lang='lat' dir='ltr'>specie</span> <span class='ocrx_word' id='word_1_152' title='bbox 1174 2388 1310 2460; x_wconf 88' lang='lat' dir='ltr'>tutelae</span> <span class='ocrx_word' id='word_1_153' title='bbox 1337 2385 1401 2456; x_wconf 83' lang='lat' dir='ltr'>libe</span> 
     </span>
     <span class='ocr_line' id='line_1_20' title="bbox 173 2493 1400 2593; baseline -0.002 -26"><span class='ocrx_word' id='word_1_154' title='bbox 173 2521 253 2567; x_wconf 90' lang='lat' dir='ltr'>rum</span> <span class='ocrx_word' id='word_1_155' title='bbox 286 2494 360 2565; x_wconf 90' lang='lat' dir='ltr'>eius</span> <span class='ocrx_word' id='word_1_156' title='bbox 392 2493 565 2567; x_wconf 87' lang='lat' dir='ltr'>invasisse</span> <span class='ocrx_word' id='word_1_157' title='bbox 600 2520 768 2592; x_wconf 87' lang='lat' dir='ltr'>regnum,</span> <span class='ocrx_word' id='word_1_158' title='bbox 807 2497 1012 2592; x_wconf 85' lang='lat' dir='ltr'>necatisque</span> <span class='ocrx_word' id='word_1_159' title='bbox 1047 2497 1175 2593; x_wconf 92' lang='lat' dir='ltr'>pueris</span> <span class='ocrx_word' id='word_1_160' title='bbox 1204 2498 1318 2588; x_wconf 88' lang='lat' dir='ltr'>hunc,</span> <span class='ocrx_word' id='word_1_161' title='bbox 1357 2493 1400 2591; x_wconf 89' lang='lat' dir='ltr'>qui</span> 
     </span>
     <span class='ocr_line' id='line_1_21' title="bbox 171 2607 1400 2705; baseline -0.002 -25"><span class='ocrx_word' id='word_1_162' title='bbox 171 2631 267 2680; x_wconf 89' lang='lat' dir='ltr'>nunc</span> <span class='ocrx_word' id='word_1_163' title='bbox 293 2615 428 2702; x_wconf 87' lang='lat' dir='ltr'>regnat,</span> <span class='ocrx_word' id='word_1_164' title='bbox 455 2631 655 2703; x_wconf 88' lang='lat' dir='ltr'>generasse,</span> <span class='ocrx_word' id='word_1_165' title='bbox 683 2607 837 2679; x_wconf 89' lang='lat' dir='ltr'>invisum</span> <span class='ocrx_word' id='word_1_166' title='bbox 863 2609 1039 2704; x_wconf 88' lang='lat' dir='ltr'>vilemque</span> <span class='ocrx_word' id='word_1_167' title='bbox 1067 2609 1323 2705; x_wconf 88' lang='lat' dir='ltr'>popularibus,</span> <span class='ocrx_word' id='word_1_168' title='bbox 1347 2630 1400 2678; x_wconf 88' lang='lat' dir='ltr'>ma·</span> 
     </span>
     <span class='ocr_line' id='line_1_22' title="bbox 171 2715 1420 2817; baseline -0.003 -27"><span class='ocrx_word' id='word_1_169' title='bbox 171 2720 225 2817; x_wconf 93' lang='lat' dir='ltr'>gis</span> <span class='ocrx_word' id='word_1_170' title='bbox 253 2728 423 2816; x_wconf 89' lang='lat' dir='ltr'>paternae</span> <span class='ocrx_word' id='word_1_171' title='bbox 457 2720 640 2810; x_wconf 84' lang='lat' dir='ltr'>fortunae,</span> <span class='ocrx_word' id='word_1_172' title='bbox 681 2745 787 2816; x_wconf 89' lang='lat' dir='ltr'>quam</span> <span class='ocrx_word' id='word_1_173' title='bbox 815 2743 917 2810; x_wconf 90' lang='lat' dir='ltr'>suae,</span> <span class='ocrx_word' id='word_1_174' title='bbox 952 2742 1164 2791; x_wconf 88' lang='lat' dir='ltr'>memorem.</span> <span class='ocrx_word' id='word_1_175' title='bbox 1220 2715 1420 2792; x_wconf 72' lang='lat' dir='ltr'>Affirmatiot</span> 
     </span>
    </p>
   </div>
   <div class='ocr_carea' id='block_1_3' title="bbox 169 2916 1401 4494">
    <p class='ocr_par' dir='ltr' id='par_1_3' title="bbox 171 2916 1401 3193">
     <span class='ocr_line' id='line_1_23' title="bbox 209 2916 1401 2992; baseline -0.006 -17"><span class='ocrx_word' id='word_1_176' title='bbox 209 2921 273 2992; x_wconf 87' lang='lat' dir='ltr'>Cap.</span> <span class='ocrx_word' id='word_1_177' title='bbox 293 2928 321 2985; x_wconf 78' lang='lat'>7,</span> <span class='ocrx_word' id='word_1_178' title='bbox 345 2923 366 2989; x_wconf 67' lang='grc' dir='ltr'>ξ.</span> <span class='ocrx_word' id='word_1_179' title='bbox 386 2926 410 2973; x_wconf 84' lang='lat'>2.</span> <span class='ocrx_word' id='word_1_180' title='bbox 446 2921 563 2988; x_wconf 75' lang='lat' dir='ltr'>excipere</span> <span class='ocrx_word' id='word_1_181' title='bbox 588 2922 680 2974; x_wconf 82' lang='lat' dir='ltr'>deiude</span> <span class='ocrx_word' id='word_1_182' title='bbox 701 2920 776 2973; x_wconf 82' lang='lat' dir='ltr'>Gon·</span> <span class='ocrx_word' id='word_1_183' title='bbox 810 2917 886 2971; x_wconf 86' lang='lat' dir='ltr'>finxit</span> <span class='ocrx_word' id='word_1_184' title='bbox 902 2919 1003 2987; x_wconf 82' lang='lat' dir='ltr'>regulo,</span> <span class='ocrx_word' id='word_1_185' title='bbox 1022 2916 1078 2971; x_wconf 81' lang='lat' dir='ltr'>nod</span> <span class='ocrx_word' id='word_1_186' title='bbox 1096 2917 1246 2991; x_wconf 85' lang='lat' dir='ltr'>intelligas.</span> <span class='ocrx_word' id='word_1_187' title='bbox 1277 2917 1330 2974; x_wconf 86' lang='lat' dir='ltr'>hlei</span> <span class='ocrx_word' id='word_1_188' title='bbox 1346 2922 1401 2970; x_wconf 79' lang='lat' dir='ltr'>certe</span> 
     </span>
     <span class='ocr_line' id='line_1_24' title="bbox 191 2986 1401 3060; baseline -0.007 -16"><span class='ocrx_word' id='word_1_189' title='bbox 191 2995 232 3059; x_wconf 80' lang='lat' dir='ltr'>cn]</span> <span class='ocrx_word' id='word_1_190' title='bbox 268 2990 357 3060; x_wconf 87' lang='lat' dir='ltr'>Vulgo</span> <span class='ocrx_word' id='word_1_191' title='bbox 374 2990 501 3058; x_wconf 65' lang='lat' dir='ltr'>(longera,</span> <span class='ocrx_word' id='word_1_192' title='bbox 520 2991 565 3042; x_wconf 87' lang='lat' dir='ltr'>sed</span> <span class='ocrx_word' id='word_1_193' title='bbox 586 2991 697 3058; x_wconf 67' lang='lat' dir='ltr'>Gangen</span> <span class='ocrx_word' id='word_1_194' title='bbox 714 3006 775 3041; x_wconf 89' lang='lat' dir='ltr'>mss.</span> <span class='ocrx_word' id='word_1_195' title='bbox 810 2986 1048 3041; x_wconf 65' lang='lat' dir='ltr'>montuosum</span> <span class='ocrx_word' id='word_1_196' title='bbox 1067 2987 1142 3057; x_wconf 87' lang='lat' dir='ltr'>vulg.</span> <span class='ocrx_word' id='word_1_197' title='bbox 1154 2991 1340 3059; x_wconf 72' lang='lat' dir='ltr'>qurammcm</span> <span class='ocrx_word' id='word_1_198' title='bbox 1355 3002 1401 3039; x_wconf 84' lang='lat' dir='ltr'>con·</span> 
     </span>
     <span class='ocr_line' id='line_1_25' title="bbox 171 3011 1400 3127; baseline -0.005 -15"><span class='ocrx_word' id='word_1_199' title='bbox 171 3011 271 3113; x_wconf 67' lang='lat' dir='ltr'>habere</span> <span class='ocrx_word' id='word_1_200' title='bbox 299 3057 435 3112; x_wconf 88' lang='lat' dir='ltr'>contendit</span> <span class='ocrx_word' id='word_1_201' title='bbox 461 3057 542 3110; x_wconf 84' lang='lat' dir='ltr'>Snak.</span> <span class='ocrx_word' id='word_1_202' title='bbox 574 3066 602 3111; x_wconf 90' lang='lat' dir='ltr'>et</span> <span class='ocrx_word' id='word_1_203' title='bbox 628 3065 775 3111; x_wconf 91' lang='lat' dir='ltr'>nostrorum</span> <span class='ocrx_word' id='word_1_204' title='bbox 810 3056 938 3121; x_wconf 88' lang='lat' dir='ltr'>sentiunt,</span> <span class='ocrx_word' id='word_1_205' title='bbox 957 3055 1038 3109; x_wconf 88' lang='lat' dir='ltr'>ceteri</span> <span class='ocrx_word' id='word_1_206' title='bbox 1056 3074 1209 3125; x_wconf 70' lang='lat' dir='ltr'>apyromen</span> <span class='ocrx_word' id='word_1_207' title='bbox 1228 3067 1277 3112; x_wconf 88' lang='lat' dir='ltr'>aut</span> <span class='ocrx_word' id='word_1_208' title='bbox 1293 3070 1400 3127; x_wconf 67' lang='lat' dir='ltr'>aprunus</span> 
     </span>
     <span class='ocr_line' id='line_1_26' title="bbox 172 3124 1401 3193; baseline -0.006 -12"><span class='ocrx_word' id='word_1_209' title='bbox 172 3128 300 3182; x_wconf 84' lang='lat' dir='ltr'>exhibent</span> <span class='ocrx_word' id='word_1_210' title='bbox 316 3127 388 3179; x_wconf 86' lang='lat' dir='ltr'>Flor.</span> <span class='ocrx_word' id='word_1_211' title='bbox 407 3126 474 3177; x_wconf 88' lang='lat' dir='ltr'>ADI</span> <span class='ocrx_word' id='word_1_212' title='bbox 490 3126 570 3179; x_wconf 86' lang='lat' dir='ltr'>Bern.</span> <span class='ocrx_word' id='word_1_213' title='bbox 589 3127 621 3182; x_wconf 88' lang='lat' dir='ltr'>A.</span> <span class='ocrx_word' id='word_1_214' title='bbox 810 3125 898 3178; x_wconf 85' lang='lat' dir='ltr'>Ambo</span> <span class='ocrx_word' id='word_1_215' title='bbox 914 3124 994 3177; x_wconf 91' lang='lat' dir='ltr'>Beru.</span> <span class='ocrx_word' id='word_1_216' title='bbox 1016 3142 1053 3193; x_wconf 76' lang='lat'>99</span> <span class='ocrx_word' id='word_1_217' title='bbox 1072 3125 1121 3176; x_wconf 92' lang='lat' dir='ltr'>sed</span> <span class='ocrx_word' id='word_1_218' title='bbox 1139 3125 1298 3180; x_wconf 83' lang='lat' dir='ltr'>terminatio</span> <span class='ocrx_word' id='word_1_219' title='bbox 1314 3131 1401 3178; x_wconf 76' lang='lat' dir='ltr'>notatu</span> 
     </span>
    </p>

    <p class='ocr_par' dir='ltr' id='par_1_4' title="bbox 169 3190 1401 4154">
     <span class='ocr_line' id='line_1_27' title="bbox 208 3190 1400 3265; baseline -0.006 -16"><span class='ocrx_word' id='word_1_220' title='bbox 208 3201 231 3265; x_wconf 63' lang='grc' dir='ltr'>ᾗ.</span> <span class='ocrx_word' id='word_1_221' title='bbox 250 3202 273 3249; x_wconf 88' lang='grc'>3.</span> <span class='ocrx_word' id='word_1_222' title='bbox 311 3197 483 3264; x_wconf 64' lang='lat' dir='ltr'>Gangaridas</span> <span class='ocrx_word' id='word_1_223' title='bbox 501 3206 524 3247; x_wconf 82' lang='lat' dir='ltr'>ct</span> <span class='ocrx_word' id='word_1_224' title='bbox 542 3196 663 3262; x_wconf 81' lang='lat' dir='ltr'>Prasios]</span> <span class='ocrx_word' id='word_1_225' title='bbox 699 3200 775 3245; x_wconf 77' lang='grc' dir='ltr'><strong><em>Γαν-</em></strong></span> <span class='ocrx_word' id='word_1_226' title='bbox 811 3194 849 3246; x_wconf 89' lang='lat' dir='ltr'>sic</span> <span class='ocrx_word' id='word_1_227' title='bbox 866 3200 895 3244; x_wconf 89' lang='lat' dir='ltr'>ut</span> <span class='ocrx_word' id='word_1_228' title='bbox 911 3192 954 3245; x_wconf 86' lang='lat' dir='ltr'>vel</span> <span class='ocrx_word' id='word_1_229' title='bbox 971 3210 1010 3245; x_wconf 84' lang='lat' dir='ltr'>cm</span> <span class='ocrx_word' id='word_1_230' title='bbox 1027 3191 1072 3244; x_wconf 88' lang='lat' dir='ltr'>vel</span> <span class='ocrx_word' id='word_1_231' title='bbox 1095 3210 1128 3244; x_wconf 83' lang='lat' dir='ltr'>en</span> <span class='ocrx_word' id='word_1_232' title='bbox 1147 3195 1238 3263; x_wconf 83' lang='lat' dir='ltr'>possit</span> <span class='ocrx_word' id='word_1_233' title='bbox 1260 3212 1322 3248; x_wconf 89' lang='lat' dir='ltr'>esse.</span> <span class='ocrx_word' id='word_1_234' title='bbox 1352 3190 1400 3244; x_wconf 80' lang='lat' dir='ltr'>Dio</span> 
     </span>
     <span class='ocr_line' id='line_1_28' title="bbox 175 3257 1324 3335; baseline 0.001 -19"><span class='ocrx_word' id='word_1_235' title='bbox 175 3261 288 3335; x_wconf 77' lang='grc' dir='ltr'><strong><em>δαρίδας</em></strong></span> <span class='ocrx_word' id='word_1_236' title='bbox 306 3263 424 3334; x_wconf 88' lang='lat' dir='ltr'>appellat</span> <span class='ocrx_word' id='word_1_237' title='bbox 441 3263 581 3331; x_wconf 87' lang='lat' dir='ltr'>Diodoms,</span> <span class='ocrx_word' id='word_1_238' title='bbox 601 3264 648 3316; x_wconf 88' lang='lat' dir='ltr'>sed</span> <span class='ocrx_word' id='word_1_239' title='bbox 666 3279 776 3315; x_wconf 91' lang='lat' dir='ltr'>consen·</span> <span class='ocrx_word' id='word_1_240' title='bbox 810 3264 889 3315; x_wconf 90' lang='lat' dir='ltr'>dorus</span> <span class='ocrx_word' id='word_1_241' title='bbox 907 3278 929 3313; x_wconf 90' lang='lat' dir='ltr'>c.</span> <span class='ocrx_word' id='word_1_242' title='bbox 948 3268 979 3314; x_wconf 83' lang='lat'>93</span> <span class='ocrx_word' id='word_1_243' title='bbox 999 3257 1181 3332; x_wconf 76' lang='grc' dir='ltr'><em>Ξανδράμην</em></span> <span class='ocrx_word' id='word_1_244' title='bbox 1199 3283 1216 3316; x_wconf 86' lang='lat' dir='ltr'>a</span> <span class='ocrx_word' id='word_1_245' title='bbox 1236 3264 1324 3334; x_wconf 83' lang='lat' dir='ltr'>pellat</span> 
     </span>
     <span class='ocr_line' id='line_1_29' title="bbox 172 3282 1401 3452; baseline -0.005 -67"><span class='ocrx_word' id='word_1_246' title='bbox 172 3333 243 3386; x_wconf 88' lang='lat' dir='ltr'>tiunt</span> <span class='ocrx_word' id='word_1_247' title='bbox 264 3332 435 3452; x_wconf 64' lang='lat' dir='ltr'>interpretes,</span> <span class='ocrx_word' id='word_1_248' title='bbox 462 3349 557 3411; x_wconf 80' lang='lat' dir='ltr'>nomen</span> <span class='ocrx_word' id='word_1_249' title='bbox 583 3331 648 3383; x_wconf 88' lang='lat' dir='ltr'>illud</span> <span class='ocrx_word' id='word_1_250' title='bbox 671 3331 775 3410; x_wconf 77' lang='lat' dir='ltr'>Curtia-</span> <span class='ocrx_word' id='word_1_251' title='bbox 845 3333 867 3398; x_wconf 69' lang='grc' dir='ltr'>ξ.</span> <span class='ocrx_word' id='word_1_252' title='bbox 885 3337 910 3382; x_wconf 84' lang='grc'>4.</span> <span class='ocrx_word' id='word_1_253' title='bbox 946 3332 982 3382; x_wconf 85' lang='lat' dir='ltr'>ud</span> <span class='ocrx_word' id='word_1_254' title='bbox 998 3331 1055 3407; x_wconf 76' lang='lat' dir='ltr'>hoc]</span> <span class='ocrx_word' id='word_1_255' title='bbox 1094 3329 1142 3383; x_wconf 80' lang='lat' dir='ltr'>sio</span> <span class='ocrx_word' id='word_1_256' title='bbox 1160 3282 1348 3386; x_wconf 73' lang='lat' dir='ltr'>Leid.v0ss.1</span> <span class='ocrx_word' id='word_1_257' title='bbox 1366 3327 1401 3394; x_wconf 81' lang='lat' dir='ltr'>(ad</span> 
     </span>
     <span class='ocr_line' id='line_1_30' title="bbox 172 3393 1400 3535; baseline -0.003 -15"><span class='ocrx_word' id='word_1_258' title='bbox 172 3419 235 3521; x_wconf 60' lang='lat' dir='ltr'>ill?</span> <span class='ocrx_word' id='word_1_259' title='bbox 245 3400 775 3535; x_wconf 57' lang='lat' dir='ltr'>ntttfiltnsfftt‘t{lththtffi</span> <span class='ocrx_word' id='word_1_260' title='bbox 808 3393 1400 3535; x_wconf 57' lang='lat' dir='ltr'>ltlfl,nt&#39;htffittttittltttlt</span> 
     </span>
     <span class='ocr_line' id='line_1_31' title="bbox 171 3534 1398 3608; baseline -0.002 -19"><span class='ocrx_word' id='word_1_261' title='bbox 171 3535 252 3608; x_wconf 88' lang='lat' dir='ltr'>ipsius</span> <span class='ocrx_word' id='word_1_262' title='bbox 267 3535 375 3606; x_wconf 85' lang='lat' dir='ltr'>Gangis,</span> <span class='ocrx_word' id='word_1_263' title='bbox 394 3555 410 3589; x_wconf 85' lang='lat' dir='ltr'>a</span> <span class='ocrx_word' id='word_1_264' title='bbox 428 3555 480 3607; x_wconf 90' lang='lat' dir='ltr'>quo</span> <span class='ocrx_word' id='word_1_265' title='bbox 500 3538 642 3590; x_wconf 88' lang='lat' dir='ltr'>deductum</span> <span class='ocrx_word' id='word_1_266' title='bbox 659 3536 774 3602; x_wconf 91' lang='lat' dir='ltr'>videtur,</span> <span class='ocrx_word' id='word_1_267' title='bbox 809 3535 894 3605; x_wconf 86' lang='lat' dir='ltr'>Supra</span> <span class='ocrx_word' id='word_1_268' title='bbox 911 3535 945 3586; x_wconf 88' lang='lat' dir='ltr'>ad</span> <span class='ocrx_word' id='word_1_269' title='bbox 958 3549 998 3600; x_wconf 89' lang='lat' dir='ltr'>1v,</span> <span class='ocrx_word' id='word_1_270' title='bbox 1017 3540 1051 3587; x_wconf 83' lang='lat'>30</span> <span class='ocrx_word' id='word_1_271' title='bbox 1070 3534 1226 3605; x_wconf 87' lang='lat' dir='ltr'>docuimus,</span> <span class='ocrx_word' id='word_1_272' title='bbox 1245 3540 1283 3590; x_wconf 84' lang='lat' dir='ltr'>ad</span> <span class='ocrx_word' id='word_1_273' title='bbox 1293 3540 1336 3590; x_wconf 81' lang='lat' dir='ltr'>hoc</span> <span class='ocrx_word' id='word_1_274' title='bbox 1350 3550 1398 3587; x_wconf 81' lang='lat' dir='ltr'>sem·</span> 
     </span>
     <span class='ocr_line' id='line_1_32' title="bbox 190 3599 1398 3685; baseline -0.003 -27"><span class='ocrx_word' id='word_1_275' title='bbox 190 3604 332 3658; x_wconf 85' lang='lat' dir='ltr'>robabilius</span> <span class='ocrx_word' id='word_1_276' title='bbox 366 3622 430 3657; x_wconf 90' lang='lat' dir='ltr'>esse.</span> <span class='ocrx_word' id='word_1_277' title='bbox 483 3605 537 3658; x_wconf 88' lang='lat' dir='ltr'>Sed</span> <span class='ocrx_word' id='word_1_278' title='bbox 573 3605 618 3685; x_wconf 88' lang='lat' dir='ltr'>qui</span> <span class='ocrx_word' id='word_1_279' title='bbox 648 3612 775 3658; x_wconf 87' lang='lat' dir='ltr'>vocantur</span> <span class='ocrx_word' id='word_1_280' title='bbox 808 3620 855 3674; x_wconf 87' lang='lat' dir='ltr'>per</span> <span class='ocrx_word' id='word_1_281' title='bbox 873 3602 900 3654; x_wconf 94' lang='lat' dir='ltr'>in</span> <span class='ocrx_word' id='word_1_282' title='bbox 917 3603 956 3655; x_wconf 90' lang='lat' dir='ltr'>his</span> <span class='ocrx_word' id='word_1_283' title='bbox 977 3601 1051 3655; x_wconf 91' lang='lat' dir='ltr'>libris</span> <span class='ocrx_word' id='word_1_284' title='bbox 1074 3602 1204 3658; x_wconf 89' lang='lat' dir='ltr'>obtinere</span> <span class='ocrx_word' id='word_1_285' title='bbox 1227 3624 1277 3676; x_wconf 92' lang='lat' dir='ltr'>pro</span> <span class='ocrx_word' id='word_1_286' title='bbox 1301 3599 1398 3673; x_wconf 82' lang='lat' dir='ltr'>eoquod</span> 
     </span>
     <span class='ocr_line' id='line_1_33' title="bbox 197 3673 1007 3742; baseline -0.005 -16"><span class='ocrx_word' id='word_1_287' title='bbox 197 3675 272 3739; x_wconf 73' lang='lat' dir='ltr'>rusti,</span> <span class='ocrx_word' id='word_1_288' title='bbox 289 3673 317 3725; x_wconf 91' lang='lat' dir='ltr'>in</span> <span class='ocrx_word' id='word_1_289' title='bbox 334 3674 465 3728; x_wconf 86' lang='lat' dir='ltr'>codicibus</span> <span class='ocrx_word' id='word_1_290' title='bbox 476 3673 773 3727; x_wconf 79' lang='lat' dir='ltr'>CurtiamssuntPhor·</span> <span class='ocrx_word' id='word_1_291' title='bbox 808 3680 849 3725; x_wconf 90' lang='lat' dir='ltr'>est</span> <span class='ocrx_word' id='word_1_292' title='bbox 864 3679 1007 3742; x_wconf 84' lang='lat' dir='ltr'>praeterea.</span> 
     </span>
     <span class='ocr_line' id='line_1_34' title="bbox 170 3737 1396 3819; baseline -0.001 -23"><span class='ocrx_word' id='word_1_293' title='bbox 170 3744 240 3796; x_wconf 78' lang='lat' dir='ltr'>rasit</span> <span class='ocrx_word' id='word_1_294' title='bbox 266 3750 312 3794; x_wconf 88' lang='lat' dir='ltr'>aut</span> <span class='ocrx_word' id='word_1_295' title='bbox 333 3744 473 3809; x_wconf 80' lang='lat' dir='ltr'>Parrasii,</span> <span class='ocrx_word' id='word_1_296' title='bbox 502 3743 573 3811; x_wconf 92' lang='lat' dir='ltr'>quod</span> <span class='ocrx_word' id='word_1_297' title='bbox 590 3759 684 3795; x_wconf 90' lang='lat' dir='ltr'>nomen</span> <span class='ocrx_word' id='word_1_298' title='bbox 703 3742 773 3809; x_wconf 89' lang='lat' dir='ltr'>apud</span> <span class='ocrx_word' id='word_1_299' title='bbox 842 3743 864 3808; x_wconf 82' lang='lat'>§.</span> <span class='ocrx_word' id='word_1_300' title='bbox 884 3747 907 3792; x_wconf 81' lang='grc'>7.</span> <span class='ocrx_word' id='word_1_301' title='bbox 943 3741 988 3819; x_wconf 77' lang='lat' dir='ltr'>qui</span> <span class='ocrx_word' id='word_1_302' title='bbox 1000 3745 1190 3809; x_wconf 73' lang='lat' dir='ltr'>nuncreynot]</span> <span class='ocrx_word' id='word_1_303' title='bbox 1216 3741 1282 3795; x_wconf 88' lang='lat' dir='ltr'>Non</span> <span class='ocrx_word' id='word_1_304' title='bbox 1292 3737 1396 3811; x_wconf 68' lang='lat' dir='ltr'>improbo,</span> 
     </span>
     <span class='ocr_line' id='line_1_35' title="bbox 170 3806 1398 3881; baseline -0.006 -16"><span class='ocrx_word' id='word_1_305' title='bbox 170 3819 273 3865; x_wconf 83' lang='lat' dir='ltr'>ceteros</span> <span class='ocrx_word' id='word_1_306' title='bbox 283 3820 403 3864; x_wconf 88' lang='lat' dir='ltr'>auctores</span> <span class='ocrx_word' id='word_1_307' title='bbox 414 3829 467 3863; x_wconf 92' lang='lat' dir='ltr'>nou</span> <span class='ocrx_word' id='word_1_308' title='bbox 483 3810 587 3879; x_wconf 82' lang='lat' dir='ltr'>legitur.</span> <span class='ocrx_word' id='word_1_309' title='bbox 605 3811 675 3863; x_wconf 85' lang='lat' dir='ltr'>Nam</span> <span class='ocrx_word' id='word_1_310' title='bbox 684 3816 773 3881; x_wconf 76' lang='grc' dir='ltr'><strong><em>Πραι-</em></strong></span> <span class='ocrx_word' id='word_1_311' title='bbox 808 3809 950 3878; x_wconf 91' lang='lat' dir='ltr'>immoqu1</span> <span class='ocrx_word' id='word_1_312' title='bbox 971 3825 1040 3860; x_wconf 81' lang='lat' dir='ltr'>nunc</span> <span class='ocrx_word' id='word_1_313' title='bbox 1068 3806 1162 3861; x_wconf 87' lang='lat' dir='ltr'>dicere</span> <span class='ocrx_word' id='word_1_314' title='bbox 1187 3811 1268 3877; x_wconf 88' lang='lat' dir='ltr'>velit,</span> <span class='ocrx_word' id='word_1_315' title='bbox 1294 3808 1317 3863; x_wconf 90' lang='lat' dir='ltr'>ei</span> <span class='ocrx_word' id='word_1_316' title='bbox 1339 3819 1398 3877; x_wconf 71' lang='lat' dir='ltr'>prac-</span> 
     </span>
     <span class='ocr_line' id='line_1_36' title="bbox 171 3871 1397 3946; baseline -0.005 -14"><span class='ocrx_word' id='word_1_317' title='bbox 171 3886 248 3934; x_wconf 79' lang='lat' dir='ltr'>olooc</span> <span class='ocrx_word' id='word_1_318' title='bbox 264 3879 421 3933; x_wconf 85' lang='lat' dir='ltr'>Plutarchus</span> <span class='ocrx_word' id='word_1_319' title='bbox 443 3887 472 3931; x_wconf 87' lang='lat' dir='ltr'>et</span> <span class='ocrx_word' id='word_1_320' title='bbox 489 3877 628 3942; x_wconf 88' lang='lat' dir='ltr'>Aelianus,</span> <span class='ocrx_word' id='word_1_321' title='bbox 649 3879 712 3931; x_wconf 88' lang='lat' dir='ltr'>item</span> <span class='ocrx_word' id='word_1_322' title='bbox 729 3878 774 3929; x_wconf 90' lang='lat' dir='ltr'>Iu·</span> <span class='ocrx_word' id='word_1_323' title='bbox 809 3893 867 3930; x_wconf 88' lang='lat' dir='ltr'>sens</span> <span class='ocrx_word' id='word_1_324' title='bbox 889 3876 993 3928; x_wconf 86' lang='lat' dir='ltr'>videtur</span> <span class='ocrx_word' id='word_1_325' title='bbox 1014 3877 1199 3932; x_wconf 83' lang='lat' dir='ltr'>necessarium</span> <span class='ocrx_word' id='word_1_326' title='bbox 1226 3895 1297 3946; x_wconf 86' lang='lat' dir='ltr'>esse,</span> <span class='ocrx_word' id='word_1_327' title='bbox 1318 3871 1397 3930; x_wconf 80' lang='lat' dir='ltr'>sedh·</span> 
     </span>
     <span class='ocr_line' id='line_1_37' title="bbox 170 3941 1396 4018; baseline -0.002 -18"><span class='ocrx_word' id='word_1_328' title='bbox 170 3947 253 4000; x_wconf 91' lang='lat' dir='ltr'>stinus</span> <span class='ocrx_word' id='word_1_329' title='bbox 270 3956 297 4000; x_wconf 89' lang='lat' dir='ltr'>et</span> <span class='ocrx_word' id='word_1_330' title='bbox 308 3948 424 4012; x_wconf 88' lang='lat' dir='ltr'>Orosius,</span> <span class='ocrx_word' id='word_1_331' title='bbox 442 3946 696 4018; x_wconf 66' lang='lat' dir='ltr'>Ilpaot&#39;ochtrabo,</span> <span class='ocrx_word' id='word_1_332' title='bbox 715 3945 774 3998; x_wconf 88' lang='lat' dir='ltr'>Ste·</span> <span class='ocrx_word' id='word_1_333' title='bbox 808 3945 878 3998; x_wconf 90' lang='lat' dir='ltr'>tinus</span> <span class='ocrx_word' id='word_1_334' title='bbox 908 3961 992 3997; x_wconf 88' lang='lat' dir='ltr'>sermo</span> <span class='ocrx_word' id='word_1_335' title='bbox 1024 3943 1135 3998; x_wconf 88' lang='lat' dir='ltr'>videtur</span> <span class='ocrx_word' id='word_1_336' title='bbox 1163 3954 1257 4000; x_wconf 82' lang='lat' dir='ltr'>tamen</span> <span class='ocrx_word' id='word_1_337' title='bbox 1285 3941 1396 4018; x_wconf 68' lang='lat' dir='ltr'>postulare</span> 
     </span>
     <span class='ocr_line' id='line_1_38' title="bbox 188 4013 1395 4082; baseline -0.003 -15"><span class='ocrx_word' id='word_1_338' title='bbox 188 4015 280 4081; x_wconf 88' lang='lat' dir='ltr'>banus,</span> <span class='ocrx_word' id='word_1_339' title='bbox 298 4016 427 4068; x_wconf 86' lang='lat' dir='ltr'>Pliniusa</span> <span class='ocrx_word' id='word_1_340' title='bbox 465 4013 555 4066; x_wconf 85' lang='lat' dir='ltr'>ellant.</span> <span class='ocrx_word' id='word_1_341' title='bbox 589 4015 659 4068; x_wconf 89' lang='lat' dir='ltr'>Vide</span> <span class='ocrx_word' id='word_1_342' title='bbox 667 4015 774 4069; x_wconf 86' lang='lat' dir='ltr'>Wesse-</span> <span class='ocrx_word' id='word_1_343' title='bbox 809 4015 854 4082; x_wconf 79' lang='lat' dir='ltr'>qui</span> <span class='ocrx_word' id='word_1_344' title='bbox 872 4023 924 4066; x_wconf 80' lang='lat' dir='ltr'>tum</span> <span class='ocrx_word' id='word_1_345' title='bbox 941 4021 1076 4082; x_wconf 57' lang='lat' dir='ltr'>reynaren</span> <span class='ocrx_word' id='word_1_346' title='bbox 1100 4013 1130 4066; x_wconf 89' lang='lat' dir='ltr'>ni</span> <span class='ocrx_word' id='word_1_347' title='bbox 1152 4015 1208 4070; x_wconf 91' lang='lat' dir='ltr'>hoc</span> <span class='ocrx_word' id='word_1_348' title='bbox 1225 4033 1283 4070; x_wconf 84' lang='lat' dir='ltr'>eam</span> <span class='ocrx_word' id='word_1_349' title='bbox 1303 4015 1334 4068; x_wconf 89' lang='lat' dir='ltr'>ob</span> <span class='ocrx_word' id='word_1_350' title='bbox 1351 4025 1395 4063; x_wconf 77' lang='lat' dir='ltr'>esu·</span> 
     </span>
     <span class='ocr_line' id='line_1_39' title="bbox 169 4033 1395 4154; baseline -0.004 -18"><span class='ocrx_word' id='word_1_351' title='bbox 169 4034 233 4153; x_wconf 85' lang='lat' dir='ltr'>ling.</span> <span class='ocrx_word' id='word_1_352' title='bbox 252 4033 557 4147; x_wconf 64' lang='lat' dir='ltr'>adDiodor.lid.xv11,</span> <span class='ocrx_word' id='word_1_353' title='bbox 577 4089 618 4137; x_wconf 81' lang='lat'>93.</span> <span class='ocrx_word' id='word_1_354' title='bbox 807 4099 862 4135; x_wconf 87' lang='lat' dir='ltr'>sam</span> <span class='ocrx_word' id='word_1_355' title='bbox 887 4080 985 4150; x_wconf 85' lang='lat' dir='ltr'>fugisse</span> <span class='ocrx_word' id='word_1_356' title='bbox 1002 4079 1130 4147; x_wconf 88' lang='lat' dir='ltr'>dicimus,</span> <span class='ocrx_word' id='word_1_357' title='bbox 1158 4086 1233 4154; x_wconf 88' lang='lat' dir='ltr'>quod</span> <span class='ocrx_word' id='word_1_358' title='bbox 1275 4082 1332 4136; x_wconf 73' lang='lat' dir='ltr'>culo</span> <span class='ocrx_word' id='word_1_359' title='bbox 1348 4083 1395 4131; x_wconf 74' lang='lat' dir='ltr'>mte</span> 
     </span>
    </p>

    <p class='ocr_par' dir='ltr' id='par_1_5' title="bbox 169 4149 1394 4494">
     <span class='ocr_line' id='line_1_40' title="bbox 204 4149 1394 4232; baseline 0 -30"><span class='ocrx_word' id='word_1_360' title='bbox 204 4155 399 4220; x_wconf 67' lang='lat' dir='ltr'>Apprummcm]</span> <span class='ocrx_word' id='word_1_361' title='bbox 443 4151 515 4204; x_wconf 87' lang='lat' dir='ltr'>Flor.</span> <span class='ocrx_word' id='word_1_362' title='bbox 535 4151 560 4202; x_wconf 93' lang='lat' dir='ltr'>D</span> <span class='ocrx_word' id='word_1_363' title='bbox 586 4153 771 4219; x_wconf 68' lang='lat' dir='ltr'>Aprummen,</span> <span class='ocrx_word' id='word_1_364' title='bbox 808 4152 922 4221; x_wconf 81' lang='lat' dir='ltr'>quitum</span> <span class='ocrx_word' id='word_1_365' title='bbox 937 4159 1074 4218; x_wconf 65' lang='lat' dir='ltr'>regnasset</span> <span class='ocrx_word' id='word_1_366' title='bbox 1093 4151 1212 4232; x_wconf 86' lang='lat' dir='ltr'>scripsit.</span> <span class='ocrx_word' id='word_1_367' title='bbox 1267 4149 1394 4205; x_wconf 63' lang='lat' dir='ltr'>eindure</span> 
     </span>
     <span class='ocr_line' id='line_1_41' title="bbox 169 4170 1393 4288; baseline 0.006 -19"><span class='ocrx_word' id='word_1_368' title='bbox 169 4217 237 4270; x_wconf 87' lang='lat' dir='ltr'>sicut</span> <span class='ocrx_word' id='word_1_369' title='bbox 254 4219 337 4272; x_wconf 91' lang='lat' dir='ltr'>edidit</span> <span class='ocrx_word' id='word_1_370' title='bbox 354 4220 489 4273; x_wconf 87' lang='lat' dir='ltr'>Snakenb.</span> <span class='ocrx_word' id='word_1_371' title='bbox 508 4235 542 4270; x_wconf 85' lang='lat' dir='ltr'>ex</span> <span class='ocrx_word' id='word_1_372' title='bbox 559 4170 633 4271; x_wconf 84' lang='lat' dir='ltr'>Leid.</span> <span class='ocrx_word' id='word_1_373' title='bbox 651 4219 728 4272; x_wconf 87' lang='lat' dir='ltr'>Voss.</span> <span class='ocrx_word' id='word_1_374' title='bbox 748 4227 771 4284; x_wconf 88' lang='lat' dir='ltr'>l,</span> <span class='ocrx_word' id='word_1_375' title='bbox 805 4227 866 4288; x_wconf 72' lang='lat' dir='ltr'>quet</span> <span class='ocrx_word' id='word_1_376' title='bbox 892 4217 1060 4272; x_wconf 88' lang='lat' dir='ltr'>scribendum</span> <span class='ocrx_word' id='word_1_377' title='bbox 1088 4221 1218 4275; x_wconf 77' lang='lat' dir='ltr'>comecit</span> <span class='ocrx_word' id='word_1_378' title='bbox 1263 4221 1303 4275; x_wconf 77' lang='lat' dir='ltr'>ct</span> <span class='ocrx_word' id='word_1_379' title='bbox 1322 4217 1393 4276; x_wconf 64' lang='lat' dir='ltr'>ndffir</span> 
     </span>
     <span class='ocr_line' id='line_1_42' title="bbox 169 4284 877 4356; baseline 0.003 -20"><span class='ocrx_word' id='word_1_380' title='bbox 169 4284 209 4336; x_wconf 89' lang='lat' dir='ltr'>uti</span> <span class='ocrx_word' id='word_1_381' title='bbox 227 4285 282 4354; x_wconf 83' lang='lat' dir='ltr'>ipse</span> <span class='ocrx_word' id='word_1_382' title='bbox 300 4287 374 4355; x_wconf 89' lang='lat' dir='ltr'>dicit,</span> <span class='ocrx_word' id='word_1_383' title='bbox 392 4290 439 4341; x_wconf 90' lang='lat' dir='ltr'>sed</span> <span class='ocrx_word' id='word_1_384' title='bbox 457 4296 545 4340; x_wconf 92' lang='lat' dir='ltr'>utrum</span> <span class='ocrx_word' id='word_1_385' title='bbox 563 4287 615 4339; x_wconf 90' lang='lat' dir='ltr'>hoc</span> <span class='ocrx_word' id='word_1_386' title='bbox 633 4287 667 4338; x_wconf 89' lang='lat' dir='ltr'>ad</span> <span class='ocrx_word' id='word_1_387' title='bbox 685 4285 772 4356; x_wconf 91' lang='lat' dir='ltr'>dupli·</span> <span class='ocrx_word' id='word_1_388' title='bbox 809 4293 836 4351; x_wconf 79' lang='lat'>6,</span> <span class='ocrx_word' id='word_1_389' title='bbox 853 4291 877 4339; x_wconf 78' lang='grc'>5.</span> 
     </span>
     <span class='ocr_line' id='line_1_43' title="bbox 170 4345 1392 4425; baseline 0.006 -21"><span class='ocrx_word' id='word_1_390' title='bbox 170 4359 241 4404; x_wconf 81' lang='lat' dir='ltr'>catus</span> <span class='ocrx_word' id='word_1_391' title='bbox 258 4352 356 4421; x_wconf 83' lang='lat' dir='ltr'>literas,</span> <span class='ocrx_word' id='word_1_392' title='bbox 374 4374 409 4408; x_wconf 85' lang='lat' dir='ltr'>sn</span> <span class='ocrx_word' id='word_1_393' title='bbox 427 4358 461 4408; x_wconf 88' lang='lat' dir='ltr'>ad</span> <span class='ocrx_word' id='word_1_394' title='bbox 469 4354 680 4408; x_wconf 88' lang='lat' dir='ltr'>terminationem</span> <span class='ocrx_word' id='word_1_395' title='bbox 698 4371 772 4407; x_wconf 85' lang='lat' dir='ltr'>casus</span> <span class='ocrx_word' id='word_1_396' title='bbox 841 4356 950 4407; x_wconf 80' lang='lat' dir='ltr'>invisum</span> <span class='ocrx_word' id='word_1_397' title='bbox 967 4355 1102 4425; x_wconf 72' lang='lat' dir='ltr'>odemquc]</span> <span class='ocrx_word' id='word_1_398' title='bbox 1121 4356 1260 4413; x_wconf 88' lang='lat' dir='ltr'>Diodorus</span> <span class='ocrx_word' id='word_1_399' title='bbox 1268 4345 1392 4412; x_wconf 61' lang='lat' dir='ltr'>laetali</span> 
     </span>
     <span class='ocr_line' id='line_1_44' title="bbox 169 4416 1256 4494; baseline 0.01 -25"><span class='ocrx_word' id='word_1_400' title='bbox 169 4416 313 4491; x_wconf 77' lang='lat' dir='ltr'>pertineat,</span> <span class='ocrx_word' id='word_1_401' title='bbox 335 4441 385 4492; x_wconf 92' lang='lat' dir='ltr'>pro</span> <span class='ocrx_word' id='word_1_402' title='bbox 403 4431 531 4494; x_wconf 84' lang='lat' dir='ltr'>perpetus</span> <span class='ocrx_word' id='word_1_403' title='bbox 548 4441 626 4494; x_wconf 86' lang='lat' dir='ltr'>quam</span> <span class='ocrx_word' id='word_1_404' title='bbox 648 4423 698 4478; x_wconf 91' lang='lat' dir='ltr'>sibi</span> <span class='ocrx_word' id='word_1_405' title='bbox 715 4423 772 4493; x_wconf 89' lang='lat' dir='ltr'>ipse</span> <span class='ocrx_word' id='word_1_406' title='bbox 807 4421 953 4478; x_wconf 73' lang='grc' dir='ltr'>παντελῶς</span> <span class='ocrx_word' id='word_1_407' title='bbox 971 4422 1047 4475; x_wconf 74' lang='grc' dir='ltr'><strong><em>εἶναι</em></strong></span> <span class='ocrx_word' id='word_1_408' title='bbox 1065 4430 1115 4477; x_wconf 81' lang='grc' dir='ltr'>καὶ</span> <span class='ocrx_word' id='word_1_409' title='bbox 1134 4422 1256 4487; x_wconf 72' lang='grc' dir='ltr'><strong><em>ἄδοξον.</em></strong></span> 
     </span>
    </p>
   </div>
   <div class='ocr_carea' id='block_1_4' title="bbox 0 0 1468 5174">
    <p class='ocr_par' dir='ltr' id='par_1_6' title="bbox 0 0 1468 5174">
     <span class='ocr_line' id='line_1_45' title="bbox 0 0 1468 5174; baseline 0 3"><span class='ocrx_word' id='word_1_410' title='bbox 0 0 1468 5174; x_wconf 95' lang='lat' dir='ltr'> </span> 
     </span>
    </p>
   </div>
   <div class='ocr_carea' id='block_1_5' title="bbox 1453 1601 1471 4399">
    <p class='ocr_par' dir='ltr' id='par_1_7' title="bbox 1453 1601 1471 4399">
     <span class='ocr_line' id='line_1_46' title="bbox 1453 1601 1471 4399; baseline 0 0"><span class='ocrx_word' id='word_1_411' title='bbox 1453 1601 1471 4399; x_wconf 95' lang='lat' dir='ltr'> </span> 
     </span>
    </p>
   </div>
  </div>
 </body>
</html>
