2926 5174
477 321 526 371 us
552 317 678 371 ausus
704 318 815 373 Anax.
843 320 919 388 v111,
934 317 976 368 51.
1298 297 1371 369 425

144 503 223 576 telis
248 500 399 598 undique
425 502 600 595 obruitur,
627 504 865 600 confossoque
892 530 944 595 eo,
971 505 1008 577 in
1035 503 1237 578 vehiculum
1257 499 1372 575 Porus

100 635 125 683 n
143 614 342 711 imponitur.
394 610 510 703 Quem
535 640 602 688 rex
624 625 663 686 ut
685 613 777 686 vidit
795 616 1011 688 allevantem
1029 616 1160 704 oculos,
1187 639 1259 685 non
1281 613 1374 704 odio,

136 725 205 804 'sed
232 725 454 798 miseratione
482 734 691 815 commotus,
720 720 830 817 Quae,
855 726 995 818 aratura,
1020 725 1150 822 inquit,
1176 723 1320 797 anumia
1346 737 1375 798 te

140 835 254 935 coepit,
288 861 397 910 raum
422 860 574 910 nuaram
601 836 732 935 copnita
756 840 874 937 fama,
908 837 981 911 belli
1004 840 1181 940 fortunam
1207 835 1372 932 experiri,

140 973 215 1026 cum
248 946 376 1020 Tarte
401 960 484 1021 esset
508 948 545 1020 in
569 949 695 1023 deditos
721 948 907 1022 abnuntiae
932 973 1024 1022 meae
1050 960 1118 1019 tarn
1142 948 1375 1046 propinquum

99 1077 124 1125 n
141 1058 200 1131 nbi
223 1057 432 1154 ademptum?
483 1058 536 1130 At
559 1060 627 1149 ille,
653 1056 828 1150 Quoniam,
841 1059 979 1155 inquit,
1001 1057 1218 1156 percontaris,
1243 1083 1377 1156 respon·

140 1169 219 1243 dedo
255 1193 295 1242 ea
329 1168 487 1260 libertate,
528 1196 628 1269 quam
662 1170 895 1268 interropando
923 1169 1048 1270 seond.
1107 1166 1287 1242 Neminem
1326 1194 1400 1244 nte.

99 1300 125 1348 a
131 1280 307 1382 fortiorem
333 1272 400 1352 esse
425 1281 604 1355 censebam.
656 1280 756 1354 Mem
787 1282 874 1354 enim
907 1305 1064 1355 noceam
1089 1279 1192 1371 atres,
1228 1279 1377 1353 amane

140 1404 293 1490 copertus
318 1402 409 1464 tuas:
436 1392 614 1493 fortiorem
641 1415 710 1465 esse
736 1403 779 1482 te,
813 1391 888 1464 belli
911 1391 1021 1466 dacud
1046 1402 1186 1464 mantus.
1240 1387 1311 1464 Sed
1335 1415 1376 1464 ne

141 1504 189 1576 sic
214 1502 347 1602 quidaa
369 1527 497 1600 parum
518 1502 608 1603 felia
633 1528 723 1593 sunt,
755 1504 920 1577 secandas
945 1502 1011 1576 tibi.
1063 1500 1201 1574 Rursus
1227 1501 1375 1574 interro-

91 1680 93 1685 .
141 1623 246 1711 gatus
253 1669 262 1703 ,
286 1613 385 1710 quid
408 1614 487 1711 ipse
512 1614 686 1687 victorem
718 1622 876 1686 statuere
903 1614 1033 1688 debere
1060 1624 1235 1703 censeret,
1279 1608 1378 1696 Quod

141 1724 208 1816 bic,
243 1724 376 1821 inquit,
408 1723 721 1815 aurulenta,
757 1749 820 1824 quo
851 1737 1003 1823 copertus
1034 1750 1086 1816 es,
1121 1750 1223 1823 quarn
1249 1723 1376 1796 cadem

100 1835 280 1937 usaticitas
314 1849 402 1910 esset.
462 1833 549 1908 Plus
582 1834 761 1907 monendo
797 1836 964 1932 profecit,
1006 1861 1113 1932 quam
1146 1835 1175 1907 si
1209 1844 1375 1935 precatus

141 1956 244 2019 esset.
300 1943 438 2044 Quippe
465 1945 745 2043 magnitudinem
773 1946 880 2018 enimi
907 1947 981 2019 eius
1007 1947 1221 2037 interritam,
1262 1972 1304 2019 ac
1329 1971 1375 2020 ne

141 2059 287 2131 fortuna
305 2056 447 2153 quidem
465 2058 661 2148 infractam,
687 2064 761 2131 non
779 2057 1019 2131 misericordia
1040 2057 1158 2146 modo,
1185 2056 1248 2129 sed
1268 2057 1376 2130 etiam

101 2169 278 2242 ethonore
298 2168 463 2265 excipere
483 2167 734 2266 dignatusest.
786 2168 948 2267 Aegrum
974 2170 1114 2243 curavit
1138 2167 1237 2240 haud
1263 2193 1374 2258 secus,

142 2306 249 2378 quam
290 2281 320 2352 si
358 2304 424 2377 pro
457 2279 535 2377 ipso
570 2290 784 2378 pugnasset3
825 2281 1074 2354 confirmatum
1113 2290 1237 2352 contra
1276 2304 1376 2376 spem

142 2392 304 2464 omnium
328 2391 366 2461 in
392 2391 585 2464 amicorum
614 2415 803 2465 numerum
834 2391 984 2490 recepit3
1019 2417 1107 2464 mox
1132 2389 1281 2463 donavit
1305 2415 1376 2461 am·

100 2519 127 2568 n
140 2503 252 2600 pliore
280 2525 408 2599 regne,
443 2526 550 2598 quam
581 2503 705 2575 tenuit.
758 2501 833 2577 Nec
866 2528 950 2576 sane
977 2505 1165 2602 quicquam
1197 2502 1377 2601 ingenium

141 2614 212 2687 eius
250 2611 399 2684 solidius
426 2621 490 2684 aut
521 2614 741 2686 constantius
775 2614 920 2704 habuit,
964 2639 1071 2710 quam
1106 2613 1377 2687 admirationem

141 2749 247 2798 verae
267 2721 386 2795 laudis
411 2733 448 2795 et
463 2725 615 2821 gloriae:
642 2725 835 2824 simplicius
862 2735 980 2798 tamen
1006 2725 1137 2797 famem
1164 2725 1377 2797 aestimabat

140 2836 173 2909 in
197 2837 325 2925 hoste,
359 2859 466 2929 quam
491 2832 527 2906 in
555 2834 641 2908 cive.
695 2831 835 2932 Quippe
861 2860 883 2906 a
909 2835 981 2907 suis
1008 2835 1177 2908 credebat
1201 2836 1376 2932 magnitu-

140 2947 258 3020 dinem
292 2970 397 3018 suam
430 2944 567 3018 destrui
601 2970 726 3044 posse,
768 2943 921 3019 eandem·
953 2946 1136 3021 clariorem
1170 2948 1265 3036 fore,
1305 2971 1377 3042 quo

138 3060 291 3132 maiores
318 3055 484 3148 fiiissent,
517 3082 606 3154 quos
632 3056 709 3155 ipse
735 3055 888 3128 vicisset.

166 3261 344 3331 confossoque
362 3261 401 3327 eo]
437 3258 482 3312 Sic
498 3258 683 3313 emendaverat
695 3258 743 3311 Al·
778 3273 827 3325 qao
846 3258 893 3310 tibi
916 3257 1073 3312 documento
1093 3274 1150 3312 ease
1172 3266 1277 3329 potest,
1300 3277 1379 3332 quem

137 3329 192 3394 dus,
224 3345 292 3382 nem
316 3344 377 3380 mss.
402 3329 537 3396 composito
559 3328 665 3381 habent.
701 3326 744 3379 De
778 3325 880 3378 soleant
905 3325 1005 3379 scribae
1035 3326 1147 3380 libenter
1177 3327 1272 3382 similes
1304 3347 1379 3384 cesus

135 3397 279 3454 masculino
297 3411 397 3466 genere
415 3396 449 3448 cf.
468 3413 546 3466 supra
562 3397 596 3449 ed
613 3415 635 3450 c.
652 3402 699 3462 45,
719 3401 743 3449 8.
778 3411 859 3516 parva
876 3394 1091 3448 terminationum
1104 3396 1253 3450 mutatione
1266 3398 1378 3453 efficere.
1434 3444 1445 3451 .

165 3471 187 3536 ξ.
197 3474 242 3521 41.
278 3466 362 3531 Quae,
381 3466 487 3531 malam,
506 3467 597 3536 inquit,
615 3465 741 3534 amentia]
798 3462 822 3516 ic
844 3470 908 3533 post
942 3471 996 3516 .44
1018 3464 1063 3518 ubi
1085 3482 1117 3518 ne
1161 3476 1254 3520 ortana
1276 3469 1379 3538 quidem

135 3534 283 3591 Constituit
309 3541 384 3586 recte
407 3532 505 3600 Aldus,
533 3550 594 3586 nem
620 3532 743 3614 princeps
778 3533 921 3601 infractam
938 3531 1071 3587 verissime
1088 3534 1122 3586 ab
1157 3534 1200 3588 ldo
1215 3535 1315 3588 editum
1328 3543 1378 3602 est,

135 3606 211 3667 Quod
227 3603 332 3656 malum
351 3602 379 3652 in
397 3602 436 3652 uit
470 3618 519 3654 uae
537 3612 657 3669 anenno,
676 3601 744 3654 sicut
778 3616 867 3653 omnes
884 3618 944 3653 mss.
962 3601 1047 3655 nostri
1064 3602 1298 3658 etLeid.Voss.1
1319 3621 1379 3657 cum

132 3673 211 3727 etiem
229 3617 427 3724 anBCgH
468 3669 647 3723 ern.BPel.l
666 3669 743 3723 Voss.
778 3669 837 3722 edd.
855 3668 1018 3741 principibus
1030 3672 1169 3740 fortunam
1187 3672 1292 3725 habent.

129 3736 744 3877 amiantum
778 3776 1095 3894 ,perperos
1113 3773 1289 3894 epae
1306 3772 1377 3826 eor-

132 3881 137 3893 .
197 3882 203 3892 .
897 3857 1040 3895 e1.0ss.
1110 3858 1321 3909 uo,menose.

126 3890 316 4003 fflxtlpggg
332 3874 531 4009 gepirp'Tffls
543 3876 743 3996 bilibifflll'bliedlds
813 3946 888 4011 §.tt
923 3946 973 3997 sim
992 3945 1065 3997 lidus
1083 3860 1283 4022 timenfamam
1301 3942 1379 3994 aesti-

123 4015 237 4072 babent.
275 4012 321 4066 Ac
385 4017 436 4091 test
468 4011 537 4064 haud
562 4010 642 4090 ¹dubie
671 4029 744 4091 gem·
777 4014 946 4091 malatcetl
965 3962 1036 4081 ἔξω
1057 4012 1080 4066 ‘e
1097 4012 1148 4065 hoc
1164 4009 1381 4063 dictumedAlo·

121 4086 194 4141 tivus
214 4089 285 4154 apte
299 4029 437 4133 eridano
455 4096 570 4132 sermom
587 4095 743 4133 convenicn·
776 4082 872 4134 xandri
890 4080 916 4134 in
936 4080 1024 4135 enium
1059 4079 1253 4144 escribendum,
1277 4086 1305 4130 ct
1322 4094 1380 4130 ver·

120 4162 164 4210 ter
192 4148 347 4223 explicari,
379 4147 401 4200 si
427 4165 486 4201 cum
510 4164 576 4201 voce
602 4151 744 4217 caenandum
776 4147 817 4202 bis
842 4149 992 4219 eptisnmis.
1032 4147 1117 4204 Simili
1143 4145 1273 4200 sententie
1301 4163 1380 4216 supra

119 4224 284 4292 coniungas.
332 4217 389 4270 Sed
420 4217 492 4285 quod
523 4215 550 4269 in
575 4216 646 4270 Flor.
669 4214 742 4268 ΑΒΟ
776 4230 822 4286 1v,
847 4224 880 4272 26
908 4217 1090 4272 Alexandrum
1121 4217 1222 4269 virtutis
1249 4216 1326 4268 etiam
1352 4216 1381 4270 in

118 4294 199 4349 Voss.
218 4299 233 4344 1
256 4288 345 4342 Bern.
363 4285 390 4338 A
414 4283 537 4338 scribitur
558 4295 611 4339 tarn
631 4286 743 4354 propin·
775 4287 846 4341 boste
863 4290 1012 4342 miratorem
1030 4287 1143 4339 dixerat.

602 4483 918 4498 w
