2926 5174
160 283 233 355 278
628 302 662 364 Q·
691 301 814 354 caeru
838 302 922 355 euru

160 487 311 590 carnutes
335 485 491 584 spiritum
517 485 656 576 adimet,
692 512 787 586 quem
813 488 846 562 si
868 491 1011 588 fortuna
1036 504 1203 589 reputare
1227 492 1354 582 uoluerat,

159 611 280 674 uatura
299 598 462 697 poscebat.
501 597 687 671 Admonuit
711 624 763 672 are
781 602 896 698 patris
920 603 987 676 atei
1009 602 1137 694 nando,
1153 628 1251 702 quam
1273 603 1372 676 timida

160 725 190 785 et
214 723 416 801 cunctanter,
443 735 527 809 quae
554 707 730 786 Cebalinus
755 712 914 786 amara
938 714 986 787 ad
1010 738 1080 805 me,
1106 713 1251 789 iudicare
1274 715 1358 788 debu-

159 824 236 898 rim.
288 822 468 900 Paratonio
493 822 598 912 euim,
624 845 699 893 cum
724 823 887 916 audisset,
913 851 1074 899 uemnum
1100 852 1122 898 a
1147 827 1296 926 Philippo
1314 851 1360 900 nu·

161 935 235 1010 dico
260 936 332 1035 reqi
350 933 484 1033 parari,
510 933 671 1006 deterrere
696 958 771 1007 enm
796 937 897 1010 uoluit
921 938 1057 1035 epumbt
1082 938 1216 1035 sarpta,
1242 965 1299 1039 qm
1318 940 1362 1013 mi

159 1074 224 1122 uus
263 1047 534 1120 medicamentum
574 1043 704 1136 biberet,
748 1048 837 1145 quod
874 1048 1021 1123 rutum
1060 1049 1141 1122 dare
1181 1052 1362 1137 constitueret.

159 1159 258 1234 Num
289 1158 448 1232 meddam
479 1169 527 1230 est
557 1157 650 1254 patri
682 1158 778 1233 meo?
818 1184 900 1232 uum
930 1159 1033 1233 ullam
1068 1160 1288 1234 auctoritatem
1313 1161 1365 1234 eim

159 1271 280 1344 liturae
312 1266 514 1343 imbuerunt?
553 1267 628 1366 Eoo
662 1268 749 1367 ipse,
784 1270 930 1368 quatem
960 1298 1045 1371 queue
1076 1270 1253 1345 audieram
1281 1273 1371 1363 detuli,¹

160 1410 236 1456 arm
262 1380 404 1456 ludibrio
429 1378 630 1452 credulitatis
654 1381 808 1478 reputem
833 1408 918 1456 sum.
965 1381 1015 1459 'Si
1039 1398 1070 1459 et
1094 1409 1170 1457 urm
1196 1383 1365 1474 iudicamus,

160 1494 269 1585 incisi,
295 1507 425 1567 etcum
451 1504 604 1582 tmemcu,
629 1493 772 1590 suspecti
795 1519 921 1586 summ,
934 1495 1017 1594 quid
1030 1499 1149 1596 facere
1165 1520 1226 1569 uos
1252 1496 1366 1594 mutet!

161 1603 321 1701 Cumque
354 1629 446 1676 unus
479 1629 499 1675 e
532 1603 836 1678 circumstantium
868 1606 976 1678 turba
1010 1608 1264 1697 exclamasset,
1295 1609 1366 1682 Bau

159 1715 285 1790 aurdis
309 1741 376 1790 uon
402 1714 576 1790 insidiari:
608 1714 779 1805 Philotas,
805 1717 919 1807 Recte,
945 1717 1067 1812 inquit,
1095 1719 1248 1818 quisquis
1272 1744 1309 1810 es,
1329 1717 1365 1790 di-

160 1829 217 1903 cis.
269 1827 385 1928 Itaque
409 1826 442 1900 si
466 1826 643 1901 insidiatum
668 1853 761 1919 serm,
780 1852 927 1927 poenam
952 1853 1018 1903 um
1042 1829 1217 1928 deprecor,
1243 1833 1366 1918 etima

149 1941 246 2044 facio
272 1938 417 2029 dicendi,
451 1940 606 2037 quoniam
632 1939 749 2013 cabima
774 1940 872 2014 uerba
894 1941 1015 2039 qraaia
1041 1955 1119 2014 suut
1143 1941 1220 2015 visa
1244 1942 1362 2016 auribm.

159 2052 360 2126 Abducitur
386 2047 515 2122 deinde
542 2050 588 2122 ab
613 2051 679 2142 his,
707 2052 766 2147 qui
792 2049 1042 2124 custodiebant
1067 2076 1162 2125 eum.

108 2167 155 2239 41
260 2163 349 2236 Erat
375 2162 468 2232 inter
495 2158 604 2234 duces
630 2189 740 2236 manu
766 2173 932 2236 strenuus
957 2159 1074 2236 Bolon
1100 2163 1260 2262 quidam,
1289 2163 1372 2262 pacis?

159 2278 289 2350 artium
321 2284 358 2346 et
385 2272 496 2344 civilis
522 2273 666 2347 habitus
693 2276 807 2366 rudis,
840 2285 945 2348 vetus
971 2275 1088 2367 mileu,
1116 2278 1162 2351 ab
1190 2278 1306 2350 humili
1327 2301 1363 2347 or·

160 2389 242 2462 dine
269 2387 315 2460 ad
342 2410 424 2457 euin
449 2382 611 2480 gradum,
637 2386 674 2458 in
701 2412 771 2482 quo
797 2397 883 2459 tune
910 2397 996 2477 erat,
1022 2399 1230 2485 promotus:
1257 2388 1309 2485 qui
1329 2396 1363 2458 te·

160 2499 321 2573 centibus
347 2495 490 2586 ceteris,
524 2494 654 2568 stolida
687 2496 836 2571 audacia
860 2498 980 2588 ferox,
1007 2499 1202 2574 admonere
1228 2526 1287 2574 eos
1309 2524 1363 2572 coe·

158 2611 229 2710 pit,
265 2610 428 2707 quotiens
467 2608 540 2682 suis
579 2610 727 2707 quisque
762 2610 981 2701 diversoriis,
1019 2635 1110 2705 quae
1148 2618 1364 2710 occupassent

192 2853 216 2915 §-
239 2855 281 2902 33.
315 2856 412 2901 natura
442 2847 580 2914 pascebat]
623 2846 667 2899 Sic
696 2864 756 2899 mse.
792 2847 919 2901 omnibus.
954 2847 1051 2900 Editur
1069 2847 1176 2918 quidem
1184 2849 1274 2902 Belou.
1297 2847 1364 2901 biatu

51 2956 54 2965 .
157 2917 274 2989 plerique
290 2933 379 2970 amnes
397 2922 425 2969 et
441 2913 504 2968 ferri
521 2921 623 2984 potest:
640 2931 756 2983 reposce·
791 2917 903 2983 babitus,
922 2915 967 2985 qui
984 2915 1046 2969 alibi
1055 2917 1087 2968 dc
1096 2916 1198 2969 vestitu
1210 2915 1365 2987 intelligendu

157 2990 209 3053 bat,
229 2986 300 3056 quod
309 2984 415 3039 Medius
424 2983 523 3064 primus
540 2982 623 3035 edidit
641 2991 668 3036 et
677 2983 756 3052 vulgo
791 2992 844 3047 cst,
871 2985 896 3036 h.
914 2984 931 3037 1.
959 2985 993 3036 ad
1014 3001 1100 3038 mores
1126 2992 1156 3038 et
1182 2987 1306 3040 rationem
1326 2998 1365 3037 sest

156 3061 313 3125 receperunt
340 3053 448 3123 reliqu1,
475 3070 529 3105 non
555 3051 690 3104 inventurn
715 3060 756 3104 est
790 3052 897 3121 gerendi
915 3054 1073 3106 transfertur
1091 3053 1270 3133 quaeGalliee
1278 3048 1365 3108 mariba

157 3125 206 3177 nisi
223 3124 251 3176 in
268 3123 339 3176 Flor.
358 3121 384 3176 G
401 3130 429 3174 ct
446 3121 502 3173 Pal.
521 3128 545 3174 3.
790 3121 893 3174 dicitur.
915 3121 977 3174 Non
987 3121 1117 3175 dissimihs
1134 3130 1177 3176 est
1187 3127 1271 3178 decori
1287 3123 1365 3176 babitu

192 3196 214 3262 ς.
232 3199 274 3246 34.
292 3192 483 3260 quadmedicur
501 3191 565 3242 dare
583 3191 754 3242 constitueret.
790 3191 823 3242 de
840 3189 950 3242 Roxane
973 3205 1039 3257 Vm,
1060 3198 1106 3258 16,
1125 3198 1169 3246 23.
1205 3192 1232 3245 Is
1257 3198 1366 3262 promeae

158 3259 360 3314 Coniunctivum
385 3258 453 3312 ratio
476 3257 603 3311 sermonis
628 3259 755 3327 postulat,
791 3257 887 3312 dicitur
909 3260 943 3311 ad
964 3257 1070 3313 honoris
1087 3260 1215 3329 gradum,
1239 3262 1306 3332 quod
1322 3255 1366 3312 boni

157 3329 179 3381 si
196 3347 249 3382 non
266 3329 300 3380 de
315 3335 389 3381 certo
406 3327 495 3396 aliquo
512 3325 641 3393 remedia,
660 3327 705 3379 sed
723 3328 756 3378 de
791 3326 840 3380 scri
859 3327 922 3380 toris
952 3327 1103 3396 exemplum
1138 3337 1268 3383 annotare
1298 3324 1367 3381 debuit

157 3395 227 3449 omui
244 3395 359 3466 potione,
378 3414 456 3466 quam
472 3395 516 3448 illc
524 3394 639 3448 medicus
648 3397 756 3448 daturus
790 3346 917 3448 Krelsius
934 3395 962 3448 iu
979 3396 1173 3465 Antibarbaro,
1201 3414 1235 3451 ne
1251 3396 1367 3451 nimislro

157 3472 235 3531 esset,
253 3464 393 3533 intelligas.
411 3465 503 3534 Atque
516 3462 627 3516 slasane
643 3463 756 3517 videtur.
790 3463 872 3516 mines
891 3465 1036 3518 deterreret
1052 3466 1086 3518 ab
1109 3467 1259 3521 academiae
1279 3484 1322 3520 usu
1334 3464 1367 3517 to

158 3533 267 3586 Codices
284 3532 394 3599 varient,
412 3550 474 3584 nam
490 3534 667 3598 constituerat,
705 3534 757 3586 uod
791 3531 889 3586 diemo.
909 3533 1016 3586 Curtius
1033 3534 1214 3589 tamenetiam
1223 3533 1367 3590 eioemniru

94 3642 97 3647 .
156 3601 220 3654 editi
236 3602 342 3668 habent,
361 3609 470 3654 tuentur
487 3600 686 3654 BernAFlor.
722 3600 755 3667 G,
791 3600 893 3654 ratione
918 3609 1009 3667 vn,2
1032 3606 1193 3670 productum
1218 3599 1367 3675 aliquemul

156 3672 320 3724 constitueret
337 3669 430 3740 reliqui
447 3677 475 3723 et
492 3668 562 3722 inter
578 3685 624 3723 cos
641 3669 711 3723 Flor.
729 3671 755 3722 A
789 3671 919 3724 honorata
933 3670 1077 3724 ministeria
1095 3671 1173 3725 dixit.

156 3738 231 3792 Laid.
249 3743 325 3793 Voss.
346 3746 368 3791 1.
825 3744 849 3805 §.
867 3746 892 3792 2.
910 3741 1025 3808 quatiens
1042 3741 1098 3794 suis
1114 3743 1224 3812 quisque
1233 3740 1367 3795 arraserit.

190 3811 213 3875 ξ.
232 3815 273 3862 37.
309 3817 369 3861 suut
391 3808 448 3860 visa
471 3807 590 3859 auribus.
625 3806 658 3858 In
679 3806 755 3860 editis
791 3808 853 3860 Suis
877 3809 1051 3862 revocandum
1075 3818 1134 3862 crat
1156 3826 1193 3862 ex
1214 3812 1273 3864 edd
1289 3806 1366 3881 prisdt

156 3878 262 3931 additur
285 3877 392 3943 uestris,
416 3875 488 3944 quod
509 3873 680 3997 manuscriqsti
702 3894 756 3931 non
791 3886 816 3928 et
833 3883 874 3928 est
891 3875 919 3928 in
936 3875 1008 3930 libris
1017 3876 1367 3958 mstisomnibusquamqruu

156 3947 261 3999 habent.
298 3945 373 4009 Quae
389 3949 524 4014 praeterea
541 3946 633 3995 turbat
658 3944 755 4010 ladius,
790 3962 843 3998 non
865 3962 912 3998 suo
934 3945 991 3999 loco
1013 3944 1040 3997 in
1062 3946 1239 4001 deterioribus
1265 3952 1367 4018 (quaque

156 4014 201 4067 vix
223 4015 301 4084 digna
332 4021 394 4065 suut
420 4027 486 4082 quae
511 4010 673 4065 refellantur.
708 4012 756 4066 Ait
791 4014 992 4083 quotienssuis).
1017 4013 1068 4067 Est
1077 4013 1160 4068 etiam
1198 4016 1225 4069 ui
1242 4034 1271 4070 aa

157 4083 225 4134 enirn
247 4085 304 4135 uisa
326 4081 391 4133 illud
408 4098 425 4132 a
442 4079 530 4148 glossa
552 4095 608 4132 esse
631 4088 685 4133 tam
707 4081 756 4134 sibi
790 4081 913 4135 exhibeat
937 4083 1007 4136 Flor.
1034 4081 1071 4149 C,
1101 4085 1149 4137 sed
1179 4033 1260 4139 idem
1280 4101 1303 4138 er
1327 4096 1366 4135 nou

156 4150 265 4220 liquere,
284 4167 362 4221 quam
379 4147 487 4201 meridie
505 4148 599 4201 lucere.
635 4148 756 4219 Denique
790 4151 891 4214 habeo,
918 4169 979 4204 nam
1005 4151 1076 4221 quod
1102 4151 1243 4223 singularis
1267 4164 1366 4206 numerus

157 4220 190 4270 ab
208 4221 247 4272 bis
269 4237 317 4289 pro
334 4218 405 4287 vulg.
427 4217 461 4269 ab
478 4218 513 4269 iis
535 4214 619 4269 nostri
640 4216 700 4270 libri
722 4220 756 4271 ad
784 4221 955 4299 proturbatus
966 4230 1029 4273 esset
1046 4221 1176 4290 sequitur,
1194 4221 1260 4276 nihil
1271 4217 1365 4295 muln

158 4304 238 4338 unum
255 4304 351 4341 ornnes.
789 4287 957 4341 interiectum
973 4288 1099 4358 pertinet,
1117 4289 1145 4343 in
1162 4298 1364 4362 quaesusumus

193 4354 257 4424 Cap.
266 4363 307 4408 41.
327 4360 350 4420 §.
364 4362 386 4406 1.
408 4355 493 4406 Bulba
510 4356 624 4433 quidam.
642 4353 701 4407 Hoc
714 4363 755 4408 est
789 4357 820 4408 fit
843 4357 877 4408 ad
900 4374 1011 4410 sensum.
1045 4357 1117 4411 Vide
1138 4376 1208 4430 quae
1229 4359 1256 4412 in
1272 4356 1363 4429 Gratum¹

158 4422 268 4477 hominis
285 4438 380 4477 nornen
396 4421 424 4475 in
441 4422 582 4491 codicibus,
600 4430 630 4477 ut
642 4423 754 4491 videtur,
789 4425 849 4478 Lat.
868 4425 901 4478 de
918 4426 1075 4497 scriptarum
1091 4427 1224 4483 bonorum
1234 4446 1280 4481 usu
1290 4423 1362 4491 culte
