2926 5174
450 1101 898 1209 APPENDIX

235 1365 669 1451 vnnrnnrinn
706 1363 1111 1450 nonnionem

146 1814 206 1874 Lib.
223 1816 283 1889 111,
303 1817 330 1873 l.
348 1816 503 1893 Inscriptio
519 1817 584 1877 libri
600 1819 681 1876 nulla
697 1826 742 1876 est
758 1818 788 1875 in
805 1818 883 1877 Flor.
899 1817 956 1876 DF
973 1815 1060 1874 Bern.
1078 1814 1105 1872 B
1124 1823 1153 1873 et
1170 1815 1249 1874 Voss
1262 1814 1291 1871 2.

82 1889 180 1958 itone
202 1901 296 1970 Quinti
315 1901 406 1960 Curtii
422 1903 495 1977 Ruffi
512 1904 708 1979 Hysteriarum
725 1904 882 1962 Aleaandri
898 1903 984 1961 Liber
1007 1903 1102 1958 tertius
1119 1903 1215 1975 incipit
1224 1902 1292 1975 seli·

82 1981 137 2044 iter.
179 1987 253 2044 Flor.
273 1989 299 2045 E
327 1987 423 2056 Quinti
443 1987 535 2046 Curtii
550 1990 615 2064 Rufi
633 1991 821 2047 Historiarum
839 1989 997 2046 Alesamdri
1013 1988 1114 2060 Mapni
1130 1987 1293 2044 Macedonis

82 2062 147 2126 Siler
166 2072 272 2129 Tertius
293 2076 397 2147 incipit.
440 2074 555 2131 Flor.I
589 2074 686 2143 Quinti
703 2073 794 2132 Curtii
815 2075 880 2148 Rufi
912 2075 945 2134 V.
967 2071 999 2130 C.
1021 2072 1210 2128 Historiarum
1227 2071 1293 2127 Ale-

82 2157 163 2213 ·andri
183 2161 273 2232 mapni
289 2160 451 2216 Macedonis
468 2160 555 2216 Liber
584 2163 679 2217 tertius
702 2162 797 2234 incipit
813 2161 940 2234 feliciter.
983 2158 1063 2215 Flor.
1082 2155 1113 2214 G
1148 2156 1182 2225 Q.
1204 2155 1295 2213 Curtii

83 2237 133 2314 iuffe
156 2243 215 2299 Viri
231 2244 283 2300 Ro.
317 2244 362 2300 De
388 2243 478 2301 Gestis
495 2245 652 2302 Aleuandri
672 2247 771 2319 Mapni
789 2245 875 2301 Liber
897 2244 1014 2304 Tertius.
1058 2242 1138 2302 Flor.
1158 2242 1188 2299 H
1205 2240 1245 2309 Q.
1262 2239 1294 2299 O.

83 2322 133 2399 iuffi
149 2328 281 2386 Historici
301 2330 347 2386 De
373 2328 447 2386 Gest.
465 2330 623 2388 Alexandri
643 2331 728 2405 Repis
753 2332 937 2388 Macedonum
953 2334 1141 2405 srapmentum
1158 2327 1245 2384 Liber
1262 2325 1296 2382 Il

83 2414 163 2486 rupti.
210 2412 275 2471 Pal.
302 2416 316 2470 1
356 2414 389 2483 Q.
423 2413 504 2471 Curti
525 2415 590 2490 Rufi
612 2417 801 2475 Historiarum
823 2416 904 2473 Alea.
929 2416 1091 2472 Macedonis
1112 2417 1295 2487 frapmenlum

83 2499 144 2553 rimi
159 2498 221 2554 libri
237 2502 340 2574 incipit.
383 2499 448 2556 Pal.
467 2500 484 2555 2
504 2501 590 2557 Liber
611 2501 708 2570 Quinti
726 2501 818 2558 Curtii
840 2502 873 2558 de
891 2501 972 2558 rebus
989 2500 1146 2557 Aleuandri
1162 2498 1294 2555 Macedo-

83 2584 102 2639 is
120 2585 214 2657 incipit
223 2587 375 2658 foeliciter,
400 2593 429 2642 et
447 2585 488 2642 sic
504 2586 589 2644 etiarn
608 2587 637 2644 in
655 2607 724 2646 mss.
740 2587 822 2644 Leid.
839 2595 868 2643 et
885 2585 966 2645 Voss
988 2588 1002 2642 1
1028 2585 1114 2642 tradit
1138 2602 1203 2641 esse
1221 2580 1295 2640 Sne-

83 2669 241 2744 enburgius.
285 2671 363 2727 Edit.
381 2670 528 2728 Vindelini
547 2669 622 2747 Spir.
645 2672 741 2740 Quinti
760 2671 850 2728 Curtii
862 2671 935 2744 Ruffl
951 2671 1127 2727 ilistoriarum
1140 2668 1298 2726 Aleuandri

83 2757 132 2828 pis
149 2755 329 2812 Macedonum
346 2759 442 2831 incipit
450 2759 586 2829 foeliciter
602 2757 689 2814 Liber
705 2757 731 2814 Ι.

148 2836 218 2914 Cap.
238 2842 266 2912 1,
284 2842 308 2914 5.
329 2843 356 2898 1.
390 2843 591 2918 Peloponneso]
626 2844 810 2916 Peloponesso
833 2837 949 2897 Floro
967 2847 996 2896 et
1013 2839 1039 2894 E
1058 2857 1076 2895 e
1094 2856 1137 2912 pr.
1156 2857 1194 2894 m.
1212 2836 1296 2894 DFI.

83 2927 260 2998 elooponenso
278 2927 357 2984 Flor.
376 2928 407 2984 H
426 2946 505 3002 apr.
525 2948 562 2986 m.
581 2929 766 3002 Peloponenso
784 2925 869 2982 Bern.
886 2924 913 2982 B
932 2933 960 2982 et
976 2943 994 2981 e
1012 2943 1054 2999 pr.
1072 2941 1110 2978 m.
1128 2923 1169 2982 A.
1214 2922 1296 2978 Pelo-

83 3028 196 3066 mmenso
213 3011 307 3068 Pati
326 3012 415 3070 Voss.
437 3015 463 3070 1.
482 3014 511 3070 2.
542 3015 710 3087 Peloponeso
726 3011 790 3068 Pal.
809 3010 838 3067 3.
884 3009 1034 3084 Cleandro]
1064 3007 1201 3067 Oleandro
1218 3006 1297 3064 Flor.

100 3104 136 3152 et
152 3095 182 3152 H
207 3097 283 3154 Bern
300 3097 336 3156 B.
361 3099 454 3175 Bong.
497 3099 615 3174 Lyciae]
633 3100 693 3155 licie
710 3096 823 3154 FlorB
847 3094 936 3154 Voss.
962 3095 991 3154 2.
1021 3095 1099 3151 liciae
1128 3094 1206 3150 Flor.
1224 3091 1298 3150 CDI

84 3181 125 3238 nl.
139 3181 156 3237 3
169 3180 256 3240 Voss·
270 3184 297 3240 1.
319 3185 374 3240 litie
385 3185 463 3242 Flor.
475 3185 510 3241 F.
522 3183 767 3258 Pamphyliaeque]
786 3182 1011 3256 Pamphiliaeque
1021 3179 1096 3237 Pell.
1107 3180 1186 3238 Flor.
1200 3195 1299 3235 omnes

84 3276 174 3323 noter
190 3268 216 3324 E
235 3269 283 3342 qui
301 3269 536 3344 Pbampiiilieque.
569 3269 778 3342 Pamphilieque
794 3267 881 3325 Bern.
896 3268 932 3325 B.
967 3265 1150 3340 Pampbuliae
1167 3263 1255 3322 Voss.
1272 3265 1299 3320 1.

84 3353 208 3427 elaenas]
231 3353 344 3410 Celenae
361 3354 436 3413 Poll.
454 3353 543 3413 Voss.
562 3355 579 3410 2
605 3354 691 3412 Bern.
709 3356 793 3412 ambo
810 3363 839 3410 et
856 3346 954 3411 cinnes
972 3352 1051 3409 Flor.
1069 3360 1181 3425 praeter
1198 3351 1244 3422 H,
1269 3349 1300 3407 in

84 3457 115 3494 ιο
140 3435 286 3511 Celaenas,
303 3449 333 3497 et
349 3440 374 3496 F
392 3440 422 3496 in
440 3459 496 3515 quo
517 3439 648 3513 Celonas,
675 3440 725 3497 sed
743 3459 794 3496 nas
811 3458 848 3496 ex
865 3438 1036 3498 correctione
1052 3437 1169 3496 alterius
1187 3454 1300 3494 manus.

84 3523 195 3579 selenas
212 3522 302 3581 Voss.
323 3527 350 3581 1.

148 3608 172 3680 5.
193 3609 221 3665 2.
256 3611 378 3685 inclitus]
416 3608 465 3669 Sic
481 3610 672 3670 Flor.omnes
690 3607 840 3685 praeterO
859 3610 890 3668 in
907 3630 998 3686 quoy
1016 3617 1061 3667 est
1077 3626 1115 3665 ex
1131 3606 1301 3666 correctione

84 3711 164 3750 anus
181 3694 310 3752 alterius.
339 3696 425 3753 Bern.
444 3697 475 3754 A
493 3699 623 3772 inclytus,
642 3696 667 3753 B
685 3698 802 3753 inclitus.

148 3797 172 3869 5.
192 3798 220 3854 3.
256 3800 451 3874 circumiectos]
470 3802 658 3856 ciroemvectos
675 3799 754 3856 Flor.
770 3798 800 3855 H
819 3798 905 3858 Bern.
918 3798 954 3857 B.
989 3796 1075 3870 ripat]
1095 3795 1193 3866 irripat
1210 3791 1299 3846 Voss·

126 3890 151 3936 et
168 3901 234 3938 suas
253 3884 409 3959 dumtasol]
429 3895 454 3941 et
471 3885 562 3944 omitt.
587 3885 615 3941 in
634 3884 713 3941 Flor.
732 3881 766 3940 C.
786 3903 803 3940 m
821 3885 916 3942 littera
934 3883 1052 3940 verbum
1070 3881 1213 3937 dumtuuat
1231 3873 1300 3932 scri·

84 3979 138 4024 tur
155 3966 182 4023 in
202 3967 290 4027 Bern.
309 3969 335 4025 Β
354 3978 383 4026 et
400 3971 477 4028 Flor.
495 3969 560 4029 BC.
596 3968 654 4028 Sed
672 3968 740 4042 ΙΙΙ,
759 3970 810 4048 30,
829 3969 857 4028 2.
875 3970 933 4042 lv,
952 3967 1002 4038 42,
1022 3964 1061 4021 32
1081 3965 1225 4021 dumtasat
1243 3960 1297 4037 (m)

85 4054 146 4110 iarn
165 4053 244 4111 Flor.
262 4054 288 4111 B
307 4068 335 4111 et
353 4057 392 4112 Α.

148 4139 172 4211 5.
191 4141 221 4196 4.
257 4141 403 4215 myroplas]
423 4141 548 4215 nimphas
564 4139 718 4200 Flor.BC.
753 4140 840 4215 intra]
860 4142 930 4196 inter
946 4136 1024 4193 Flor.
1039 4131 1122 4190 CDE
1146 4133 1303 4206 (superscr.

85 4246 91 4280 ι
111 4223 205 4282 altera
222 4243 310 4281 manu
328 4229 415 4297 intro)
434 4226 509 4283 FHI
527 4227 613 4285 Bern.
630 4226 657 4285 B

146 4311 171 4383 5.
191 4311 220 4367 5.
255 4310 376 4385 Lycum]
396 4314 476 4370 licum
488 4312 603 4372 Flor.B
625 4312 689 4389 (qui
706 4328 818 4387 semper
836 4309 877 4367 sic
893 4309 923 4365 in
941 4303 1081 4364 similibus
1099 4302 1209 4380 verbis)
1230 4302 1302 4361 CDI

85 4394 297 4454 ernAVoss.
316 4397 342 4452 1.
360 4397 389 4453 2.
