2926 5174
108 196 180 308 ι168
577 253 610 317 o.
639 251 763 306 cnara
787 252 873 305 aurr

103 439 198 515 dere.
249 437 399 536 Equites
425 436 553 512 deinde
579 435 783 537 Babylonii,
809 464 875 512 suo
902 445 1146 536 equorumque
1172 440 1265 513 cultu
1286 440 1358 514 ada

103 551 283 626 luxuriam
313 551 445 649 magis,
487 575 595 648 quam
630 548 675 623 ad
714 551 1013 649 magnificentiam
1048 560 1194 642 exacto,
1227 553 1326 626 ultimi

103 664 213 737 ibant.
275 661 370 753 Rex,
402 662 547 734 armatis
580 661 749 759 stipatus,
786 660 1047 760 oppidanorum
1081 663 1227 735 turbam
1257 674 1327 762 post

104 776 248 849 ultimos
273 771 412 872 pedites
438 773 490 845 ire
514 773 632 847 iussit:
658 774 734 871 ipse
762 798 844 846 cum
870 799 977 847 curru
1003 773 1141 864 urbem,
1156 799 1199 847 ac
1215 773 1327 849 deinde

29 920 32 925 ⁴
102 887 238 985 regiam
263 885 420 958 intravit.
459 883 611 958 Postero
637 885 694 959 die
721 885 976 983 supellectilem
1000 883 1111 958 Darei
1137 896 1176 959 et
1201 910 1327 959 omnen

103 999 290 1099 pecuniam
315 997 535 1094 recognovit.

54 1116 78 1187 4
207 1107 376 1184 Ceterum
401 1109 512 1208 ipsius
540 1108 638 1181 urbis
664 1105 893 1206 pulchritudo
919 1131 960 1179 ac
985 1115 1161 1198 vetustas,
1188 1135 1261 1184 non
1283 1134 1324 1183 re·
1337 1129 1357 1176 a

103 1223 158 1322 gis
183 1221 308 1312 modo,
340 1221 404 1294 sed
431 1222 538 1294 etiam
564 1219 722 1292 omnium
748 1219 870 1291 oculos
896 1217 933 1289 in
960 1227 1074 1292 semet·
1099 1218 1200 1292 haud
1225 1221 1327 1294 imme-

104 1335 175 1408 rito
201 1334 388 1406 convertit.
428 1329 632 1406 Semiramis
659 1356 739 1405 eam
764 1330 982 1422 condiderat,
1008 1357 1092 1422 non,
1119 1341 1162 1404 ut
1186 1331 1327 1430 plerique

104 1443 306 1535 credidere,
334 1444 457 1534 Belus,
485 1444 584 1517 ouius
610 1444 709 1542 regia
735 1442 945 1515 ostenditur.
997 1441 1123 1517 Murus
1149 1444 1356 1517 instructura

103 1555 276 1631 laterculo
303 1557 428 1647 coctili,
442 1555 615 1628 bitumine
640 1555 827 1644 interlitus,
842 1554 997 1652 spatium
1022 1578 1104 1628 xxx
1131 1565 1168 1629 et
1194 1554 1327 1628 duorum

104 1667 239 1769 pedum
269 1666 306 1739 in
336 1665 563 1740 latitudinem
594 1667 836 1765 amplectitur:
874 1665 1067 1764 quadrigae
1103 1667 1199 1740 inter
1226 1693 1264 1741 se
1285 1691 1326 1741 oc·

107 1787 291 1853 currentes
318 1778 393 1852 sine
418 1778 576 1878 periculo
604 1803 803 1851 commeare
831 1777 1005 1851 dicuntur.
1058 1777 1228 1852 Altitudo
1254 1779 1326 1852 muri
1335 1794 1353 1844 a

105 1892 345 1966 ncubitorum
358 1891 490 1964 eminet
503 1891 635 1989 spatio:
663 1900 780 1963 turres
795 1887 895 1963 denis
922 1889 1073 1988 pedibus
1102 1915 1212 1987 quam
1224 1916 1326 1965 murus

106 2112 226 2183 regulam
243 2111 339 2165 dixisse
357 2109 480 2165 Curtium
496 2125 566 2178 vm,
584 2116 618 2164 30
644 2111 710 2162 adeo
744 2110 804 2163 edd.
829 2108 960 2231 principps
981 2116 1010 2162 et
1031 2109 1154 2163 codicum
1171 2110 1264 2165 melior

108 2184 136 2235 in
158 2183 206 2235 illo
224 2183 309 2250 playa
332 2183 445 2233 mundae
462 2188 547 2233 statas
569 2189 709 2247 temporam
744 2177 899 2232 nominatim
941 2194 996 2231 ern.
1013 2178 1039 2230 A
1062 2177 1135 2231 Flor.
1154 2178 1258 2234 ABCG
1304 2178 1328 2230 'd

107 2252 176 2303 uices
192 2258 275 2302 mutat
291 2255 372 2315 etIX,
387 2254 419 2302 ³5
438 2257 508 2301 stata
525 2250 579 2301 vice
597 2264 709 2300 oceanas
743 2252 820 2301 Voss.
849 2255 877 2315 13
911 2246 993 2301 ceteri
1018 2245 1080 2301 libri
1109 2265 1172 2301 mss.
1200 2267 1283 2303 uerum
1303 2256 1330 2300 at.

108 2327 256 2383 coaestuet,
273 2315 405 2370 sedidem
422 2324 512 2369 tamen
529 2331 569 2384 vr,
586 2325 600 2370 t
609 2319 709 2386 frames
745 2316 824 2380 Quod
841 2332 912 2370 nunc
928 2316 1008 2386 vulgo
1024 2314 1114 2368 editur
1131 2320 1172 2370 vel
1190 2316 1330 2386 at,ebllldo

107 2387 283 2440 maturitatem
313 2393 409 2438 statuto
439 2394 549 2454 tempore
575 2393 710 2454 expectant
744 2393 799 2452 est,
821 2384 890 2437 male
908 2402 980 2438 suam
997 2383 1164 2453 opinionem,
1192 2383 1332 2456 contemptis

108 2455 191 2522 dixit,
214 2454 286 2534 quod
308 2452 414 2506 Medius
436 2461 540 2507 mutere
561 2472 614 2507 non
632 2471 709 2506 ausus
744 2453 905 2508 Graecorum
940 2452 1098 2523 scriptorum
1138 2455 1333 2520 auctoritatibus,

107 2530 165 2590 est,
189 2541 234 2593 qm
252 2529 280 2575 et
296 2522 323 2574 h.
341 2521 358 2574 l.
376 2529 404 2575 et
420 2536 489 2590 vm,
516 2529 531 2576 6
555 2525 709 2576 anniversa·
744 2521 838 2576 Curtio
858 2523 1026 2576 obtrudente.
1060 2521 1133 2575 Nam
1152 2523 1335 2578 Semiramidem

107 2594 177 2645 riam
201 2592 359 2658 sacrificium
376 2592 473 2644 Libero
490 2593 567 2662 patri
583 2610 635 2645 non
654 2608 709 2644 etse
743 2591 782 2644 illi
804 2590 918 2645 maximo
945 2607 1070 2645 censensu
1087 2591 1163 2645 urbis
1182 2593 1336 2648 conditricem

107 2662 252 2714 restitutum
270 2669 365 2713 stolato
387 2669 498 2729 tempore
518 2669 611 2714 contra
628 2660 709 2714 libros
744 2660 844 2714 dicunt.
1087 2667 1089 2675 '

107 2748 168 2783 mss.
187 2727 311 2782 correxit.
329 2727 458 2798 Equidem
472 2737 637 2783 constantem
646 2746 707 2786 mss.
779 2732 801 2797 fi.
820 2734 852 2782 25
880 2746 971 2799 murae
996 2729 1153 2798 instructus]
1190 2735 1205 2784 I
1271 2748 1337 2802 ,cap

107 2799 249 2852 lectionem
275 2813 351 2850 servo
373 2814 421 2851 nec
443 2806 506 2852 utor
526 2799 551 2851 h.
573 2798 591 2850 l.
615 2814 646 2851 ea
667 2814 710 2850 re·
745 2801 811 2919 §1:33
829 2815 895 2851 saxo
908 2799 983 2866 pilae
1000 2799 1146 2851 instructae
1164 2811 1237 2853 eunt.
1287 2816 1340 2871 epos

106 2867 180 2922 tione
198 2884 277 2948 quam
294 2865 429 2920 Drakenb.
453 2869 487 2921 ad
507 2866 565 2920 Liv.
582 2881 613 2934 x,
632 2874 708 2932 37,2
771 2868 839 2919 hem.
862 2883 884 2919 a.
904 2873 918 2920 6
935 2876 1076 2936 postquam
1099 2877 1189 2921 cutem
1211 2871 1341 2924 audiena

107 2946 245 3007 exposmt;
263 2934 348 2989 diam
364 2935 461 3006 potius,
488 2935 556 2990 sicut
573 2935 709 2989 discrimen
744 2953 846 2988 murum
859 2937 966 3001 instrui,
980 2936 1210 3004 leyotosAttenos
1228 2940 1341 2993 miserm

108 3005 194 3059 estin
211 3004 304 3058 nostro'
319 3020 440 3058 sermone
457 3022 547 3059 eorum
564 3021 632 3075 quae
649 3012 712 3058 sunt
745 3007 791 3126 qpi
808 3006 838 3056 ici
844 3005 912 3070 fleri
933 3013 1065 3083 vetarent,
1088 3003 1136 3057 nbi
1160 3003 1222 3075 lege
1244 3006 1341 3078 interp.

108 3074 236 3140 ieilltcttnt
255 3081 283 3127 et
301 3089 370 3143 quae
386 3073 521 3144 fcllqcllesst,
543 3074 589 3127 sed
602 3089 634 3126 ea
646 3091 712 3126 non·
776 3071 851 3126 odius
860 3072 967 3142 quidem
976 3089 1063 3126 nescio
1079 3089 1133 3142 qna
1151 3091 1234 3128 causa
1250 3077 1343 3141 ductus,

107 3161 244 3214 nunquam
271 3149 470 3213 permutantur,
502 3142 540 3196 ita
573 3141 652 3194 etiam
683 3141 712 3195 in
745 3158 830 3212 neque
855 3141 926 3194 enim
948 3140 1024 3208 dicit,
1047 3148 1144 3194 contra
1160 3142 1291 3198 librorum
1305 3160 1344 3197 an·

108 3211 205 3266 Latino
227 3211 333 3264 easdem
354 3226 396 3262 res
421 3212 499 3263 modo
525 3221 609 3265 statos
632 3211 712 3264 modo
746 3210 897 3265 ctoritatem
914 3226 1005 3264 vocem
1022 3211 1169 3263 instructas
1187 3212 1285 3267 omisit.

109 3290 222 3333 statutas
249 3279 308 3332 dici.
355 3278 426 3331 Nam
457 3296 524 3349 qnae
554 3296 615 3332 vere
641 3289 711 3334 stota
780 3280 894 3348 spatium
907 3293 971 3330 xxx
988 3287 1012 3333 et
1029 3280 1055 3332 d.
1068 3281 1169 3347 pedum
1187 3282 1218 3333 in
1236 3280 1345 3335 latitudi-

110 3354 185 3414 sunt,
207 3348 300 3400 eadem
324 3363 383 3400 cum
405 3346 501 3402 litteris
523 3347 713 3418 consignantur
747 3366 805 3401 nem
822 3350 995 3417 amplectitur]
1016 3346 1111 3400 Adieci
1149 3349 1346 3431 raepositionetn

108 3425 207 3469 statuto
224 3417 301 3468 fiunt.
748 3419 776 3469 in
804 3417 837 3468 de
863 3416 1015 3470 coniectura
1041 3415 1135 3468 Freins
1154 3417 1232 3484 enni,
1266 3423 1347 3472 w

143 3486 167 3550 §-
185 3490 227 3537 23.
251 3501 298 3536 suo
316 3500 489 3553 equorumque
506 3487 586 3553 cultu]
614 3485 714 3539 Hiante
747 3484 817 3538 enim
834 3501 910 3556 posse
931 3484 994 3538 mihi
1012 3484 1119 3555 quidem
1136 3503 1194 3539 non
1210 3487 1245 3540 fit
1260 3484 1344 3541 verisi-

52 3589 54 3592 ψ
109 3569 174 3605 sono
196 3551 277 3621 vulgo
302 3552 385 3605 edunt
411 3571 460 3606 suo
482 3563 558 3624 atque
580 3571 712 3624 equorum,
748 3553 843 3620 simile,
870 3571 920 3607 nec
941 3553 1036 3606 mirum
1058 3551 1191 3628 excidisse
1217 3572 1278 3610 eam
1292 3560 1346 3626 post

109 3637 157 3674 nos
175 3619 359 3674 anctoritatem
381 3621 510 3674 bonorum
527 3622 654 3676 librorum
672 3640 713 3676 se·
746 3623 864 3676 litteram
885 3641 919 3676 m.
962 3621 1016 3676 Pro
1043 3638 1075 3675 eo
1100 3629 1143 3675 est
1166 3621 1346 3679 latitudinem

128 3688 222 3754 uimur‚
242 3688 322 3742 Snnk.
340 3687 421 3742 trium
437 3690 518 3744 Bern.
536 3696 562 3744 A
576 3692 650 3745 Flor.
665 3697 713 3744 AB
749 3691 820 3745 Flor.
839 3690 930 3745 DFGI
947 3690 1004 3744 Pal.
1024 3697 1047 3743 1.
1079 3689 1214 3745 Numerus
1233 3691 1346 3748 scribitm

109 3707 189 3824 dm,
212 3756 240 3810 in
261 3776 315 3812 uno
336 3756 362 3811 G
378 3758 487 3829 vulgata
504 3767 554 3827 est,
572 3759 600 3813 in
618 3760 714 3814 ceteris
727 3802 740 3825 ,
750 3764 859 3814 duorum
877 3770 901 3813 et
919 3761 1028 3830 triptota
1045 3757 1073 3812 in
1089 3758 1164 3813 Flor.
1182 3760 1221 3828 O,
1245 3762 1345 3832 triptota

109 3845 157 3883 sao
175 3844 296 3895 equorum
320 3829 398 3881 calta.
433 3829 553 3882 Eandem
574 3830 716 3882 verborum
750 3825 1109 3896 duoraminE,xxx11in
1126 3828 1216 3883 DFH.

108 3903 280 3968 potestatem,
298 3904 329 3949 ut
347 3899 453 3950 larario
468 3897 543 3951 sitin
557 3897 715 3951 deteriorem
784 3901 806 3966 ᾖ.
830 3904 871 3951 tt.
907 3897 1103 3966 ncubitoram]
1151 3899 1253 3953 Omnes
1278 3895 1342 3952 codd

108 3972 226 4038 partem,
254 3966 326 4035 quod
347 3968 540 4035 mcpnfficentia
563 3965 591 4019 in
608 3967 713 4033 bonam,
748 3967 819 4022 Flor.
837 3973 884 4019 aut
901 3974 992 4020 notam
1009 3980 1027 4017 L
1044 3972 1091 4018 ant
1108 3967 1243 4046 expassis
1259 3963 1343 4020 litteris

50 4054 55 4066 ·
108 4035 169 4088 vide
186 4048 257 4098 vm,
282 4041 312 4088 17
332 4042 361 4088 et
377 4041 419 4088 32.
454 4035 526 4088 Fons
547 4034 603 4087 eius
620 4035 714 4089 distin·
766 4036 940 4104 oinqaapinto
962 4033 1104 4099 exhibent,
1136 4042 1202 4089 rtem
1223 4032 1342 4089 Ber-nd

109 4100 204 4157 ctionis
226 4111 267 4156 est
284 4104 355 4185 apud
373 4102 526 4157 Ciceronem
543 4121 581 4157 or.
598 4121 626 4173 p.
643 4104 714 4158 Mur.
747 4054 823 4158 imici.
841 4108 916 4156 Voss.
936 4111 963 4168 1,
982 4103 1021 4157 ita
1038 4109 1068 4154 nt
1084 4102 1168 4156 Bern.
1187 4104 1211 4157 B
1230 4113 1260 4158 et
1275 4103 1340 4157 vm

109 4179 143 4227 tt
166 4171 234 4223 med.
260 4173 321 4225 Odit
346 4175 461 4242 pupulus
486 4173 561 4225 Rom.
577 4174 714 4242 privatam
749 4180 904 4227 2auctores
921 4172 1104 4243 relinquantur
1117 4171 1245 4242 vulgatae
1262 4168 1341 4226 lectio-

110 4240 256 4307 luxuriam,
272 4243 408 4310 publicam
432 4243 651 4311 mopnificentiom
673 4243 714 4294 di·
748 4241 788 4295 nis
813 4242 842 4295 O.
886 4240 1019 4303 Diodorus
1044 4254 1081 4306 11,
1116 4248 1129 4293 7
1159 4238 1340 4312 quinquaginta

111 4310 177 4379 tiqit.
748 4316 862 4376 πηχέων
889 4309 1056 4363 altitudinem
1085 4308 1181 4363 definit
1211 4309 1338 4364 secundum

145 4375 210 4450 Cap.
228 4382 255 4444 4,
273 4382 297 4444 s.
315 4381 357 4434 at.
393 4395 445 4433 non
462 4387 491 4435 nt
503 4379 636 4452 plerique]
668 4376 714 4434 ste
748 4378 906 4434 recentiores
924 4378 1050 4451 quosdam
1068 4376 1248 4446 (Clitarchum
1264 4375 1336 4441 dicit),
