2926 5174
189 294 237 366 38
660 308 695 371 o.
723 306 848 360 suurn
872 308 959 359 surr

185 497 419 597 gnacissimas
462 494 646 566 locaverat
686 500 826 589 gentes.
894 489 1019 589 Ipsum
1060 514 1184 587 regem
1227 491 1268 562 in
1303 489 1444 565 eodemr

186 632 300 681 cornu
326 605 577 678 dimicaturum
602 603 672 675 tria
696 602 795 674 milia
828 598 1049 675 delectorum
1075 600 1253 697 equitum,
1287 614 1422 676 assueta

186 716 346 815 corporis
377 714 557 806 custodia,
590 723 628 787 et
662 709 842 811 pedestris
870 712 963 785 acies
991 710 1231 808 quadraginta
1256 712 1356 785 milia
1379 739 1422 790 se·

185 829 398 926 quebantur.
450 824 612 925 Hyrcani
645 822 775 897 deinde
806 820 973 919 Medique
1005 822 1158 919 equites:
1193 821 1251 896 his
1278 824 1445 925 proximis

183 948 384 1012 ceterarum
417 937 594 1035 gentium,
629 936 725 1008 ultra
762 960 828 1008 eos
868 932 999 1008 dexma
1038 933 1214 1029 laevaque
1258 932 1423 1033 dispositi.

183 1047 265 1122 Hoc
291 1073 430 1146 agmen,
457 1048 549 1120 sicut
574 1045 710 1120 dictum
737 1055 802 1135 est,
821 1045 1060 1135 instructum,
1085 1068 1153 1117 sex
1177 1044 1280 1117 milia
1305 1045 1423 1119 iacula·

184 1166 306 1233 torum
338 1157 630 1254 funditorumque
665 1154 937 1230 antecedebant.
991 1151 1167 1252 Quicquid
1198 1153 1238 1226 in
1271 1156 1342 1229 illis
1368 1181 1445 1240 ans

183 1269 312 1368 gustiis
347 1268 438 1342 adiri
469 1279 631 1367 poterat,
667 1269 905 1365 impleverant
936 1267 1074 1364 copiae,
1108 1290 1321 1363 cornuaque
1352 1267 1425 1340 hinc

183 1381 230 1454 ab
257 1381 360 1478 iuge,
393 1380 492 1452 illinc
517 1405 541 1453 a
565 1380 656 1452 mari
688 1379 852 1467 stabant,
888 1402 1041 1450 uxorem
1075 1387 1306 1474 matremque
1340 1379 1423 1477 regis

184 1500 223 1565 et
248 1491 357 1562 alium
382 1491 596 1564 seminarum
621 1514 769 1588 gregem
793 1489 832 1560 in
866 1486 1024 1561 medium
1049 1512 1179 1585 agmen
1206 1498 1423 1586 acceperant

134 1611 185 1683 24
288 1599 498 1674 Alexander
523 1600 754 1699 phalangem,
786 1625 858 1696 qua
887 1599 976 1671 nihil
1002 1597 1099 1696 apud
1123 1597 1348 1673 Macedonas
1372 1624 1444 1677 var

184 1709 290 1784 lidius
326 1721 419 1802 erat,
458 1711 496 1783 in
520 1713 640 1784 fronte
673 1710 867 1785 constituit.
915 1708 1099 1782 Dextrum
1125 1734 1240 1782 cornu
1266 1708 1421 1801 Nicanor,

183 1819 431 1894 Parmenionis
457 1822 561 1912 filius,
587 1821 776 1896 tuebatur:
811 1821 895 1894 huic
920 1820 1076 1918 proximi
1099 1820 1251 1923 stabant
1280 1819 1419 1911 Coenos,

184 1942 222 2006 et
246 1930 446 2023 Perdiccas,
473 1943 511 2006 et
535 1931 725 2031 Meleager,
753 1943 793 2006 et
815 1930 1055 2021 Ptolemaeus
1082 1934 1120 2003 et
1145 1929 1351 2031 Amffltas,
1375 1931 1421 2005 sui

185 2042 333 2140 quisque
366 2043 516 2141 agminis
552 2043 671 2118 duces.
723 2042 767 2116 Iu
791 2045 913 2132 laevo,
947 2041 1045 2139 quod
1071 2038 1118 2113 ad
1144 2066 1245 2116 mare
1274 2044 1439 2141 pertinet

220 2278 244 2343 §-
262 2281 288 2327 4.
320 2277 453 2329 incudem
472 2281 562 2345 cornu]
598 2280 638 2332 At
660 2279 789 2333 Arrianus
824 2284 932 2344 extant,
959 2277 1030 2331 Aldo
1048 2283 1158 2330 auctore
1174 2277 1303 2349 plerique
1320 2277 1420 2332 editores

185 2349 245 2410 11,8
263 2350 292 2396 et
310 2342 484 2397 Callisthenes
502 2347 574 2415 apud
590 2347 788 2416 Polyb.x11,18
824 2346 983 2400 omiserunt:
998 2365 1060 2411 ,non
1077 2353 1166 2412 recte,
1185 2345 1338 2400 difficultas
1354 2346 1419 2413 enim,

186 2428 248 2464 eum
272 2410 300 2463 in
317 2410 404 2463 media
422 2409 479 2462 acie
495 2429 568 2466 more
593 2415 682 2483 patrio
709 2415 789 2469 fuisse
824 2431 893 2484 quae
918 2413 988 2468 inest
1013 2414 1042 2467 in
1059 2414 1118 2467 loco
1145 2413 1306 2469 omittendis
1331 2415 1361 2469 iis
1376 2432 1419 2467 non

187 2479 289 2533 dieunt.
330 2478 463 2531 Nimirum
488 2479 534 2532 ubi
560 2482 789 2560 coniungebantur
823 2482 934 2537 tollitur.
969 2483 1020 2536 Est
1038 2482 1108 2535 enim
1129 2482 1157 2534 in
1175 2499 1209 2536 eo
1226 2485 1334 2553 posita,
1360 2482 1420 2553 quod

187 2548 312 2599 dextrum
330 2554 358 2599 et
376 2545 510 2599 sinistrum
537 2562 638 2615 cornu,
664 2568 693 2601 ιιι
720 2569 788 2620 quae
823 2551 939 2630 scriptor
947 2551 1087 2621 Hyrcanos
1095 2551 1246 2621 Medosque
1261 2552 1420 2622 deindepost

187 2622 247 2668 tota
264 2613 334 2668 acies
352 2614 526 2668 dividebatur.
823 2620 927 2700 pedites
955 2619 1104 2673 constitisse
1130 2618 1216 2687 dicit,
1254 2636 1319 2674 cum
1343 2628 1419 2674 tamen

222 2693 328 2736 assueta
347 2684 462 2752 corporis
480 2685 610 2751 custodia]
634 2683 679 2737 Sic
697 2684 791 2755 scripsi
823 2687 1043 2741 1nterieetacsset
1061 2695 1210 2741 ceterarum
1228 2689 1353 2758 gentium
1365 2704 1419 2768 pars

188 2751 378 2806 auctoritatem
397 2751 473 2804 codd.
492 2767 610 2804 meorum
627 2751 744 2805 omnium
762 2760 791 2806 et
825 2756 952 2823 equitum.
989 2757 1043 2809 Sed
1064 2755 1142 2808 facile
1164 2755 1419 2811 animadvertensin

188 2821 251 2875 olim
274 2820 432 2873 collatorum
455 2819 550 2889 optimi
572 2819 699 2890 cuiusque
716 2837 791 2873 secu·
824 2821 877 2872 hac
901 2824 958 2876 acie
984 2823 1157 2878 describenda
1182 2823 1350 2895 singularum
1393 2841 1419 2876 n·

187 2897 239 2942 tus.
257 2888 370 2941 Aldinus
388 2888 474 2942 editor
492 2887 538 2958 qui
553 2888 654 2968 primus
672 2889 791 2942 dativum
825 2888 893 2941 tium
909 2909 962 2944 non
979 2892 1109 2945 nominari
1125 2891 1175 2944 nisi
1186 2894 1354 2965 praecipuas.
1364 2841 1416 2944 ieta-

187 2959 322 3011 custodiae
340 2956 441 3010 invexit
460 2960 534 3024 (nam
550 2975 579 3009 m
596 2958 637 3010 ed.
646 2976 687 3027 pr.
706 2969 791 3011 custo·
826 2973 879 3027 que
901 2960 942 3011 tis
954 2963 1073 3028 proximi
1096 2960 1134 3013 sic
1151 2960 1346 3032 interpretandi
1360 2965 1413 3012 sunt

188 3027 234 3080 dia
252 3025 380 3096 legitur),
398 3027 529 3080 bonorum
546 3025 720 3097 scriptorum,
745 3027 791 3081 ci.
826 3025 902 3096 quasi
928 3045 986 3080 cum
1011 3030 1053 3080 tis
1080 3030 1221 3082 coniuncti.
1277 3026 1414 3084 nominavit

188 3094 290 3148 caronis
309 3096 354 3162 (de
368 3102 489 3163 oratur,
502 3097 546 3165 15)
566 3095 686 3149 Caesaris
705 3101 791 3163 (certe
825 3093 917 3147 statim
934 3095 1073 3164 Hyrcanos
1090 3104 1119 3149 et
1135 3096 1234 3150 Medos
1254 3098 1362 3169 equites,
1379 3093 1417 3174 qui

186 3181 265 3216 ossae
278 3165 332 3216 usti
347 3181 442 3232 ponere
460 3166 572 3232 quodum
588 3181 698 3242 puqaoe
724 3164 790 3234 legi-
824 3164 906 3217 robur
932 3171 961 3215 et
988 3163 1062 3232 quasi
1089 3181 1185 3233 corpus
1213 3168 1346 3236 equestris
1362 3161 1418 3217 acrei

186 3238 231 3284 tur
267 3232 332 3284 eB.
352 3231 383 3284 O.
400 3246 421 3297 1,
439 3234 492 3300 44)
510 3230 579 3282 Livii
596 3231 723 3300 1mprimis
742 3233 789 3300 (cf.
824 3239 921 3297 esseut,
939 3231 1034 3284 deinde
1051 3232 1126 3285 addit
1142 3232 1173 3284 iis
1192 3235 1336 3290 adiunctos
1352 3233 1417 3287 fiune

188 3297 270 3352 Gron.
297 3306 326 3352 et
350 3298 435 3359 Drak.
463 3299 497 3350 ad
522 3297 580 3350 Liv.
598 3312 682 3365 xxx1,
701 3305 734 3353 35
761 3308 790 3353 et
825 3308 928 3352 ceteros
945 3299 1000 3366 sic,
1027 3307 1059 3353 ut
1076 3318 1092 3352 a
1109 3301 1206 3355 dextro
1224 3303 1355 3375 laevoque
1369 3300 1417 3356 illo-

186 3365 260 3417 Duk.
279 3366 313 3417 ad
330 3380 360 3431 x,
381 3368 430 3431 17)
448 3380 548 3418 morem
569 3365 716 3434 ignoravit,
762 3368 791 3421 ui
823 3386 884 3422 rum
900 3368 984 3420 latere
1001 3368 1132 3421 steterint.

188 3431 334 3484 ablativum
351 3432 454 3501 pariter
467 3440 550 3501 atque
568 3433 686 3487 dativum
703 3385 790 3490 verbis
860 3440 882 3516 ᾗ.
902 3444 926 3490 6.
970 3438 1029 3489 blac
1051 3438 1084 3488 ob
1108 3438 1179 3506 iuqo]
1226 3440 1271 3493 At
1315 3457 1345 3494 ro
1360 3456 1375 3492 a
1390 3452 1417 3489 ex

187 3517 353 3567 assuescere,
377 3503 500 3554 adsuetus
520 3501 673 3572 adiungunt.
708 3505 790 3574 Apud
824 3504 898 3558 Lerd.
917 3505 997 3557 Bern.
1015 3504 1042 3556 A
1058 3504 1129 3556 Flor.
1147 3503 1245 3559 BCG
1309 3506 1344 3561 'di
1368 3521 1417 3558 cum

187 3575 308 3620 nostrum
334 3567 440 3637 quidem
462 3584 493 3636 Χ,
514 3575 555 3635 15,
574 3576 590 3622 8
607 3571 680 3624 nulla
697 3571 789 3627 lectio·
824 3573 917 3627 Modio
935 3572 1103 3625 auctoritatis
1121 3572 1252 3626 librorum
1261 3591 1350 3642 causa,
1366 3589 1416 3626 nau

187 3635 228 3688 nis
246 3635 375 3689 varietate
392 3644 433 3689 est
450 3639 532 3707 paeri
550 3643 682 3692 custodiae
700 3659 789 3710 corpo-
824 3657 932 3694 necesse
954 3659 1009 3694 non
1032 3648 1073 3693 est
1098 3639 1224 3710 quoniam
1242 3642 1251 3694 i
1269 3643 1370 3697 Latinis
1384 3645 1416 3693 ast

167 3705 227 3756 ‘ris
254 3706 309 3756 eius
337 3706 452 3772 assueti,
479 3706 526 3759 sed
542 3721 571 3773 V,
589 3714 632 3774 33,
652 3715 667 3761 9
691 3710 790 3763 rectius
825 3726 979 3763 consonans.
997 3709 1035 3761 Et
1052 3723 1093 3775 Ν,
1112 3715 1144 3762 35
1163 3726 1179 3760 u
1198 3710 1263 3778 iuqo
1282 3711 1382 3781 legitur.

187 3771 243 3824 sine
260 3771 341 3826 dubio
358 3772 456 3842 legitur
473 3777 592 3828 custodia
611 3778 666 3829 eius
680 3780 789 3845 assueti,
860 3778 927 3847 Cap.
945 3784 988 3844 24,
1008 3780 1031 3845 ξ.
1051 3785 1074 3830 7.
1110 3778 1276 3845 pbalangem
1294 3797 1346 3848 qao
1362 3774 1415 3830 nibil

185 3839 227 3893 uti
247 3855 288 3908 VI,
309 3848 323 3894 7
339 3851 429 3910 pentes
447 3845 557 3897 alterius
576 3845 684 3912 imperio
702 3855 726 3898 et
744 3864 789 3898 no·
824 3847 983 3899 —colidius
994 3849 1059 3912 erut]
1077 3844 1204 3897 Notabile
1222 3853 1302 3914 puto,
1320 3847 1348 3900 in
1360 3844 1414 3898 Sua·

185 3910 254 3962 brine
281 3919 410 3963 assuetas.
445 3911 530 3964 Miror
555 3911 637 3981 igitur
654 3912 789 3968 Snalrenb.
824 3913 965 3983 lenburgii
987 3913 1060 3966 libris
1077 3912 1193 3981 meisque
1212 3915 1336 3969 omnibus
1351 3925 1415 3984 prae·

187 3977 317 4047 cogitasse
343 3979 377 4030 de
401 3979 584 4049 appositione,
612 3989 643 4033 ut
669 3984 789 4035 custodio
824 3989 868 4036 ter
884 3983 956 4035 Flos.
976 3980 1026 4035 OG
1043 3997 1099 4034 esse
1117 3997 1174 4048 quo.

187 4046 363 4099 nominativus
382 4063 457 4100 casus
475 4048 525 4114 sit,
552 4049 727 4119 nequeenim
745 4068 789 4103 cc·
859 4060 883 4105 et
900 4051 1074 4118 Ptolemaeus]
1099 4047 1244 4103 Omittitur
1262 4060 1288 4105 et
1304 4050 1333 4104 in
1347 4049 1413 4103 Bern

186 4115 272 4165 stedia
295 4114 322 4166 in
344 4115 411 4184 sing.
428 4132 538 4168 numero
560 4133 576 4167 a
595 4117 631 4168 ud
656 4117 788 4187 prosarios
822 4118 851 4173 A
866 4118 1009 4173 FlonBC.

186 4188 308 4233 auctores
326 4200 375 4251 pro
394 4184 546 4237 custodibus
585 4184 670 4238 'eitun
858 4190 882 4256 ξ.
900 4193 925 4241 8.
962 4189 990 4239 ia
1015 4188 1096 4253 laevo]
1132 4184 1225 4238 Etiam
1248 4187 1412 4240 Macedonum

220 4250 243 4315 ξ.
254 4254 277 4301 5.
296 4251 365 4302 ultra
384 4268 426 4303 eos
445 4255 538 4304 dextra
557 4253 680 4320 laevaque
697 4253 787 4323 dispo·
821 4254 891 4308 acies
908 4254 937 4307 in
954 4255 1079 4307 dextrum
1096 4262 1124 4306 et
1141 4253 1279 4308 sinistrum
1297 4248 1411 4309 cornudi·

184 4317 241 4383 siri]
278 4318 367 4369 Verba
384 4321 453 4371 ultro
472 4337 528 4385 eos,
576 4336 625 4371 uae
643 4320 672 4373 in
688 4320 786 4375 nostris
819 4322 974 4390 videbatur3
1011 4323 1147 4401 Meleager
1163 4329 1192 4374 et
1209 4321 1375 4376 Ptolemaeus
1389 4320 1411 4368 el

187 4385 262 4438 codd.
280 4384 400 4438 omnibus
417 4395 445 4440 et
462 4387 491 4441 in
507 4336 582 4442 Laid.
597 4386 786 4461 Vossianisqua
818 4390 950 4463 Amyntas
967 4391 1072 4461 singula
1089 4389 1187 4443 smistri
1198 4389 1410 4462 cornuspeditum
