2926 5174
463 311 513 362 ua
540 309 666 361 casus
692 309 801 360 Anax.
827 310 877 378 rx,
904 308 928 360 i.
1273 294 1347 367 437

116 494 196 566 Pori
220 495 450 594 multiplicem
476 495 594 569 animo
620 495 713 591 regis
746 494 915 566 iniecerat
941 521 1072 569 curam.
1112 496 1263 572 Hostem
1289 499 1348 573 be·
1405 524 1408 529 ·

114 607 257 701 luasque
291 605 501 704 spernebat,
534 606 642 678 situm
676 607 836 678 locorum
871 617 908 679 et
941 608 1015 680 vim
1039 609 1225 682 fluminum
1260 611 1347 683 exti-

91 717 305 808 imescebat3
336 718 519 814 relegatos
554 717 591 788 in
622 717 786 789 ultimum
820 743 935 814 paene
968 743 1088 791 rerum
1113 721 1349 793 humanarum

113 829 275 925 persequi
306 829 500 901 terminum
538 839 575 901 et
606 854 730 902 eruere
764 827 917 899 arduum
949 828 1148 906 videbatur.
1211 831 1349 904 Rursus

113 941 260 1013 avaritia
291 939 424 1036 gloriae
457 947 495 1010 et
533 940 742 1013 insatiabilis
778 938 907 1035 cupido
945 941 1061 1013 famae
1086 942 1176 1014 nihil
1201 943 1347 1032 invium,

91 1052 195 1123 >nihil
221 1059 399 1123 remotum
430 1048 546 1122 videri
572 1051 719 1124 sinebat.
771 1048 819 1121 Et
849 1049 1030 1123 interdum
1063 1051 1267 1144 dubitabat,
1301 1079 1347 1125 an

110 1161 331 1252 Macedones,
356 1170 414 1235 tot
440 1162 707 1259 emensispatia
729 1171 915 1251 terrarum,
941 1163 978 1234 in
1004 1164 1079 1236 acie
1106 1173 1142 1236 et
1167 1165 1204 1236 in
1222 1165 1347 1237 castris

112 1298 211 1346 senes
237 1275 331 1364 facti,
357 1297 422 1370 per
450 1273 591 1346 obiecta
616 1272 779 1361 flumina,
814 1297 878 1369 per
904 1281 960 1345 tot
985 1283 1135 1347 naturae
1162 1276 1347 1347 obstantes

111 1384 336 1458 difficultates
363 1385 521 1457 secuturi
548 1393 685 1458 essent:
713 1382 938 1455 abundantes
966 1397 1184 1484 onustosque
1210 1384 1345 1482 praeda

91 1497 220 1594 imagis
247 1507 352 1594 parta
372 1495 442 1568 frui
460 1496 563 1584 velle,
590 1519 698 1591 quam
716 1493 930 1589 acquirenda
955 1497 1105 1594 fatigari.
1145 1494 1227 1570 Non
1251 1496 1347 1569 idem

111 1607 173 1680 sibi
199 1617 237 1680 et
263 1607 433 1679 militibus
451 1606 559 1678 animi
586 1629 680 1678 esse:
709 1630 748 1678 se
773 1605 884 1677 totius
912 1608 1008 1680 orbis
1022 1609 1210 1706 imperium
1225 1617 1345 1681 mente

111 1720 346 1816 complexum,
373 1717 492 1790 adhue
517 1719 554 1789 in
581 1742 729 1814 operum
755 1743 902 1791 suorum
927 1719 1121 1817 primordio
1148 1731 1258 1794 stare:
1285 1719 1346 1790 mi·

110 1831 214 1920 litem,
242 1831 367 1903 labore
381 1829 630 1926 defatigatum,
656 1830 859 1925 proximum
877 1855 1053 1928 quemque
1074 1831 1230 1903 fructum
1246 1830 1346 1902 finito

113 1940 258 2014 tandem
285 1942 442 2039 periculo
470 1948 649 2037 expetere.

91 2072 96 2118 t
210 2051 312 2126 Vicit
338 2077 424 2149 ergo
457 2050 587 2149 cupido
613 2049 804 2139 rationem,
840 2061 877 2124 et
910 2049 958 2127 ad
983 2048 1186 2124 contionem
1211 2053 1349 2126 vocatis
1377 2054 1398 2124 8

111 2165 296 2255 militibus,
330 2164 376 2237 ad
407 2166 503 2237 hune
533 2162 689 2234 maxime
721 2160 868 2233 modum
900 2160 1084 2234 disseruit:
1116 2161 1349 2262 Nowipnero,

111 2275 243 2368 milites,
270 2277 391 2367 multa,
418 2299 504 2375 quae
529 2286 648 2346 terrere
673 2297 730 2346 vos
750 2285 901 2370 possent,
934 2274 975 2345 ab
1000 2272 1116 2346 ineolis
1141 2274 1262 2348 Indiae
1283 2299 1348 2372 per
1453 2351 1455 2355 Α

91 2387 164 2460 :tus
189 2386 264 2460 dies
290 2387 333 2459 de
359 2385 527 2459 industria
558 2408 628 2458 esse
659 2384 797 2456 iactata:
828 2383 980 2458 sednon
1010 2397 1058 2457 est
1087 2384 1348 2483 improvisam·

109 2497 155 2570 bis
179 2496 409 2571 mentientium
433 2494 575 2570 uenias.
629 2490 688 2569 Sic
714 2492 851 2571 Ciliciae
867 2499 997 2597 fauces,
1023 2496 1072 2570 sir
1090 2496 1349 2595 Mesopotamiae

109 2633 259 2707 campos,
299 2607 431 2706 Tiprirn
457 2620 488 2680 et
511 2605 720 2704 Euphraten,
754 2630 894 2706 querum
919 2607 1058 2681 alterum
1083 2609 1170 2682 uado
1196 2608 1348 2681 manavi-

91 2747 193 2812 mus,
221 2721 367 2794 alteram
386 2731 503 2816 ponte,
535 2715 710 2789 terribilem
725 2720 879 2818 fecerant
903 2717 1036 2792 Persae.
1088 2718 1276 2817 Nunquam
1301 2720 1350 2791 ad

107 2831 272 2931 [quidum
296 2833 402 2930 fama
428 2828 644 2927 perducitur:
678 2829 808 2919 mania,
839 2829 898 2902 illa
923 2829 1083 2920 tradente,
1115 2830 1245 2903 maiora
1271 2843 1350 2902 sunt

108 2967 190 3017 uera
252 2941 387 3016 Nostra
419 2965 546 3040 queque
577 2939 702 3039 pieria,
737 2965 812 3012 curn
845 2938 889 3012 sit
913 2963 953 3011 ea
978 2939 1097 3031 solide,
1125 2941 1208 3037 plus
1239 2952 1348 3012 tamen

106 3054 195 3128 tabet
220 3052 381 3144 norninis,
407 3077 509 3150 quam
534 3050 654 3149 operia
707 3050 810 3126 Modo
836 3049 911 3147 quis
936 3049 1048 3123 beluas
1073 3054 1239 3151 offerentes
1264 3074 1348 3125 moe-
1418 3138 1421 3143 Ι

137 3325 158 3391 5.
176 3331 201 3378 9.
233 3331 258 3376 et
277 3321 382 3390 eruere]
416 3319 491 3373 Infra
507 3336 530 3373 c.
550 3326 595 3387 12,
614 3325 630 3372 8
647 3321 714 3372 inter
782 3337 859 3389 quam
886 3319 1046 3389 acquirenda
1073 3321 1192 3390 fatipare]
1228 3320 1293 3374 Mus.
1315 3324 1353 3374 nd

98 3391 175 3460 feras
204 3399 395 3460 serpentesque
418 3392 536 3457 (tepentes
563 3405 652 3469 eruere
682 3404 713 3440 ea
748 3390 909 3467 quaerenda,
923 3388 1056 3466 mendose.
1081 3387 1166 3469 Paulo
1179 3396 1240 3459 post
1252 3407 1280 3443 se
1308 3401 1352 3443 ost

104 3461 206 3514 latebris
225 3470 252 3513 et
271 3459 400 3511 arabilibus
417 3459 471 3510 suis
489 3467 596 3525 erpetui.
748 3473 804 3509 esse
819 3463 885 3535 rpem
901 3473 929 3536 in
944 3457 1064 3536 omuibus
1082 3465 1179 3511 nostris
1196 3465 1223 3510 et
1232 3456 1271 3512 Sn
1306 3474 1352 3510 eu·

136 3564 254 3616 avaritia
271 3561 390 3631 pieriae]
426 3558 491 3639 Nou
511 3558 601 3628 potuit
621 3555 714 3610 melius
748 3524 1052 3664 bugfflhhbrsssxpeffiil
1066 3594 1140 3647 mor·
1157 3592 1248 3648 ΒΜ
1264 3594 1349 3647 Ml

104 3626 714 3766 1υὲιέεξιρηῗξιῖἲὲἒζευῖῗιξωῃῖηῗῃῗοΐῗὶῗθᾚιῗ
746 3663 1136 3800 352⁶’lagzrap‘1l'1gfflt'll0dlus
1168 3670 1271 3716 Secutus
1302 3670 1351 3728 θὸῒ»

104 3764 712 3900 aretrusissent-stitisse:
746 3796 1350 3936 „qipppr,peperimus

105 3912 140 3956 ‘0²'
155 3907 264 3959 laudem
283 3902 377 3955 ⁰²²⁰?ss
394 3919 447 3955 ¹¹⁰⁸
464 3908 528 3971 Ριιιο
546 3899 638 3954 curll⁰
655 3914 712 3952 ‘³⁵⁵⁹‘
746 3933 816 3986 Flor.
834 3933 888 3987 ΕΗ
912 3935 992 3987 Bern.
1011 3935 1034 3986 B
1052 3939 1128 3988 Voss.
1147 3943 1161 3985 2
1180 3944 1276 3987 terrere
1293 3951 1349 3987 nos.

105 3973 283 4028 ‘'blfflalum’
536 4038 541 4049 -
744 4001 814 4054 Item
830 4010 892 4071 post
909 4005 982 4056 uobis
999 4002 1072 4055 Flor.
1085 4002 1146 4054 ΕΗ.

134 4080 156 4141 §.
173 4083 216 4129 10.
255 4073 398 4127 dubitabat
423 4074 468 4139 an]
509 4071 580 4126 Usus
604 4077 645 4123 est
661 4068 711 4123 hac
779 4073 803 4138 ξ.
824 4078 864 4124 13.
903 4073 1004 4140 Tiprim
1027 4080 1050 4122 et
1067 4069 1233 4139 Euphraten]
1270 4068 1351 4133 Quod

107 4143 301 4198 oonsbuotione
319 4157 377 4192 non
394 4155 425 4192 eo
442 4156 528 4207 sensu,
547 4157 599 4210 quo
617 4154 712 4191 aureae
747 4137 828 4191 Suak.
851 4138 936 4192 edidit
957 4140 1051 4207 Tipriu
1073 4149 1097 4191 et
1114 4139 1283 4205 Euphraten,
1310 4139 1350 4191 uti

106 4212 190 4266 astatis
208 4211 361 4280 scriptores
375 4223 485 4277 semper,
503 4215 646 4277 argenteae
659 4224 713 4259 non
747 4208 824 4273 solet,
842 4206 870 4260 in
880 4226 940 4260 mss.
950 4207 1002 4260 suis
1020 4222 1076 4259 esse
1085 4205 1156 4271 dicit,
1170 4206 1351 4274 sedEuptra-

107 4294 158 4334 raro
173 4281 216 4334 usi
234 4286 313 4344 sunt,
334 4282 365 4329 ut
382 4275 415 4327 ad
432 4276 635 4330 affirmationem
652 4292 712 4344 pm·
748 4286 789 4329 ten
806 4275 912 4346 quidem
930 4277 992 4344 (pro
1001 4274 1073 4343 vulg.
1083 4275 1256 4342 Euphratem)
1272 4275 1352 4330 multi

107 4361 157 4466 ptus
182 4348 316 4412 accedat,
363 4360 440 4413 quam
471 4346 505 4398 ad
535 4343 712 4415 negationem.
747 4343 881 4397 enostris
899 4344 977 4397 Bern.
1000 4341 1025 4393 Α
1049 4349 1077 4396 et
1093 4341 1172 4395 Flor..
1195 4340 1348 4412 ADFGHI,

125 4417 207 4472 edsio
225 4415 313 4470 etiam
332 4424 368 4480 V,
385 4416 432 4480 24,
451 4420 465 4467 7
484 4420 511 4468 et
527 4427 584 4483 vn,
603 4419 653 4480 30,
673 4417 713 4465 18.
751 4415 844 4482 Tiprin
861 4429 925 4466 vero
943 4427 1009 4465 unus
1026 4416 1131 4464 tautum
1147 4409 1219 4464 Flor.
1238 4409 1272 4464 G.
