2926 5174
457 321 505 374 nr
532 318 658 372 ansns
690 318 799 372 Anax.
825 319 888 390 vn,
914 317 958 372 ro.
1269 304 1342 377 315

91 518 145 582 'et
172 506 364 581 consistere
390 517 428 581 et
452 504 629 606 progredi.
664 503 774 578 Pauci
799 530 822 577 a
839 505 963 603 peritis
989 505 1144 603 regionis
1171 503 1343 582 admoniti

108 629 364 718 praepararant
389 644 527 717 aquam.
566 615 665 690 Haec
690 617 870 715 paulisper
887 617 1058 715 repressit
1076 617 1190 690 sitim:
1217 616 1345 692 deinde

109 740 289 804 arescente
324 738 425 803 aestu
458 754 581 803 rursus
618 727 832 801 desiderium
863 728 1024 802 humoris
1059 752 1248 802 accensum
1280 739 1344 802 est.

108 841 205 939 Ergo
232 840 397 938 quicquid
422 843 497 915 vini
522 842 661 939 oleique
687 850 764 913 erat
795 839 917 912 oribus
950 840 1199 937 ingerebatur,
1231 850 1345 913 tanta·

111 978 177 1050 que
205 952 358 1026 dulcedo
384 953 529 1026 bibendi
554 954 631 1043 fuit,
657 961 699 1024 ut
723 952 760 1024 in
773 961 959 1048 posterum
971 952 1049 1025 sitis
1062 978 1136 1026 non
1149 953 1344 1027 timeretur.

91 1063 247 1140 {Graves
284 1063 410 1138 deinde
442 1064 546 1139 avide
577 1065 707 1137 hausto
738 1064 888 1136 humore
919 1088 994 1136 non
1017 1064 1206 1137 sustinere
1237 1089 1347 1156 arma,
1439 1084 1441 1088 ·

111 1203 180 1249 non
206 1175 346 1274 ingredi
371 1185 557 1274 poterant3
599 1186 637 1251 et
666 1175 841 1249 feliciores
867 1173 1104 1265 videbantur,
1139 1200 1229 1272 quos
1256 1201 1349 1274 aqua

113 1287 305 1379 defecerat,
339 1313 419 1361 cum
449 1289 516 1386 ipsi
550 1288 626 1361 sine
657 1285 766 1360 modo
791 1287 946 1359 infusam
970 1286 1110 1359 vomitu
1136 1299 1349 1384 cogerentur

91 1418 265 1497 regerere.
318 1395 478 1471 Anxium
503 1416 634 1497 regem·
649 1399 759 1472 tantis
784 1399 887 1471 malis
914 1398 1118 1471 circumfusi
1151 1397 1273 1488 amici,
1307 1410 1350 1471 ut

113 1511 330 1584 meminisset
364 1511 436 1600 sui,
469 1512 638 1601 orabant;
674 1509 782 1583 animi
817 1511 872 1582 sui
897 1508 1180 1607 magnitudinem
1206 1511 1349 1583 unicum

91 1620 307 1696 aremedium
334 1619 526 1697 deficientis
553 1623 731 1696 exercitus
758 1645 856 1694 esse:
889 1646 970 1694 cum
998 1647 1045 1693 ex
1069 1621 1135 1712 his,
1163 1622 1224 1718 qui
1249 1647 1349 1720 prae·

116 1742 294 1807 cesserant
319 1731 366 1805 ad
391 1733 602 1831 capiendum
627 1734 746 1806 locum
773 1732 914 1823 castris,
948 1734 1020 1807 duo
1047 1743 1240 1807 occurrunt
1265 1735 1349 1807 utri-

115 1845 177 1918 bus
204 1869 336 1941 nquam
360 1854 558 1942 gestantes,
584 1856 625 1917 ut
650 1845 729 1918 filiis
756 1845 846 1935 suis,
874 1870 963 1942 quos
990 1846 1028 1918 in
1054 1845 1181 1920 eodem
1207 1848 1349 1943 agmine

91 1972 204 2046 lesse,
237 1964 275 2028 et
300 1980 406 2054 aegre
432 1958 507 2055 pati
533 1957 628 2030 sitim
653 1980 726 2030 non
752 1958 983 2056 ignorabant,
1016 1968 1251 2031 occurrerent
1280 1955 1350 2046 Qui

116 2091 192 2140 cum
217 2066 255 2138 in
280 2091 402 2164 regem
428 2069 649 2160 incidissent,
676 2069 767 2146 alter
794 2096 841 2143 ex
868 2069 934 2161 ein,
966 2079 1046 2142 utre
1071 2068 1246 2160 resoluto,
1272 2094 1349 2162 vas

116 2177 208 2275 quod
229 2177 348 2262 ,simul
381 2179 534 2272 ferebat,
565 2182 704 2279 implet,
745 2181 932 2279 porrigens
966 2181 1052 2279 regi.
1110 2177 1173 2254 Ille
1205 2181 1348 2280 accipit3

114 2299 340 2388 percontatus
367 2292 496 2388 quibus
522 2319 652 2390 aquam
677 2302 883 2390 portarent,
915 2293 995 2366 filiis
1029 2292 1122 2365 ferre
1155 2295 1348 2392 cognoscit.
1451 2348 1461 2355 -

91 2400 212 2475 rTunc
237 2404 367 2501 poculo
392 2404 515 2501 plena,
548 2405 639 2478 sicut
665 2403 826 2478 oblatum
854 2415 928 2496 est,
963 2403 1123 2496 reddito,
1149 2403 1225 2480 Nec
1249 2406 1348 2496 solas,

114 2513 234 2611 inquit,
261 2514 366 2588 bibere
391 2517 542 2608 sustineo,
568 2541 627 2591 nec
650 2528 718 2589 tam
743 2517 902 2616 eamcam
927 2517 1075 2592 dividere
1100 2516 1250 2592 amatim
1270 2542 1349 2617 pos·

113 2725 123 2776 l
153 2731 244 2778 eretur
275 2723 388 2778 alterum
417 2726 528 2779 verbum
555 2743 571 2779 a
599 2725 712 2781 librariis
781 2728 804 2794 ᾗ.
824 2734 848 2781 9.
883 2728 967 2780 animi
984 2727 1027 2780 sai
1051 2727 1264 2796 mapnitariinem.
1300 2727 1351 2780 Sui

164 2793 230 2847 'tum
247 2793 406 2847 existimans.
440 2795 478 2849 Et
495 2795 523 2849 in
540 2795 608 2848 Dan.
627 2795 713 2850 omitti
745 2795 807 2849 h.'l.
824 2795 942 2866 positum
958 2813 1008 2865 pro
1033 2797 1130 2866 ipsius,
1158 2812 1218 2848 nem
1236 2795 1257 2848 si
1274 2811 1350 2866 prse-

113 2862 378 2917 notstursFreinsh
403 2862 471 2916 Mihi
488 2864 542 2917 tale
558 2863 623 2916 nihil
640 2881 712 2918 com·
745 2874 826 2934 cepta
848 2863 1030 2934 grammatices
1075 2879 1175 2917 temere
1198 2863 1276 2930 velis,
1306 2865 1350 2917 sni

112 2939 215 3000 pertum
236 2940 292 2997 est,
317 2933 364 2984 sed
381 2931 467 2985 Modii
484 2932 602 3004 ineptam
624 2931 712 2986 brevi·
746 2933 780 2985 ad
798 2947 844 2987 eos
862 2932 909 3003 qui
925 2942 983 2985 tum
1000 2932 1059 2985 dice
1111 2931 1235 2985 tamicos
1244 2931 1350 2996 referas,

111 2999 260 3070 loquentiae
287 3000 339 3053 hoc
366 2999 394 3053 in
396 3017 515 3121 ,genere
540 3001 712 3071 cupiditatem
747 3019 808 3053 cum
830 3003 866 3054 sd
889 3001 1069 3054 Alexandrum
1094 3000 1234 3123 pertineat
1278 2999 1350 3054 Nam

112 3069 215 3122 sbrmde
232 3069 301 3122 novi.
337 3067 378 3122 Cf.
447 3077 556 3137 v11,15,
576 3077 600 3124 2.
747 3069 821 3140 quod
838 3069 945 3123 Modius
971 3069 1054 3123 voluit
1080 3069 1182 3123 eiecta
1206 3085 1271 3122 voce
1297 3071 1349 3136 sai,

144 3141 168 3202 9
193 3145 218 3192 7.
258 3148 458 3207 praepararant
484 3157 587 3209 aquam.
628 3138 713 3192 Recte
748 3153 816 3208 quse
834 3146 875 3192 est
892 3145 955 3207 post
971 3140 1126 3205 meminisse,
1144 3137 1247 3207 relique
1260 3154 1294 3190 ex
1302 3137 1349 3190 illo

111 3204 205 3276 opinor
215 3206 299 3262 Hadr.
311 3206 416 3259 Iunium
430 3206 467 3260 sic
480 3207 622 3261 correxisse
639 3225 712 3260 eum·
746 3207 829 3260 verbo
845 3208 993 3260 meminisse
1010 3212 1136 3278 pendere,
1163 3206 1228 3259 illud
1245 3205 1352 3287 quidam

112 3291 163 3344 que
179 3273 295 3344 reliquos
312 3290 369 3327 esse
386 3282 503 3342 secutos,
527 3294 587 3331 cum
603 3276 630 3329 in
652 3275 712 3328 edd.

110 3343 279 3397 ctaodicibus
295 3343 375 3413 longe
392 3343 510 3414 plurimis
527 3344 620 3398 fuissem
632 3361 714 3425 prae·
747 3295 819 3398 i'lor.
838 3344 887 3397 DF
914 3352 942 3398 et
965 3360 999 3397 ne
1016 3344 1043 3398 hi
1070 3344 1176 3415 quidem
1202 3343 1353 3415 simpliciter

145 3422 254 3465 rarum:
270 3412 342 3465 solus
360 3412 436 3467 Voss.
456 3420 480 3480 1,
504 3413 525 3467 si
541 3413 608 3466 fides
625 3411 715 3466 nlenti
748 3413 784 3466 sic
802 3413 939 3480 exhibent,
957 3414 1003 3466 sed
1021 3424 1048 3468 ai
1065 3415 1212 3466 meminisse
1231 3415 1351 3475 arabant,

105 3429 322 3550 damkenburgio,
336 3492 540 3550 praepararant.
566 3481 620 3535 Sed
631 3497 714 3552 prae·
748 3489 780 3535 ut
797 3482 876 3534 facile
892 3500 923 3534 su
956 3482 1031 3536 iaeris
1049 3481 1176 3536 excidisse
1190 3484 1233 3536 sai
1240 3489 1353 3552 propter

105 3566 209 3618 parare
226 3549 297 3602 Flor.
314 3548 394 3616 DFI,
440 3561 595 3620 raepararet
610 3551 669 3604 Pal.
690 3555 714 3616 1,
749 3550 859 3603 similem
876 3551 943 3620 sylla
961 3569 1003 3604 sm
1021 3568 1089 3622 quae
1106 3567 1260 3622 praegressa
1274 3557 1352 3604 esset.

104 3636 158 3687 pra
191 3627 301 3671 ararent
317 3616 388 3671 Flor.
436 3630 624 3689 ‚praeparant
640 3618 713 3673 Flor.
747 3618 842 3673 FlanI
859 3621 939 3673 amici
947 3621 1094 3674 meminisse
1108 3622 1227 3686 orabant,
1246 3618 1352 3675 monn

109 3686 142 3740 E.
204 3685 260 3739 ides
286 3703 364 3757 quam
388 3685 505 3741 incertae
531 3688 635 3741 soleant
657 3703 714 3740 csse
748 3697 776 3741 at
793 3705 826 3740 ne
842 3690 1000 3742 nrenrinisset
1017 3691 1103 3756 arab,
1130 3688 1201 3742 Flor.
1220 3686 1292 3743 Get
1308 3687 1352 3740 sni

111 3754 309 3809 terminationes
326 3755 475 3810 verborum.
510 3756 564 3810 Sed
583 3758 655 3826 quod
673 3771 714 3808 se·
748 3758 913 3810 meminisset.
1279 3798 1285 3809 .

110 3822 200 3894 quitur
208 3823 412 3893 vulgararsam,
431 3823 459 3877 in
477 3825 612 3879 codicibus
629 3823 714 3880 omni·
783 3828 805 3893 ς.
826 3832 866 3879 10.
885 3843 982 3879 cumea
999 3827 1051 3894 his]
1070 3824 1158 3895 Vulgo
1175 3841 1207 3878 err
1224 3824 1269 3890 iis,
1286 3821 1353 3875 item

110 3893 159 3950 bus
176 3899 220 3944 est
235 3910 337 3946 rursus.
747 3911 811 3946 rnox
836 3896 903 3948 aiter
921 3912 952 3947 ee
970 3895 1012 3947 iis.
1056 3895 1157 3948 Verum
1182 3891 1266 3944 altero
1292 3889 1352 3943 loco

144 3962 235 4014 oritas
261 3962 432 4031 inperciatur.
475 3961 565 4032 Vulgo
594 3961 659 4015 editi
686 3967 715 4014 et
748 3979 818 4016 nunc
835 3981 866 4015 en
883 3964 922 4016 eis
940 3963 1013 4029 dedi,
1041 3962 1103 4032 quia
1125 3961 1161 4014 sic
1179 3967 1219 4012 est
1236 3959 1264 4011 in
1280 3957 1352 4011 Flor.

111 4028 500 4170 hlldntmffitlflfilt
516 4032 717 4152 reamur
750 4031 1019 4154 littteras
1035 4026 1353 4153 {meirisin

112 4163 247 4219 Acidaliae
264 4174 292 4220 et
308 4167 433 4222 Heinsius
454 4171 545 4222 abesse
568 4138 717 4220 malusiiut.
750 4168 778 4221 in
803 4171 844 4222 tis
871 4139 1029 4223 concordat-'e
1055 4166 1166 4220 soleant.
1207 4163 1262 4217 Sed
1284 4163 1353 4216 male

112 4233 208 4304 Itaque
225 4237 309 4289 oritas
327 4237 462 4290 emendavi
490 4237 564 4308 quod
585 4253 617 4289 ea
633 4236 717 4289 verba
751 4248 804 4291 tam
820 4237 892 4290 Flor.
910 4235 1004 4292 DEHI
1019 4236 1101 4288 Bern.
1115 4235 1153 4287 B:
1172 4232 1354 4302 coniungenda

114 4301 143 4354 in
167 4300 268 4356 casibus
297 4304 410 4376 obliquis
437 4304 604 4363 commutari
620 4306 717 4371 solent,
751 4305 821 4359 enim
837 4313 899 4359 sunt
915 4305 994 4358 amici
1018 4305 1128 4357 orabant
1151 4302 1169 4355 i.
1187 4318 1209 4354 e.
1232 4300 1353 4371 occupati

116 4370 168 4423 hoa
184 4370 255 4424 facto
289 4373 345 4427 nasi
362 4374 489 4443 transitu,
512 4376 614 4440 oritas,
634 4375 716 4428 amni·
751 4381 827 4428 erant
840 4374 910 4428 circs
923 4389 1022 4444 regem,
1040 4391 1096 4427 cam
1111 4379 1258 4438 renarrant,
1276 4386 1353 4446 pror·

117 4439 174 4506 lm,
190 4440 282 4493 'mit'
330 4482 336 4496 ·
751 4462 795 4498 sus
813 4442 949 4516 graphice.
1213 4464 1216 4471 ·

767 3292 898 3329 ronomen
916 3293 970 3329 non
987 3276 1071 3344 abest,
1090 3275 1140 3328 nisi
1153 3275 1351 3330 adeterraribus
1434 3297 1439 3307 ’
