2984 5176
477 307 527 357 un
553 306 680 361 susus
705 308 814 361 snex.
841 303 967 377 61633.
1278 286 1353 361 339

109 489 280 567 6666366366
304 503 336 565 et
359 491 538 591 sequimur,
563 505 595 567 66
609 495 776 594 fuqimus.
823 493 1023 592 Scytimrum
1039 490 1229 566 solitudines
1250 491 1353 569 Grae*

110 603 163 678 6ἰ3
195 603 296 678 etrum
320 605 508 704 prmorbiis
533 606 636 680 audio
667 606 766 679 eludi.
820 607 869 681 At
897 630 957 678 nos
989 603 1117 677 deserta
1149 616 1179 675 66
1208 604 1352 677 tuamne

109 713 205 788 66663
239 741 346 790 33663
380 714 489 814 mauis
524 742 625 814 quam
656 716 752 789 urbes
784 730 812 790 et
843 715 1010 815 66666663
1042 739 1141 814 uaros
1171 716 1350 814 sequimur.

110 823 264 901 Proinde
288 829 467 928 fortunam
503 839 594 900 tuam
627 826 759 926 pressis
794 826 948 900 66366663
985 837 1063 899 tene.
1115 825 1263 899 Lubrica
1295 838 1353 916 636,

110 960 174 1011 uec
200 935 306 1011 inot'ta
330 937 433 1012 663666
452 950 567 1036 potest.
621 936 761 1012 Salubre
784 938 958 1014 consilium
975 961 1113 1035 sequens
1131 961 1232 1035 quam
1251 961 1353 1034 prae-

110 1047 191 1123 sens
224 1060 353 1146 tempm
392 1049 531 1124 mandit
569 1051 696 1124 nutius.
758 1050 897 1148 Impone
922 1046 1078 1148 felicitati
1113 1059 1188 1120 tuae
1211 1049 1352 1146 firerros:

103 1159 249 1262 samius
274 1159 368 1234 iilam
392 1185 495 1260 66663.
546 1161 670 1237 Nostri
683 1161 755 1235 sine
773 1161 918 1260 peditus
943 1158 1057 1231 dicum
1081 1182 1150 1231 6336
1166 1161 1352 1259 fortunam,

111 1296 201 1371 quae
225 1297 346 1346 maneos
372 1284 402 1346 66
421 1272 549 1369 manas
575 1285 702 1346 tarnum
727 1273 833 1361 666666
860 1297 936 1345 cum
957 1296 1078 1344 manus
1098 1268 1253 1368 63666966,
1275 1270 1352 1367 pire

103 1394 178 1457 ’633
203 1407 332 1482 amorre
357 1384 628 1480 comprehendere
652 1408 719 1458 uon
743 1383 831 1457 sinit
883 1381 1039 1480 Denique
1064 1382 1096 1456 si
1121 1382 1202 1455 deus
1227 1405 1271 1472 63,
1297 1382 1353 1453 tri-

117 1490 210 1567 buere
235 1493 427 1569 mortalibus
452 1494 604 1590 benaicia
629 1494 739 1586 debes,
776 1519 843 1568 636
873 1518 937 1567 366
968 1493 1115 1592 6666666
1155 1492 1209 1566 sin
1244 1504 1354 1564 autem

114 1603 209 1679 6636
234 1629 279 1695 63,
304 1603 343 1678 id
367 1604 457 1704 quood
480 1629 523 1696 es,
548 1631 678 1704 semper
706 1629 775 1678 6336
800 1618 828 1678 to
855 1604 969 1704 ooaita.
1014 1603 1159 1681 Stultum
1178 1616 1226 1677 est
1241 1627 1355 1677 eorum

112 1716 318 1807 neminisse,
345 1728 486 1813 propter
517 1742 600 1815 quae
632 1716 682 1790 tui
712 1715 925 1790 obliviscaris.
981 1711 1108 1798 Quibus
1139 1715 1256 1789 beilum
1287 1739 1354 1788 uon

112 1827 274 1920 63636663,
299 1825 391 1900 bonis
416 1826 533 1901 amicis
552 1829 681 1927 poteris
707 1826 765 1899 uti.
803 1825 901 1900 Nam
922 1839 953 1900 et
965 1826 1171 1923 flnnissima
1197 1839 1245 1899 636
1269 1826 1354 1900 inter
1457 1884 1462 1896 .

106 1965 216 2038 pares
248 1937 412 2030 66666663,
446 1951 477 2011 66
508 1938 662 2012 uidentur
685 1961 806 2034 pares,
842 1937 901 2038 qui
933 1963 1000 2012 non
1025 1940 1181 2038 fecerunt
1211 1938 1294 2012 inter
1319 1961 1354 2011 36

105 2049 300 2148 naumann
325 2049 459 2124 uirium
515 2044 605 2131 Quos
630 2047 758 2138 viceris,
784 2049 908 2122 arnicas
933 2048 991 2122 tibi
1015 2075 1085 2124 6336
1111 2073 1189 2124 6336
1215 2048 1354 2122 credant
1423 2085 1425 2091 s

112 2159 199 2235 inter
230 2160 404 2234 dmninum
434 2174 465 2234 66
492 2184 625 2235 seruum
660 2159 754 2232 66666
784 2158 932 2233 amicitia
964 2173 1030 2234 est:
1068 2162 1167 2236 etiarn
1199 2162 1235 2233 in
1265 2183 1353 2258 pace

109 2270 188 2345 teeti
220 2283 330 2344 tamen
355 2272 433 2344 iura
464 2285 648 2345 seruantur.
701 2271 853 2346 Iurando
882 2271 1031 2370 aratiam
1059 2271 1199 2371 86666333
1224 2270 1354 2345 sancire

108 2406 151 2455 ue
177 2381 362 2456 credideris
371 2411 385 2455 .·-
419 2382 552 2457 colendo
571 2383 697 2479 fidem,
735 2382 857 2456 iurant.
914 2382 1119 2459 Graecorum
1151 2385 1216 2485 ista
1246 2382 1353 2457 cautio

112 2505 169 2584 636,
201 2493 263 2594 qui
281 2505 385 2591 pacta
410 2493 618 2592 sensianum,
650 2507 680 2566 66
704 2494 783 2568 deos
809 2493 981 2568 invocant.-
1017 2521 1077 2570 uos
1102 2494 1293 2594 reliqionem
1319 2495 1355 2565 in

110 2603 149 2679 in
182 2603 262 2701 ipsa
282 2603 360 2699 fide
392 2604 556 2678 novimus.
611 2600 678 2686 Qui
707 2629 774 2679 non
810 2619 998 2680 reverentur
1035 2607 1198 2697 nomime,
1223 2604 1353 2705 fodant

111 2714 202 2789 deos.
255 2713 331 2788 Nec
357 2715 415 2788 tibi
438 2715 545 2789 amico
571 2740 656 2814 opus
681 2728 741 2807 636,
778 2717 819 2789 de
851 2717 945 2792 cuius
977 2717 1189 2791 bmioolentta
1216 2717 1350 2790 66666663.

113 2820 272 2901 Ceterum
306 2851 366 2899 nos
400 2839 431 2899 66
454 2826 560 2900 Asm
594 2840 624 2901 66
656 2825 816 2924 Europae
850 2827 997 2901 custodes
1030 2827 1179 2902 intrim.-
1217 2829 1356 2917 Bactra,

110 2935 182 3011 uisi
216 2934 347 3010 diuidat
385 2937 532 3030 Tanais,
571 2938 807 3037 contituimus:
847 2939 934 3012 ultra
975 2937 1125 3012 Tanaim
1165 2962 1268 3038 usque
1307 2937 1355 3015 ad

124 3119 306 3188 ·Seytirerum
323 3121 488 3188 solitudines]
524 3121 596 3174 Sene
611 3139 719 3192 prover·
789 3125 863 3189 §.ns
899 3139 959 3175 core
986 3125 1089 3190 6666633]
1129 3121 1198 3176 Oooe
1215 3139 1247 3175 ne
1264 3123 1358 3175 credas

110 3186 191 3243 h'nlis
216 3187 317 3242 lwutio
340 3187 503 3242 Graecorum
530 3198 571 3243 336
592 3191 719 3244 Σκυθῶν
753 3206 843 3244 omnes
860 3190 921 3244 libri
938 3190 1024 3244 nostri
1040 3198 1147 3261 praeter
1164 3190 1357 3245 BernAFior.

110 3260 224 3329 ἐρημία.
259 3255 329 3311 Vide
346 3256 509 3327 Hesyehium
527 3276 547 3310 s.
556 3277 581 3312 v.
753 3259 813 3326 AB,
832 3266 861 3312 et
880 3257 943 3329 quin
961 3259 998 3312 sie
1015 3260 1120 3313 dicetur
1136 3259 1233 3313 Latine
1250 3258 1359 3314 dubium

146 3328 171 3393 ὅ.
187 3330 233 3379 25.
261 3327 362 3394 pinnas
380 3336 479 3380 tontum
497 3328 582 3407 63666]
616 3328 719 3380 Pinnos
754 3345 808 3381 non
826 3335 880 3394 est,
907 3329 955 3381 sed
972 3336 1061 3382 tamen
1080 3328 1188 3383 Curtius
1211 3327 1274 3382 alibi
1298 3345 1359 3381 cave

110 3401 141 3447 et
157 3394 213 3448 hon
228 3393 288 3448 loeo
305 3403 334 3448 et
344 3395 425 3474 paulo
438 3402 501 3466 post
512 3395 596 3447 edidit
604 3395 719 3462 Medius,
754 3413 813 3448 eum
829 3396 885 3450 solo
902 3397 1070 3451 coniunctivo
1088 3397 1233 3467 coniungit.

110 3470 219 3533 utque·
235 3461 264 3515 in
293 3462 427 3517 codicibus
449 3463 626 3532 integerrimis
648 3464 719 3517 Flor.
789 3467 812 3531 ᾗ.
827 3471 869 3519 29.
905 3467 950 3535 qui
967 3476 1051 3534 pacto
1072 3468 1236 3536 consignant}
1273 3465 1359 3521 Codd.

110 3531 163 3587 ΔΒ
181 3530 302 3610 BermA
317 3531 393 3585 Leid.
411 3532 487 3586 Voss.
499 3539 522 3585 1.
550 3531 640 3602 Vulgo
654 3551 719 3602 peu·
754 3530 873 3652 plerigue
881 3536 972 3602 sacta,
990 3533 1072 3587 ueteri
1088 3534 1161 3588 'Flor.
1179 3533 1270 3588 DFGI
1281 3536 1357 3605 sata.

110 3617 171 3655 333.
190 3599 262 3652 Vide
279 3601 314 3652 ed
331 3614 377 3668 111,
397 3609 421 3668 7,
441 3607 481 3654 16.
758 3600 819 3663 Quo
861 3601 940 3672 vulgo
961 3601 1050 3655 editur
1073 3613 1132 3656 acto
1154 3620 1188 3656 ex
1210 3603 1360 3658 coniectura

147 3667 373 3737 Comprehendere
388 3688 442 3748 non
459 3670 539 3791 3666·ιέ
553 3669 658 3722 Desunt
675 3685 725 3721 ex·
756 3668 844 3723 Modii
862 3679 912 3736 est,
928 3671 973 3723 sed
990 3671 1070 3741 longe
1086 3671 1179 3725 melius
1197 3671 1359 3742 Bongnrsius

111 3744 202 3793 633633
217 3737 300 3790 verbu
316 3737 370 3792 duo
386 3755 416 3790 m
432 3737 506 3790 Leid.
541 3737 630 3790 ern.A
652 3737 722 3790 Flor.
757 3737 907 3790 emendavit
919 3749 1011 3806 pacta.

110 3803 216 3871 nom,
241 3823 295 3858 non
306 3808 410 3874 patitur
427 3806 530 3859 hebent
546 3805 619 3860 Flor.
638 3805 722 3872 OEG,
792 3808 865 3872 630.
899 3808 1017 3877 nabebis]
1054 3806 1099 3860 Sic
1121 3825 1213 3877 mergo
1234 3807 1360 3861 lunienee

106 3877 216 3944 pntitm
231 3872 305 3927 Flor.
322 3873 351 3927 H
366 3874 447 3927 Bern.
465 3875 490 3931 B
507 3875 585 3928 Voss.
595 3881 619 3927 2.
648 3874 722 3928 Niti-
757 3880 786 3926 et
794 3873 910 3942 Medius,
926 3892 985 3929 cum
993 3883 1073 3928 entes
1082 3874 1174 3929 fuisset
1183 3877 1271 3942 63663,
1288 3876 1360 3945 quod

111 3950 159 3997 tur
175 3940 260 4012 igini
275 3941 386 4013 vulgata
402 3941 482 3997 lectio
495 3941 623 4013 imprimis
633 3951 722 3996 aueto-
756 3941 894 3995 inventum
915 3950 956 3995 est
978 3942 1005 3995 in
1022 3942 1095 3996 Flor.
1114 3942 1216 3997 CEGH
1236 3944 1318 3997 Bern.
1335 3942 1360 3995 B

113 4009 330 4067 3333661333
347 4011 425 4065 Voss.
443 4018 467 4064 1.
756 4018 785 4063 et
801 4010 882 4064 miror
904 4010 975 4064 trudi
996 4012 1029 4064 ab
1048 4011 1129 4065 Snuk.
1145 4011 1286 4065 inventum
1303 4027 1360 4064 esse

148 4083 227 4148 teo.
264 4079 371 4148 Semper
387 4097 444 4134 esse
465 4090 489 4133 66
507 4081 603 4149 corita]
640 4079 723 4133 Deest
756 4078 839 4132 etism
860 4078 888 4132 in
904 4079 980 4132 Leia
997 4079 1073 4133 Voss.
1094 4088 1116 4132 1.
1151 4080 1223 4134 Puto
1245 4095 1361 4134 errorem

115 4157 139 4201 te
159 4148 190 4202 in
207 4146 280 4203 Flor.
297 4149 323 4200 A
345 4148 422 4202 Voss.
441 4155 470 4214 2,
494 4148 546 4202 ulio
564 4147 671 4214 ordine,
699 4158 722 4201 te
757 4147 784 4200 in
802 4164 835 4200 33
852 4165 882 4201 re
899 4147 1085 4202 intercessisse.

116 4216 263 4271 memor.
282 4214 400 4270 ODEHI
417 4217 499 4270 Bern.
516 4217 549 4270 B.
584 4216 638 4270 Sed
659 4217 723 4278 ooli-
791 4217 894 4270 Bactra
915 4218 968 4269 nisi
988 4248 1023 4256 —
1045 4216 1227 4295 continuimus]
1263 4215 1362 4268 Bectrs

115 4284 722 4424 gtfflwsssmffitssffi
756 4284 1044 4422 immisisti&
1063 4283 1361 4422 tentaterit?

118 4423 454 4485 oblivisceris,
761 4421 840 4475 Uitru
859 4423 964 4477 Tanain
981 4421 1062 4476 Susk.
1080 4420 1145 4476 dicit
1167 4436 1225 4476 3333
1243 4419 1271 4474 in
1288 4419 1365 4492 Leidt

1136 4507 1206 4561 .22'
