<?xml version="1.0" encoding="UTF-8"?>
<!DOCTYPE html PUBLIC "-//W3C//DTD XHTML 1.0 Transitional//EN"
    "http://www.w3.org/TR/xhtml1/DTD/xhtml1-transitional.dtd">
<html xmlns="http://www.w3.org/1999/xhtml" xml:lang="en" lang="en">
 <head>
  <title>
</title>
<meta http-equiv="Content-Type" content="text/html;charset=utf-8" />
  <meta name='ocr-system' content='tesseract 3.04.00' />
  <meta name='ocr-capabilities' content='ocr_page ocr_carea ocr_par ocr_line ocrx_word'/>
</head>
<body>
  <div class='ocr_page' id='page_1' title='image "./qcurtiirufidege01rufugoog_0241.png"; bbox 0 0 2926 5174; ppageno 0'>
   <div class='ocr_carea' id='block_1_1' title="bbox 165 279 942 358">
    <p class='ocr_par' dir='ltr' id='par_1_1' title="bbox 165 279 942 358">
     <span class='ocr_line' id='line_1_1' title="bbox 165 279 942 358; baseline -0.012 -7"><span class='ocrx_word' id='word_1_1' title='bbox 165 279 241 353; x_wconf 81' lang='lat'>210</span> <span class='ocrx_word' id='word_1_2' title='bbox 558 297 562 301; x_wconf 88' lang='lat'>·</span> <span class='ocrx_word' id='word_1_3' title='bbox 645 293 679 358; x_wconf 79' lang='lat' dir='ltr'>o.</span> <span class='ocrx_word' id='word_1_4' title='bbox 706 292 831 346; x_wconf 72' lang='lat' dir='ltr'>cunin</span> <span class='ocrx_word' id='word_1_5' title='bbox 855 292 942 344; x_wconf 84' lang='lat' dir='ltr'>aum</span> 
     </span>
    </p>
   </div>
   <div class='ocr_carea' id='block_1_2' title="bbox 84 475 1459 3243">
    <p class='ocr_par' dir='ltr' id='par_1_2' title="bbox 163 475 1398 910">
     <span class='ocr_line' id='line_1_2' title="bbox 164 475 1397 573; baseline -0.007 -16"><span class='ocrx_word' id='word_1_6' title='bbox 164 482 360 557; x_wconf 89' lang='lat' dir='ltr'>bernacula</span> <span class='ocrx_word' id='word_1_7' title='bbox 385 481 586 568; x_wconf 86' lang='lat' dir='ltr'>circumire,</span> <span class='ocrx_word' id='word_1_8' title='bbox 617 478 770 568; x_wconf 90' lang='lat' dir='ltr'>hortari,</span> <span class='ocrx_word' id='word_1_9' title='bbox 801 502 948 551; x_wconf 92' lang='lat' dir='ltr'>monere</span> <span class='ocrx_word' id='word_1_10' title='bbox 978 501 1076 550; x_wconf 95' lang='lat' dir='ltr'>nunc</span> <span class='ocrx_word' id='word_1_11' title='bbox 1102 475 1280 573; x_wconf 72' lang='lat' dir='ltr'>singulm,</span> <span class='ocrx_word' id='word_1_12' title='bbox 1313 501 1397 548; x_wconf 90' lang='lat' dir='ltr'>nunc</span> 
     </span>
     <span class='ocr_line' id='line_1_3' title="bbox 165 588 1398 685; baseline -0.007 -17"><span class='ocrx_word' id='word_1_13' title='bbox 165 595 365 682; x_wconf 87' lang='lat' dir='ltr'>universos,</span> <span class='ocrx_word' id='word_1_14' title='bbox 390 618 465 667; x_wconf 91' lang='lat' dir='ltr'>non</span> <span class='ocrx_word' id='word_1_15' title='bbox 490 601 575 664; x_wconf 90' lang='lat' dir='ltr'>ante</span> <span class='ocrx_word' id='word_1_16' title='bbox 602 590 754 679; x_wconf 83' lang='lat' dir='ltr'><strong>destitit,</strong></span> <span class='ocrx_word' id='word_1_17' title='bbox 782 613 889 685; x_wconf 87' lang='lat' dir='ltr'>quam</span> <span class='ocrx_word' id='word_1_18' title='bbox 915 590 1002 662; x_wconf 87' lang='lat' dir='ltr'>satis</span> <span class='ocrx_word' id='word_1_19' title='bbox 1028 597 1212 665; x_wconf 90' lang='lat' dir='ltr'>constaret</span> <span class='ocrx_word' id='word_1_20' title='bbox 1236 588 1398 685; x_wconf 86' lang='lat' dir='ltr'>imperata</span> 
     </span>
     <span class='ocr_line' id='line_1_4' title="bbox 164 697 1398 798; baseline -0.004 -20"><span class='ocrx_word' id='word_1_21' title='bbox 164 705 333 778; x_wconf 82' lang='lat' dir='ltr'>facturos.</span> <span class='ocrx_word' id='word_1_22' title='bbox 385 701 487 776; x_wconf 86' lang='lat' dir='ltr'>Idem</span> <span class='ocrx_word' id='word_1_23' title='bbox 513 725 619 798; x_wconf 81' lang='lat' dir='ltr'>aegre</span> <span class='ocrx_word' id='word_1_24' title='bbox 646 725 668 773; x_wconf 87' lang='lat' dir='ltr'>a</span> <span class='ocrx_word' id='word_1_25' title='bbox 692 697 812 773; x_wconf 85' lang='lat' dir='ltr'>Dareo</span> <span class='ocrx_word' id='word_1_26' title='bbox 839 700 1061 797; x_wconf 89' lang='lat' dir='ltr'>impetravit,</span> <span class='ocrx_word' id='word_1_27' title='bbox 1096 711 1138 774; x_wconf 88' lang='lat' dir='ltr'>ut</span> <span class='ocrx_word' id='word_1_28' title='bbox 1165 700 1285 773; x_wconf 91' lang='lat' dir='ltr'>cibum</span> <span class='ocrx_word' id='word_1_29' title='bbox 1310 725 1398 797; x_wconf 83' lang='lat' dir='ltr'>cape·</span> 
     </span>
     <span class='ocr_line' id='line_1_5' title="bbox 163 810 976 910; baseline -0.009 -22"><span class='ocrx_word' id='word_1_30' title='bbox 163 824 232 906; x_wconf 88' lang='lat' dir='ltr'>ret,</span> <span class='ocrx_word' id='word_1_31' title='bbox 259 814 487 910; x_wconf 89' lang='lat' dir='ltr'>animumque</span> <span class='ocrx_word' id='word_1_32' title='bbox 512 811 621 885; x_wconf 92' lang='lat' dir='ltr'>rebus</span> <span class='ocrx_word' id='word_1_33' title='bbox 647 810 862 884; x_wconf 90' lang='lat' dir='ltr'>adverteret.</span> <span class='ocrx_word' id='word_1_34' title='bbox 972 838 976 845; x_wconf 90' lang='lat'>·</span> 
     </span>
    </p>

    <p class='ocr_par' dir='ltr' id='par_1_3' title="bbox 116 921 1459 2799">
     <span class='ocr_line' id='line_1_6' title="bbox 116 921 1434 1020; baseline -0.006 -21"><span class='ocrx_word' id='word_1_35' title='bbox 116 927 165 999; x_wconf 80' lang='lat'>28</span> <span class='ocrx_word' id='word_1_36' title='bbox 269 925 321 997; x_wconf 93' lang='lat' dir='ltr'>At</span> <span class='ocrx_word' id='word_1_37' title='bbox 345 923 480 998; x_wconf 86' lang='lat' dir='ltr'>Bessus</span> <span class='ocrx_word' id='word_1_38' title='bbox 507 933 544 996; x_wconf 87' lang='lat' dir='ltr'>et</span> <span class='ocrx_word' id='word_1_39' title='bbox 569 921 798 996; x_wconf 83' lang='lat' dir='ltr'>Nabarzanes</span> <span class='ocrx_word' id='word_1_40' title='bbox 825 922 910 995; x_wconf 91' lang='lat' dir='ltr'>olim</span> <span class='ocrx_word' id='word_1_41' title='bbox 936 923 1111 1020; x_wconf 87' lang='lat' dir='ltr'>agitatum</span> <span class='ocrx_word' id='word_1_42' title='bbox 1138 923 1255 996; x_wconf 91' lang='lat' dir='ltr'>scelus</span> <span class='ocrx_word' id='word_1_43' title='bbox 1283 925 1400 1020; x_wconf 87' lang='lat' dir='ltr'>exequi</span> <span class='ocrx_word' id='word_1_44' title='bbox 1412 943 1434 991; x_wconf 76' lang='lat' dir='ltr'>x,</span> 
     </span>
     <span class='ocr_line' id='line_1_7' title="bbox 166 1032 1400 1132; baseline -0.002 -21"><span class='ocrx_word' id='word_1_45' title='bbox 166 1046 348 1125; x_wconf 79' lang='lat' dir='ltr'>statuunt,</span> <span class='ocrx_word' id='word_1_46' title='bbox 383 1034 485 1132; x_wconf 91' lang='lat' dir='ltr'>regni</span> <span class='ocrx_word' id='word_1_47' title='bbox 516 1034 712 1132; x_wconf 87' lang='lat' dir='ltr'>cupiditate</span> <span class='ocrx_word' id='word_1_48' title='bbox 744 1035 901 1107; x_wconf 79' lang='lat' dir='ltr'>accensi:</span> <span class='ocrx_word' id='word_1_49' title='bbox 934 1032 1054 1107; x_wconf 88' lang='lat' dir='ltr'>Dareo</span> <span class='ocrx_word' id='word_1_50' title='bbox 1090 1043 1212 1107; x_wconf 89' lang='lat' dir='ltr'>autem</span> <span class='ocrx_word' id='word_1_51' title='bbox 1243 1034 1400 1109; x_wconf 89' lang='lat' dir='ltr'>incolumi</span> 
     </span>
     <span class='ocr_line' id='line_1_8' title="bbox 165 1143 1422 1245; baseline -0.006 -24"><span class='ocrx_word' id='word_1_52' title='bbox 165 1157 286 1222; x_wconf 84' lang='lat' dir='ltr'>tantas</span> <span class='ocrx_word' id='word_1_53' title='bbox 313 1172 400 1245; x_wconf 88' lang='lat' dir='ltr'>opes</span> <span class='ocrx_word' id='word_1_54' title='bbox 427 1170 573 1243; x_wconf 90' lang='lat' dir='ltr'>sperare</span> <span class='ocrx_word' id='word_1_55' title='bbox 598 1171 672 1219; x_wconf 91' lang='lat' dir='ltr'>non</span> <span class='ocrx_word' id='word_1_56' title='bbox 697 1155 876 1243; x_wconf 88' lang='lat' dir='ltr'>poterant.</span> <span class='ocrx_word' id='word_1_57' title='bbox 917 1143 1058 1244; x_wconf 78' lang='lat' dir='ltr'>Quippe</span> <span class='ocrx_word' id='word_1_58' title='bbox 1083 1146 1122 1217; x_wconf 92' lang='lat' dir='ltr'>in</span> <span class='ocrx_word' id='word_1_59' title='bbox 1147 1146 1217 1220; x_wconf 91' lang='lat' dir='ltr'>illis</span> <span class='ocrx_word' id='word_1_60' title='bbox 1243 1147 1422 1243; x_wconf 81' lang='lat' dir='ltr'>gentibust</span> 
     </span>
     <span class='ocr_line' id='line_1_9' title="bbox 165 1255 1400 1357; baseline -0.002 -24"><span class='ocrx_word' id='word_1_61' title='bbox 165 1284 292 1357; x_wconf 88' lang='lat' dir='ltr'>regum</span> <span class='ocrx_word' id='word_1_62' title='bbox 330 1259 460 1331; x_wconf 89' lang='lat' dir='ltr'>eximia</span> <span class='ocrx_word' id='word_1_63' title='bbox 496 1257 665 1330; x_wconf 88' lang='lat' dir='ltr'>maiestas</span> <span class='ocrx_word' id='word_1_64' title='bbox 708 1266 782 1329; x_wconf 88' lang='lat' dir='ltr'>est:</span> <span class='ocrx_word' id='word_1_65' title='bbox 824 1255 872 1329; x_wconf 89' lang='lat' dir='ltr'>ad</span> <span class='ocrx_word' id='word_1_66' title='bbox 911 1281 1044 1329; x_wconf 92' lang='lat' dir='ltr'>nomen</span> <span class='ocrx_word' id='word_1_67' title='bbox 1083 1281 1226 1354; x_wconf 90' lang='lat' dir='ltr'>quoque</span> <span class='ocrx_word' id='word_1_68' title='bbox 1267 1257 1400 1330; x_wconf 90' lang='lat' dir='ltr'>barbari</span> 
     </span>
     <span class='ocr_line' id='line_1_10' title="bbox 168 1367 1399 1466; baseline -0.001 -23"><span class='ocrx_word' id='word_1_69' title='bbox 168 1370 404 1459; x_wconf 88' lang='lat' dir='ltr'>conveniunt,</span> <span class='ocrx_word' id='word_1_70' title='bbox 431 1378 469 1442; x_wconf 91' lang='lat' dir='ltr'>et</span> <span class='ocrx_word' id='word_1_71' title='bbox 493 1367 666 1466; x_wconf 89' lang='lat' dir='ltr'>pristinae</span> <span class='ocrx_word' id='word_1_72' title='bbox 692 1368 876 1441; x_wconf 90' lang='lat' dir='ltr'>veneratio</span> <span class='ocrx_word' id='word_1_73' title='bbox 902 1369 1068 1441; x_wconf 87' lang='lat' dir='ltr'>fortunae</span> <span class='ocrx_word' id='word_1_74' title='bbox 1095 1367 1259 1464; x_wconf 85' lang='lat' dir='ltr'>sequitur</span> <span class='ocrx_word' id='word_1_75' title='bbox 1287 1368 1399 1442; x_wconf 88' lang='lat' dir='ltr'>adver-</span> 
     </span>
     <span class='ocr_line' id='line_1_11' title="bbox 166 1479 1420 1577; baseline -0.006 -22"><span class='ocrx_word' id='word_1_76' title='bbox 166 1506 253 1556; x_wconf 89' lang='lat' dir='ltr'>sam.</span> <span class='ocrx_word' id='word_1_77' title='bbox 305 1479 461 1553; x_wconf 89' lang='lat' dir='ltr'>Inflabat</span> <span class='ocrx_word' id='word_1_78' title='bbox 494 1479 622 1577; x_wconf 92' lang='lat' dir='ltr'>impios</span> <span class='ocrx_word' id='word_1_79' title='bbox 654 1479 791 1552; x_wconf 92' lang='lat' dir='ltr'>animos</span> <span class='ocrx_word' id='word_1_80' title='bbox 823 1479 938 1577; x_wconf 84' lang='lat' dir='ltr'>regie,</span> <span class='ocrx_word' id='word_1_81' title='bbox 974 1479 1031 1550; x_wconf 93' lang='lat' dir='ltr'>cui</span> <span class='ocrx_word' id='word_1_82' title='bbox 1064 1489 1276 1575; x_wconf 88' lang='lat' dir='ltr'>praeerant,</span> <span class='ocrx_word' id='word_1_83' title='bbox 1303 1481 1420 1552; x_wconf 80' lang='lat' dir='ltr'>armies</span> 
     </span>
     <span class='ocr_line' id='line_1_12' title="bbox 166 1590 1459 1693; baseline -0.003 -27"><span class='ocrx_word' id='word_1_84' title='bbox 166 1594 324 1690; x_wconf 85' lang='lat' dir='ltr'>virisque</span> <span class='ocrx_word' id='word_1_85' title='bbox 357 1602 394 1665; x_wconf 91' lang='lat' dir='ltr'>et</span> <span class='ocrx_word' id='word_1_86' title='bbox 426 1591 544 1688; x_wconf 89' lang='lat' dir='ltr'>spatio</span> <span class='ocrx_word' id='word_1_87' title='bbox 575 1591 735 1663; x_wconf 90' lang='lat' dir='ltr'>locorum</span> <span class='ocrx_word' id='word_1_88' title='bbox 768 1591 856 1663; x_wconf 91' lang='lat' dir='ltr'>nulli</span> <span class='ocrx_word' id='word_1_89' title='bbox 891 1616 1014 1663; x_wconf 90' lang='lat' dir='ltr'>earum</span> <span class='ocrx_word' id='word_1_90' title='bbox 1049 1590 1211 1688; x_wconf 88' lang='lat' dir='ltr'>gentium</span> <span class='ocrx_word' id='word_1_91' title='bbox 1244 1590 1398 1663; x_wconf 89' lang='lat' dir='ltr'>secunda</span> <span class='ocrx_word' id='word_1_92' title='bbox 1456 1610 1459 1693; x_wconf 53' lang='grc' dir='ltr'>ξ</span> 
     </span>
     <span class='ocr_line' id='line_1_13' title="bbox 167 1700 1397 1801; baseline -0.002 -25"><span class='ocrx_word' id='word_1_93' title='bbox 167 1703 326 1777; x_wconf 89' lang='lat' dir='ltr'>Tertiam</span> <span class='ocrx_word' id='word_1_94' title='bbox 351 1714 492 1801; x_wconf 91' lang='lat' dir='ltr'>partem</span> <span class='ocrx_word' id='word_1_95' title='bbox 518 1700 627 1774; x_wconf 89' lang='lat' dir='ltr'>Asiae</span> <span class='ocrx_word' id='word_1_96' title='bbox 653 1711 768 1774; x_wconf 91' lang='lat' dir='ltr'>tenet:</span> <span class='ocrx_word' id='word_1_97' title='bbox 795 1700 987 1775; x_wconf 90' lang='lat' dir='ltr'>multitudo</span> <span class='ocrx_word' id='word_1_98' title='bbox 1013 1701 1193 1773; x_wconf 93' lang='lat' dir='ltr'>iuniorum</span> <span class='ocrx_word' id='word_1_99' title='bbox 1220 1703 1397 1792; x_wconf 85' lang='lat' dir='ltr'>exercitus,</span> 
     </span>
     <span class='ocr_line' id='line_1_14' title="bbox 167 1811 1418 1913; baseline -0.002 -26"><span class='ocrx_word' id='word_1_100' title='bbox 167 1840 257 1913; x_wconf 92' lang='lat' dir='ltr'>quos</span> <span class='ocrx_word' id='word_1_101' title='bbox 284 1815 453 1888; x_wconf 85' lang='lat' dir='ltr'>amiserat</span> <span class='ocrx_word' id='word_1_102' title='bbox 478 1811 635 1902; x_wconf 89' lang='lat' dir='ltr'>Dareus,</span> <span class='ocrx_word' id='word_1_103' title='bbox 670 1811 859 1908; x_wconf 91' lang='lat' dir='ltr'>aequabat.</span> <span class='ocrx_word' id='word_1_104' title='bbox 912 1811 1038 1908; x_wconf 91' lang='lat' dir='ltr'>ltaque</span> <span class='ocrx_word' id='word_1_105' title='bbox 1063 1838 1137 1886; x_wconf 92' lang='lat' dir='ltr'>non</span> <span class='ocrx_word' id='word_1_106' title='bbox 1163 1812 1266 1884; x_wconf 91' lang='lat' dir='ltr'>illum</span> <span class='ocrx_word' id='word_1_107' title='bbox 1291 1812 1418 1902; x_wconf 76' lang='lat' dir='ltr'>modqt</span> 
     </span>
     <span class='ocr_line' id='line_1_15' title="bbox 166 1921 1397 2022; baseline -0.003 -22"><span class='ocrx_word' id='word_1_108' title='bbox 166 1926 232 2000; x_wconf 90' lang='lat' dir='ltr'>sed</span> <span class='ocrx_word' id='word_1_109' title='bbox 258 1927 367 2000; x_wconf 89' lang='lat' dir='ltr'>etiam</span> <span class='ocrx_word' id='word_1_110' title='bbox 392 1923 642 1999; x_wconf 85' lang='lat' dir='ltr'>Alexandrum</span> <span class='ocrx_word' id='word_1_111' title='bbox 668 1924 896 2020; x_wconf 83' lang='lat' dir='ltr'>spernebant,</span> <span class='ocrx_word' id='word_1_112' title='bbox 918 1921 1001 1995; x_wconf 91' lang='lat' dir='ltr'>inde</span> <span class='ocrx_word' id='word_1_113' title='bbox 1027 1923 1121 1996; x_wconf 88' lang='lat' dir='ltr'>vires</span> <span class='ocrx_word' id='word_1_114' title='bbox 1148 1923 1288 2020; x_wconf 91' lang='lat' dir='ltr'>imperii</span> <span class='ocrx_word' id='word_1_115' title='bbox 1313 1942 1397 2022; x_wconf 89' lang='lat' dir='ltr'>repe·</span> 
     </span>
     <span class='ocr_line' id='line_1_16' title="bbox 165 2031 1417 2133; baseline -0.005 -22"><span class='ocrx_word' id='word_1_116' title='bbox 165 2039 281 2129; x_wconf 89' lang='lat' dir='ltr'>tituri,</span> <span class='ocrx_word' id='word_1_117' title='bbox 315 2039 345 2109; x_wconf 89' lang='lat' dir='ltr'>si</span> <span class='ocrx_word' id='word_1_118' title='bbox 378 2037 473 2133; x_wconf 90' lang='lat' dir='ltr'>regis</span> <span class='ocrx_word' id='word_1_119' title='bbox 506 2035 615 2132; x_wconf 92' lang='lat' dir='ltr'>potiri</span> <span class='ocrx_word' id='word_1_120' title='bbox 646 2035 863 2132; x_wconf 84' lang='lat' dir='ltr'>contigisset.</span> <span class='ocrx_word' id='word_1_121' title='bbox 931 2031 1004 2106; x_wconf 93' lang='lat' dir='ltr'>Diu</span> <span class='ocrx_word' id='word_1_122' title='bbox 1035 2034 1202 2108; x_wconf 92' lang='lat' dir='ltr'>omnibus</span> <span class='ocrx_word' id='word_1_123' title='bbox 1236 2035 1417 2131; x_wconf 67' lang='lat' dir='ltr'>cogitabat</span> 
     </span>
     <span class='ocr_line' id='line_1_17' title="bbox 164 2143 1396 2246; baseline -0.003 -26"><span class='ocrx_word' id='word_1_124' title='bbox 164 2149 302 2246; x_wconf 88' lang='lat' dir='ltr'>placuit</span> <span class='ocrx_word' id='word_1_125' title='bbox 326 2173 393 2245; x_wconf 88' lang='lat' dir='ltr'>per</span> <span class='ocrx_word' id='word_1_126' title='bbox 417 2145 547 2218; x_wconf 91' lang='lat' dir='ltr'>milites</span> <span class='ocrx_word' id='word_1_127' title='bbox 573 2143 794 2237; x_wconf 67' lang='lat' dir='ltr'>Bactrianos</span> <span class='ocrx_word' id='word_1_128' title='bbox 815 2145 862 2218; x_wconf 91' lang='lat' dir='ltr'>ad</span> <span class='ocrx_word' id='word_1_129' title='bbox 888 2170 993 2217; x_wconf 91' lang='lat' dir='ltr'>omne</span> <span class='ocrx_word' id='word_1_130' title='bbox 1020 2145 1232 2242; x_wconf 87' lang='lat' dir='ltr'>obsequium</span> <span class='ocrx_word' id='word_1_131' title='bbox 1259 2143 1396 2218; x_wconf 88' lang='lat' dir='ltr'>destina-</span> 
     </span>
     <span class='ocr_line' id='line_1_18' title="bbox 165 2255 1395 2355; baseline -0.003 -24"><span class='ocrx_word' id='word_1_132' title='bbox 165 2270 241 2349; x_wconf 90' lang='lat' dir='ltr'>tos,</span> <span class='ocrx_word' id='word_1_133' title='bbox 275 2282 398 2355; x_wconf 89' lang='lat' dir='ltr'>regem</span> <span class='ocrx_word' id='word_1_134' title='bbox 433 2256 750 2354; x_wconf 89' lang='lat' dir='ltr'>comprehendere,</span> <span class='ocrx_word' id='word_1_135' title='bbox 782 2257 945 2354; x_wconf 90' lang='lat' dir='ltr'>mittique</span> <span class='ocrx_word' id='word_1_136' title='bbox 977 2256 1143 2328; x_wconf 91' lang='lat' dir='ltr'>nuntium</span> <span class='ocrx_word' id='word_1_137' title='bbox 1175 2255 1224 2328; x_wconf 87' lang='lat' dir='ltr'>ad</span> <span class='ocrx_word' id='word_1_138' title='bbox 1256 2255 1395 2329; x_wconf 84' lang='lat' dir='ltr'>Alexan·</span> 
     </span>
     <span class='ocr_line' id='line_1_19' title="bbox 167 2365 1415 2464; baseline -0.002 -24"><span class='ocrx_word' id='word_1_139' title='bbox 167 2368 284 2459; x_wconf 91' lang='lat' dir='ltr'>drum,</span> <span class='ocrx_word' id='word_1_140' title='bbox 311 2369 372 2464; x_wconf 91' lang='lat' dir='ltr'>qui</span> <span class='ocrx_word' id='word_1_141' title='bbox 397 2366 586 2457; x_wconf 91' lang='lat' dir='ltr'>indicaret,</span> <span class='ocrx_word' id='word_1_142' title='bbox 613 2369 737 2441; x_wconf 88' lang='lat' dir='ltr'>vivum</span> <span class='ocrx_word' id='word_1_143' title='bbox 764 2365 1066 2457; x_wconf 83' lang='lat' dir='ltr'>asservari&#39;eum,</span> <span class='ocrx_word' id='word_1_144' title='bbox 1099 2368 1146 2458; x_wconf 91' lang='lat' dir='ltr'>si,</span> <span class='ocrx_word' id='word_1_145' title='bbox 1181 2365 1221 2439; x_wconf 91' lang='lat' dir='ltr'>id</span> <span class='ocrx_word' id='word_1_146' title='bbox 1247 2366 1342 2464; x_wconf 94' lang='lat' dir='ltr'>quod</span> <span class='ocrx_word' id='word_1_147' title='bbox 1362 2367 1415 2437; x_wconf 80' lang='lat' dir='ltr'>tit</span> 
     </span>
     <span class='ocr_line' id='line_1_20' title="bbox 166 2476 1395 2577; baseline -0.003 -25"><span class='ocrx_word' id='word_1_148' title='bbox 166 2480 330 2568; x_wconf 87' lang='lat' dir='ltr'>mebant,</span> <span class='ocrx_word' id='word_1_149' title='bbox 357 2476 598 2575; x_wconf 91' lang='lat' dir='ltr'>proditionem</span> <span class='ocrx_word' id='word_1_150' title='bbox 624 2488 836 2577; x_wconf 89' lang='lat' dir='ltr'>aspernatus</span> <span class='ocrx_word' id='word_1_151' title='bbox 864 2489 969 2568; x_wconf 90' lang='lat' dir='ltr'>esset,</span> <span class='ocrx_word' id='word_1_152' title='bbox 995 2478 1146 2550; x_wconf 90' lang='lat' dir='ltr'>occisuri</span> <span class='ocrx_word' id='word_1_153' title='bbox 1172 2477 1344 2569; x_wconf 87' lang='lat' dir='ltr'>Dareum,</span> <span class='ocrx_word' id='word_1_154' title='bbox 1367 2485 1395 2549; x_wconf 92' lang='lat' dir='ltr'>et</span> 
     </span>
     <span class='ocr_line' id='line_1_21' title="bbox 166 2587 1415 2687; baseline -0.002 -24"><span class='ocrx_word' id='word_1_155' title='bbox 166 2588 300 2663; x_wconf 88' lang='lat' dir='ltr'>Bactra</span> <span class='ocrx_word' id='word_1_156' title='bbox 326 2615 407 2661; x_wconf 91' lang='lat' dir='ltr'>cum</span> <span class='ocrx_word' id='word_1_157' title='bbox 434 2614 580 2661; x_wconf 90' lang='lat' dir='ltr'>suarum</span> <span class='ocrx_word' id='word_1_158' title='bbox 605 2589 776 2687; x_wconf 91' lang='lat' dir='ltr'>gentium</span> <span class='ocrx_word' id='word_1_159' title='bbox 792 2615 902 2661; x_wconf 89' lang='lat' dir='ltr'>manu</span> <span class='ocrx_word' id='word_1_160' title='bbox 927 2589 1081 2686; x_wconf 90' lang='lat' dir='ltr'>petituri.</span> <span class='ocrx_word' id='word_1_161' title='bbox 1137 2587 1307 2662; x_wconf 81' lang='lat' dir='ltr'>Ceterum</span> <span class='ocrx_word' id='word_1_162' title='bbox 1330 2605 1415 2687; x_wconf 72' lang='lat' dir='ltr'>pro-t</span> 
     </span>
     <span class='ocr_line' id='line_1_22' title="bbox 166 2697 1394 2799; baseline 0 -27"><span class='ocrx_word' id='word_1_163' title='bbox 166 2701 287 2799; x_wconf 88' lang='lat' dir='ltr'>palam</span> <span class='ocrx_word' id='word_1_164' title='bbox 315 2699 568 2798; x_wconf 90' lang='lat' dir='ltr'>comprehendi</span> <span class='ocrx_word' id='word_1_165' title='bbox 594 2697 734 2772; x_wconf 87' lang='lat' dir='ltr'>Dareus</span> <span class='ocrx_word' id='word_1_166' title='bbox 760 2724 834 2773; x_wconf 90' lang='lat' dir='ltr'>non</span> <span class='ocrx_word' id='word_1_167' title='bbox 860 2710 1017 2798; x_wconf 90' lang='lat' dir='ltr'>poterat,</span> <span class='ocrx_word' id='word_1_168' title='bbox 1051 2711 1107 2774; x_wconf 90' lang='lat' dir='ltr'>tot</span> <span class='ocrx_word' id='word_1_169' title='bbox 1133 2699 1324 2775; x_wconf 89' lang='lat' dir='ltr'>Persaram</span> <span class='ocrx_word' id='word_1_170' title='bbox 1345 2699 1394 2772; x_wconf 91' lang='lat' dir='ltr'>mi-</span> 
     </span>
    </p>

    <p class='ocr_par' dir='ltr' id='par_1_4' title="bbox 84 2800 1416 3243">
     <span class='ocr_line' id='line_1_23' title="bbox 84 2800 1394 2909; baseline -0.001 -29"><span class='ocrx_word' id='word_1_171' title='bbox 84 2877 85 2880; x_wconf 63' lang='lat'>,</span> <span class='ocrx_word' id='word_1_172' title='bbox 166 2812 261 2885; x_wconf 90' lang='lat' dir='ltr'>libus</span> <span class='ocrx_word' id='word_1_173' title='bbox 287 2812 412 2884; x_wconf 88' lang='lat' dir='ltr'>laturis</span> <span class='ocrx_word' id='word_1_174' title='bbox 426 2837 532 2908; x_wconf 91' lang='lat' dir='ltr'>opem</span> <span class='ocrx_word' id='word_1_175' title='bbox 558 2813 649 2909; x_wconf 89' lang='lat' dir='ltr'>regi:</span> <span class='ocrx_word' id='word_1_176' title='bbox 678 2808 897 2885; x_wconf 85' lang='lat' dir='ltr'>Graecorum</span> <span class='ocrx_word' id='word_1_177' title='bbox 923 2836 1063 2907; x_wconf 93' lang='lat' dir='ltr'>quoque</span> <span class='ocrx_word' id='word_1_178' title='bbox 1089 2800 1180 2884; x_wconf 90' lang='lat' dir='ltr'>fides</span> <span class='ocrx_word' id='word_1_179' title='bbox 1208 2813 1394 2885; x_wconf 90' lang='lat' dir='ltr'>timebatur.</span> 
     </span>
     <span class='ocr_line' id='line_1_24' title="bbox 166 2919 1416 3021; baseline -0.004 -26"><span class='ocrx_word' id='word_1_180' title='bbox 166 2921 293 3020; x_wconf 86' lang='lat' dir='ltr'>Itaque</span> <span class='ocrx_word' id='word_1_181' title='bbox 335 2921 432 3018; x_wconf 91' lang='lat' dir='ltr'>quod</span> <span class='ocrx_word' id='word_1_182' title='bbox 466 2923 504 2995; x_wconf 86' lang='lat' dir='ltr'>vi</span> <span class='ocrx_word' id='word_1_183' title='bbox 538 2949 612 2996; x_wconf 93' lang='lat' dir='ltr'>non</span> <span class='ocrx_word' id='word_1_184' title='bbox 649 2932 835 3020; x_wconf 84' lang='lat' dir='ltr'>poterant,</span> <span class='ocrx_word' id='word_1_185' title='bbox 875 2919 1001 2995; x_wconf 87' lang='lat' dir='ltr'>fraude</span> <span class='ocrx_word' id='word_1_186' title='bbox 1039 2923 1181 3020; x_wconf 92' lang='lat' dir='ltr'>assequi</span> <span class='ocrx_word' id='word_1_187' title='bbox 1214 2931 1416 3021; x_wconf 74' lang='lat' dir='ltr'>temptantzss</span> 
     </span>
     <span class='ocr_line' id='line_1_25' title="bbox 166 3031 1395 3132; baseline -0.004 -26"><span class='ocrx_word' id='word_1_188' title='bbox 166 3034 425 3132; x_wconf 88' lang='lat' dir='ltr'>poenitentiam</span> <span class='ocrx_word' id='word_1_189' title='bbox 461 3034 670 3107; x_wconf 90' lang='lat' dir='ltr'>secessionis</span> <span class='ocrx_word' id='word_1_190' title='bbox 698 3032 864 3104; x_wconf 87' lang='lat' dir='ltr'>simulare</span> <span class='ocrx_word' id='word_1_191' title='bbox 891 3031 1141 3123; x_wconf 86' lang='lat' dir='ltr'>decreverant,</span> <span class='ocrx_word' id='word_1_192' title='bbox 1176 3044 1214 3106; x_wconf 94' lang='lat' dir='ltr'>et</span> <span class='ocrx_word' id='word_1_193' title='bbox 1241 3055 1395 3108; x_wconf 86' lang='lat' dir='ltr'>excusare</span> 
     </span>
     <span class='ocr_line' id='line_1_26' title="bbox 167 3142 1416 3243; baseline 0 -27"><span class='ocrx_word' id='word_1_194' title='bbox 167 3142 266 3243; x_wconf 90' lang='lat' dir='ltr'>apud</span> <span class='ocrx_word' id='word_1_195' title='bbox 304 3169 427 3241; x_wconf 89' lang='lat' dir='ltr'>regem</span> <span class='ocrx_word' id='word_1_196' title='bbox 465 3143 790 3217; x_wconf 88' lang='lat' dir='ltr'>consternationem</span> <span class='ocrx_word' id='word_1_197' title='bbox 829 3169 939 3216; x_wconf 91' lang='lat' dir='ltr'>suam.</span> <span class='ocrx_word' id='word_1_198' title='bbox 1006 3142 1154 3216; x_wconf 91' lang='lat' dir='ltr'>Interim</span> <span class='ocrx_word' id='word_1_199' title='bbox 1186 3146 1248 3242; x_wconf 93' lang='lat' dir='ltr'>qui</span> <span class='ocrx_word' id='word_1_200' title='bbox 1283 3145 1416 3218; x_wconf 75' lang='lat' dir='ltr'>Persasl</span> 
     </span>
    </p>
   </div>
   <div class='ocr_carea' id='block_1_3' title="bbox 163 3365 1398 4467">
    <p class='ocr_par' dir='ltr' id='par_1_5' title="bbox 164 3365 1398 4263">
     <span class='ocr_line' id='line_1_27' title="bbox 202 3365 1396 3439; baseline -0.002 -18"><span class='ocrx_word' id='word_1_201' title='bbox 202 3372 225 3436; x_wconf 83' lang='lat'>§.</span> <span class='ocrx_word' id='word_1_202' title='bbox 245 3376 286 3421; x_wconf 82' lang='lat'>17.</span> <span class='ocrx_word' id='word_1_203' title='bbox 321 3370 486 3437; x_wconf 81' lang='lat' dir='ltr'>animamque</span> <span class='ocrx_word' id='word_1_204' title='bbox 512 3370 589 3422; x_wconf 82' lang='lat' dir='ltr'>retus</span> <span class='ocrx_word' id='word_1_205' title='bbox 616 3372 770 3438; x_wconf 85' lang='lat' dir='ltr'>adverteret]</span> <span class='ocrx_word' id='word_1_206' title='bbox 806 3378 847 3422; x_wconf 90' lang='lat' dir='ltr'>est</span> <span class='ocrx_word' id='word_1_207' title='bbox 873 3371 995 3439; x_wconf 67' lang='lat' dir='ltr'>regionis.</span> <span class='ocrx_word' id='word_1_208' title='bbox 1039 3368 1072 3421; x_wconf 93' lang='lat' dir='ltr'>In</span> <span class='ocrx_word' id='word_1_209' title='bbox 1103 3387 1135 3422; x_wconf 90' lang='lat' dir='ltr'>eo</span> <span class='ocrx_word' id='word_1_210' title='bbox 1161 3369 1232 3423; x_wconf 86' lang='lat' dir='ltr'>enim</span> <span class='ocrx_word' id='word_1_211' title='bbox 1257 3387 1301 3424; x_wconf 88' lang='lat' dir='ltr'>res</span> <span class='ocrx_word' id='word_1_212' title='bbox 1328 3365 1396 3423; x_wconf 85' lang='lat' dir='ltr'>omnis</span> 
     </span>
     <span class='ocr_line' id='line_1_28' title="bbox 167 3435 1397 3509; baseline -0.002 -19"><span class='ocrx_word' id='word_1_213' title='bbox 167 3435 294 3503; x_wconf 79' lang='lat' dir='ltr'>Codices,</span> <span class='ocrx_word' id='word_1_214' title='bbox 312 3444 344 3489; x_wconf 90' lang='lat' dir='ltr'>ut</span> <span class='ocrx_word' id='word_1_215' title='bbox 361 3436 480 3503; x_wconf 81' lang='lat' dir='ltr'>videtur,</span> <span class='ocrx_word' id='word_1_216' title='bbox 503 3455 593 3490; x_wconf 88' lang='lat' dir='ltr'>omnes</span> <span class='ocrx_word' id='word_1_217' title='bbox 612 3439 657 3506; x_wconf 89' lang='lat' dir='ltr'>(de</span> <span class='ocrx_word' id='word_1_218' title='bbox 675 3437 771 3490; x_wconf 87' lang='lat' dir='ltr'>nostris</span> <span class='ocrx_word' id='word_1_219' title='bbox 805 3440 960 3491; x_wconf 85' lang='lat' dir='ltr'>vertebatur</span> <span class='ocrx_word' id='word_1_220' title='bbox 977 3446 1008 3490; x_wconf 91' lang='lat' dir='ltr'>ut</span> <span class='ocrx_word' id='word_1_221' title='bbox 1024 3437 1094 3506; x_wconf 85' lang='lat' dir='ltr'>regis</span> <span class='ocrx_word' id='word_1_222' title='bbox 1111 3446 1140 3491; x_wconf 87' lang='lat' dir='ltr'>et</span> <span class='ocrx_word' id='word_1_223' title='bbox 1162 3456 1259 3509; x_wconf 86' lang='lat' dir='ltr'>corpus</span> <span class='ocrx_word' id='word_1_224' title='bbox 1277 3448 1306 3493; x_wconf 89' lang='lat' dir='ltr'>et</span> <span class='ocrx_word' id='word_1_225' title='bbox 1321 3452 1397 3508; x_wconf 82' lang='lat' dir='ltr'>perso</span> 
     </span>
     <span class='ocr_line' id='line_1_29' title="bbox 166 3504 1398 3576; baseline 0 -20"><span class='ocrx_word' id='word_1_226' title='bbox 166 3511 195 3556; x_wconf 92' lang='lat' dir='ltr'>et</span> <span class='ocrx_word' id='word_1_227' title='bbox 204 3504 285 3557; x_wconf 82' lang='lat' dir='ltr'>Snak.</span> <span class='ocrx_word' id='word_1_228' title='bbox 295 3513 396 3557; x_wconf 88' lang='lat' dir='ltr'>certum</span> <span class='ocrx_word' id='word_1_229' title='bbox 412 3509 464 3571; x_wconf 88' lang='lat' dir='ltr'>est)</span> <span class='ocrx_word' id='word_1_230' title='bbox 501 3523 531 3558; x_wconf 90' lang='lat' dir='ltr'>ro</span> <span class='ocrx_word' id='word_1_231' title='bbox 549 3508 625 3559; x_wconf 77' lang='lat' dir='ltr'>rebus</span> <span class='ocrx_word' id='word_1_232' title='bbox 643 3506 771 3558; x_wconf 81' lang='lat' dir='ltr'>exhibent</span> <span class='ocrx_word' id='word_1_233' title='bbox 805 3524 866 3558; x_wconf 91' lang='lat' dir='ltr'>nam</span> <span class='ocrx_word' id='word_1_234' title='bbox 884 3506 934 3560; x_wconf 89' lang='lat' dir='ltr'>sibi</span> <span class='ocrx_word' id='word_1_235' title='bbox 951 3506 1122 3574; x_wconf 88' lang='lat' dir='ltr'>subiicerent,</span> <span class='ocrx_word' id='word_1_236' title='bbox 1148 3507 1287 3576; x_wconf 85' lang='lat' dir='ltr'>regionem</span> <span class='ocrx_word' id='word_1_237' title='bbox 1303 3505 1398 3559; x_wconf 84' lang='lat' dir='ltr'>milites·</span> 
     </span>
     <span class='ocr_line' id='line_1_30' title="bbox 164 3523 1397 3646; baseline -0.001 -22"><span class='ocrx_word' id='word_1_238' title='bbox 164 3574 247 3641; x_wconf 75' lang='lat' dir='ltr'>repis,</span> <span class='ocrx_word' id='word_1_239' title='bbox 265 3581 346 3642; x_wconf 88' lang='lat' dir='ltr'>atque</span> <span class='ocrx_word' id='word_1_240' title='bbox 363 3575 429 3627; x_wconf 86' lang='lat' dir='ltr'>adeo</span> <span class='ocrx_word' id='word_1_241' title='bbox 447 3523 523 3627; x_wconf 68' lang='lat' dir='ltr'>redies</span> <span class='ocrx_word' id='word_1_242' title='bbox 540 3593 593 3627; x_wconf 90' lang='lat' dir='ltr'>non</span> <span class='ocrx_word' id='word_1_243' title='bbox 611 3583 653 3627; x_wconf 88' lang='lat' dir='ltr'>est</span> <span class='ocrx_word' id='word_1_244' title='bbox 670 3575 719 3627; x_wconf 90' lang='lat' dir='ltr'>nisi</span> <span class='ocrx_word' id='word_1_245' title='bbox 736 3591 770 3626; x_wconf 89' lang='lat' dir='ltr'>ex</span> <span class='ocrx_word' id='word_1_246' title='bbox 807 3592 858 3645; x_wconf 91' lang='lat' dir='ltr'>que</span> <span class='ocrx_word' id='word_1_247' title='bbox 876 3593 910 3628; x_wconf 86' lang='lat' dir='ltr'>ex</span> <span class='ocrx_word' id='word_1_248' title='bbox 927 3593 959 3627; x_wconf 89' lang='lat' dir='ltr'>ea</span> <span class='ocrx_word' id='word_1_249' title='bbox 976 3575 1137 3644; x_wconf 88' lang='lat' dir='ltr'>conscriptos</span> <span class='ocrx_word' id='word_1_250' title='bbox 1155 3575 1219 3628; x_wconf 88' lang='lat' dir='ltr'>satis</span> <span class='ocrx_word' id='word_1_251' title='bbox 1236 3575 1265 3628; x_wconf 88' lang='lat' dir='ltr'>in</span> <span class='ocrx_word' id='word_1_252' title='bbox 1278 3579 1397 3646; x_wconf 77' lang='lat' dir='ltr'>potestate</span> 
     </span>
     <span class='ocr_line' id='line_1_31' title="bbox 166 3640 1398 3724; baseline -0.002 -30"><span class='ocrx_word' id='word_1_253' title='bbox 166 3640 315 3695; x_wconf 87' lang='lat' dir='ltr'>coniectura</span> <span class='ocrx_word' id='word_1_254' title='bbox 331 3641 410 3709; x_wconf 91' lang='lat' dir='ltr'>Iunii,</span> <span class='ocrx_word' id='word_1_255' title='bbox 447 3642 546 3696; x_wconf 86' lang='lat' dir='ltr'>uamvis</span> <span class='ocrx_word' id='word_1_256' title='bbox 564 3643 670 3696; x_wconf 91' lang='lat' dir='ltr'>Modius</span> <span class='ocrx_word' id='word_1_257' title='bbox 688 3642 770 3696; x_wconf 86' lang='lat' dir='ltr'>stulte</span> <span class='ocrx_word' id='word_1_258' title='bbox 804 3644 948 3710; x_wconf 89' lang='lat' dir='ltr'>habebant,</span> <span class='ocrx_word' id='word_1_259' title='bbox 967 3654 997 3697; x_wconf 86' lang='lat' dir='ltr'>ut</span> <span class='ocrx_word' id='word_1_260' title='bbox 1014 3643 1072 3724; x_wconf 89' lang='lat' dir='ltr'>ipse</span> <span class='ocrx_word' id='word_1_261' title='bbox 1084 3642 1184 3696; x_wconf 88' lang='lat' dir='ltr'>indicat</span> <span class='ocrx_word' id='word_1_262' title='bbox 1198 3652 1301 3697; x_wconf 85' lang='lat' dir='ltr'>auctor.</span> <span class='ocrx_word' id='word_1_263' title='bbox 1317 3643 1398 3711; x_wconf 81' lang='lat' dir='ltr'>Neque</span> 
     </span>
     <span class='ocr_line' id='line_1_32' title="bbox 164 3660 1397 3832; baseline -0.001 -70"><span class='ocrx_word' id='word_1_264' title='bbox 164 3709 281 3832; x_wconf 63' lang='lat' dir='ltr'>glorians</span> <span class='ocrx_word' id='word_1_265' title='bbox 308 3708 335 3762; x_wconf 93' lang='lat' dir='ltr'>in</span> <span class='ocrx_word' id='word_1_266' title='bbox 363 3660 483 3763; x_wconf 79' lang='lat' dir='ltr'>omnibus</span> <span class='ocrx_word' id='word_1_267' title='bbox 510 3711 582 3764; x_wconf 86' lang='lat' dir='ltr'>libris</span> <span class='ocrx_word' id='word_1_268' title='bbox 609 3728 665 3764; x_wconf 90' lang='lat' dir='ltr'>esse</span> <span class='ocrx_word' id='word_1_269' title='bbox 691 3712 769 3765; x_wconf 88' lang='lat' dir='ltr'>dicat.</span> <span class='ocrx_word' id='word_1_270' title='bbox 805 3712 945 3792; x_wconf 84' lang='lat' dir='ltr'>quicquam</span> <span class='ocrx_word' id='word_1_271' title='bbox 963 3712 1063 3766; x_wconf 87' lang='lat' dir='ltr'>facihus</span> <span class='ocrx_word' id='word_1_272' title='bbox 1082 3728 1113 3764; x_wconf 92' lang='lat' dir='ltr'>ea</span> <span class='ocrx_word' id='word_1_273' title='bbox 1130 3711 1302 3766; x_wconf 88' lang='lat' dir='ltr'>correctione.</span> <span class='ocrx_word' id='word_1_274' title='bbox 1330 3707 1397 3764; x_wconf 88' lang='lat' dir='ltr'>Geni·</span> 
     </span>
     <span class='ocr_line' id='line_1_33' title="bbox 187 3779 1397 3850; baseline 0.001 -19"><span class='ocrx_word' id='word_1_275' title='bbox 187 3779 220 3831; x_wconf 90' lang='lat' dir='ltr'>ed</span> <span class='ocrx_word' id='word_1_276' title='bbox 238 3795 296 3832; x_wconf 90' lang='lat' dir='ltr'>eam</span> <span class='ocrx_word' id='word_1_277' title='bbox 313 3797 361 3832; x_wconf 87' lang='lat' dir='ltr'>nos</span> <span class='ocrx_word' id='word_1_278' title='bbox 379 3779 534 3832; x_wconf 89' lang='lat' dir='ltr'>emendandi</span> <span class='ocrx_word' id='word_1_279' title='bbox 543 3779 672 3833; x_wconf 87' lang='lat' dir='ltr'>rationem</span> <span class='ocrx_word' id='word_1_280' title='bbox 686 3780 770 3832; x_wconf 89' lang='lat' dir='ltr'>multo</span> <span class='ocrx_word' id='word_1_281' title='bbox 805 3788 890 3833; x_wconf 75' lang='lat' dir='ltr'>tivum</span> <span class='ocrx_word' id='word_1_282' title='bbox 921 3797 1010 3833; x_wconf 87' lang='lat' dir='ltr'>casum</span> <span class='ocrx_word' id='word_1_283' title='bbox 1039 3779 1146 3834; x_wconf 85' lang='lat' dir='ltr'>Curtius</span> <span class='ocrx_word' id='word_1_284' title='bbox 1174 3779 1244 3833; x_wconf 83' lang='lat' dir='ltr'>solet</span> <span class='ocrx_word' id='word_1_285' title='bbox 1279 3797 1296 3832; x_wconf 88' lang='lat' dir='ltr'>a</span> <span class='ocrx_word' id='word_1_286' title='bbox 1314 3779 1397 3850; x_wconf 77' lang='lat' dir='ltr'>plion</span> 
     </span>
     <span class='ocr_line' id='line_1_34' title="bbox 164 3798 1396 3919; baseline -0.002 -19"><span class='ocrx_word' id='word_1_287' title='bbox 164 3847 300 3900; x_wconf 86' lang='lat' dir='ltr'>meliorem</span> <span class='ocrx_word' id='word_1_288' title='bbox 317 3854 442 3916; x_wconf 89' lang='lat' dir='ltr'>putamus</span> <span class='ocrx_word' id='word_1_289' title='bbox 459 3866 538 3918; x_wconf 89' lang='lat' dir='ltr'>quam</span> <span class='ocrx_word' id='word_1_290' title='bbox 546 3848 671 3902; x_wconf 79' lang='lat' dir='ltr'>Palmarii</span> <span class='ocrx_word' id='word_1_291' title='bbox 685 3849 772 3901; x_wconf 87' lang='lat' dir='ltr'>aMo-</span> <span class='ocrx_word' id='word_1_292' title='bbox 800 3851 922 3919; x_wconf 79' lang='lat' dir='ltr'>potiendi</span> <span class='ocrx_word' id='word_1_293' title='bbox 938 3851 1033 3916; x_wconf 88' lang='lat' dir='ltr'>verbo,</span> <span class='ocrx_word' id='word_1_294' title='bbox 1060 3848 1108 3900; x_wconf 89' lang='lat' dir='ltr'>nisi</span> <span class='ocrx_word' id='word_1_295' title='bbox 1132 3848 1204 3918; x_wconf 90' lang='lat' dir='ltr'>quod</span> <span class='ocrx_word' id='word_1_296' title='bbox 1221 3866 1275 3902; x_wconf 91' lang='lat' dir='ltr'>uno</span> <span class='ocrx_word' id='word_1_297' title='bbox 1292 3798 1348 3902; x_wconf 69' lang='lat' dir='ltr'>Ideo</span> <span class='ocrx_word' id='word_1_298' title='bbox 1362 3857 1396 3909; x_wconf 75' lang='lat'>11,</span> 
     </span>
     <span class='ocr_line' id='line_1_35' title="bbox 165 3915 1140 3987; baseline 0 -19"><span class='ocrx_word' id='word_1_299' title='bbox 165 3915 209 3969; x_wconf 90' lang='lat' dir='ltr'>dio</span> <span class='ocrx_word' id='word_1_300' title='bbox 227 3917 366 3987; x_wconf 89' lang='lat' dir='ltr'>probatam</span> <span class='ocrx_word' id='word_1_301' title='bbox 383 3924 414 3970; x_wconf 87' lang='lat' dir='ltr'>ut</span> <span class='ocrx_word' id='word_1_302' title='bbox 436 3919 545 3970; x_wconf 89' lang='lat' dir='ltr'>verbum</span> <span class='ocrx_word' id='word_1_303' title='bbox 563 3921 707 3970; x_wconf 76' lang='lat' dir='ltr'>adverteret</span> <span class='ocrx_word' id='word_1_304' title='bbox 725 3916 771 3968; x_wconf 91' lang='lat' dir='ltr'>eii·</span> <span class='ocrx_word' id='word_1_305' title='bbox 806 3925 840 3972; x_wconf 84' lang='lat'>34</span> <span class='ocrx_word' id='word_1_306' title='bbox 858 3920 952 3986; x_wconf 81' lang='lat' dir='ltr'>oppido</span> <span class='ocrx_word' id='word_1_307' title='bbox 965 3919 1050 3987; x_wconf 79' lang='lat' dir='ltr'>pota&#39;ri</span> <span class='ocrx_word' id='word_1_308' title='bbox 1069 3915 1140 3970; x_wconf 89' lang='lat' dir='ltr'>dicit.</span> 
     </span>
     <span class='ocr_line' id='line_1_36' title="bbox 165 3981 1396 4060; baseline 0 -23"><span class='ocrx_word' id='word_1_309' title='bbox 165 3983 257 4037; x_wconf 75' lang='lat' dir='ltr'>cietur.</span> <span class='ocrx_word' id='word_1_310' title='bbox 293 3985 385 4038; x_wconf 87' lang='lat' dir='ltr'>Habet</span> <span class='ocrx_word' id='word_1_311' title='bbox 408 3985 477 4038; x_wconf 90' lang='lat' dir='ltr'>enim</span> <span class='ocrx_word' id='word_1_312' title='bbox 494 3985 598 4040; x_wconf 89' lang='lat' dir='ltr'>ridiculi</span> <span class='ocrx_word' id='word_1_313' title='bbox 615 3986 714 4055; x_wconf 87' lang='lat' dir='ltr'>aliquid</span> <span class='ocrx_word' id='word_1_314' title='bbox 733 3984 769 4038; x_wconf 91' lang='lat' dir='ltr'>ci·</span> <span class='ocrx_word' id='word_1_315' title='bbox 838 3990 861 4054; x_wconf 67' lang='lat'>§-</span> <span class='ocrx_word' id='word_1_316' title='bbox 872 3992 895 4039; x_wconf 89' lang='grc'>8.</span> <span class='ocrx_word' id='word_1_317' title='bbox 915 3989 985 4055; x_wconf 81' lang='lat' dir='ltr'>qood</span> <span class='ocrx_word' id='word_1_318' title='bbox 1001 3990 1027 4038; x_wconf 79' lang='lat' dir='ltr'>vi</span> <span class='ocrx_word' id='word_1_319' title='bbox 1043 4004 1095 4038; x_wconf 81' lang='lat' dir='ltr'>aon</span> <span class='ocrx_word' id='word_1_320' title='bbox 1108 3986 1243 4055; x_wconf 83' lang='lat' dir='ltr'>poterunt]</span> <span class='ocrx_word' id='word_1_321' title='bbox 1264 3983 1310 4038; x_wconf 86' lang='lat' dir='ltr'>Sic</span> <span class='ocrx_word' id='word_1_322' title='bbox 1318 3981 1396 4060; x_wconf 73' lang='lat' dir='ltr'>ooddj</span> 
     </span>
     <span class='ocr_line' id='line_1_37' title="bbox 164 4053 1394 4124; baseline -0.003 -19"><span class='ocrx_word' id='word_1_323' title='bbox 164 4053 227 4105; x_wconf 91' lang='lat' dir='ltr'>bum</span> <span class='ocrx_word' id='word_1_324' title='bbox 249 4060 278 4106; x_wconf 91' lang='lat' dir='ltr'>et</span> <span class='ocrx_word' id='word_1_325' title='bbox 300 4053 403 4123; x_wconf 86' lang='lat' dir='ltr'>regium</span> <span class='ocrx_word' id='word_1_326' title='bbox 435 4054 550 4107; x_wconf 85' lang='lat' dir='ltr'>animum</span> <span class='ocrx_word' id='word_1_327' title='bbox 577 4053 614 4107; x_wconf 90' lang='lat' dir='ltr'>sic</span> <span class='ocrx_word' id='word_1_328' title='bbox 637 4054 769 4124; x_wconf 89' lang='lat' dir='ltr'>copulare.</span> <span class='ocrx_word' id='word_1_329' title='bbox 804 4055 878 4121; x_wconf 88' lang='lat' dir='ltr'>editi,</span> <span class='ocrx_word' id='word_1_330' title='bbox 897 4055 977 4108; x_wconf 83' lang='lat' dir='ltr'>etiam</span> <span class='ocrx_word' id='word_1_331' title='bbox 993 4054 1067 4109; x_wconf 89' lang='lat' dir='ltr'>Mod.</span> <span class='ocrx_word' id='word_1_332' title='bbox 1085 4056 1154 4123; x_wconf 82' lang='lat' dir='ltr'>quod</span> <span class='ocrx_word' id='word_1_333' title='bbox 1170 4061 1355 4122; x_wconf 73' lang='lat' dir='ltr'>conpererant</span> <span class='ocrx_word' id='word_1_334' title='bbox 1368 4066 1394 4100; x_wconf 80' lang='lat' dir='ltr'>m.</span> 
     </span>
     <span class='ocr_line' id='line_1_38' title="bbox 165 4118 1392 4204; baseline -0.003 -32"><span class='ocrx_word' id='word_1_335' title='bbox 165 4118 208 4172; x_wconf 82' lang='lat' dir='ltr'>cf.</span> <span class='ocrx_word' id='word_1_336' title='bbox 228 4120 313 4174; x_wconf 85' lang='lat' dir='ltr'>Tacit.</span> <span class='ocrx_word' id='word_1_337' title='bbox 331 4127 402 4175; x_wconf 86' lang='lat' dir='ltr'>Anu.</span> <span class='ocrx_word' id='word_1_338' title='bbox 423 4137 496 4189; x_wconf 86' lang='lat' dir='ltr'>xm,</span> <span class='ocrx_word' id='word_1_339' title='bbox 523 4131 556 4177; x_wconf 82' lang='lat'>49</span> <span class='ocrx_word' id='word_1_340' title='bbox 584 4125 630 4191; x_wconf 82' lang='lat' dir='ltr'>qui</span> <span class='ocrx_word' id='word_1_341' title='bbox 654 4125 770 4176; x_wconf 78' lang='lat' dir='ltr'>animum</span> <span class='ocrx_word' id='word_1_342' title='bbox 805 4122 902 4176; x_wconf 90' lang='lat' dir='ltr'>Itidem</span> <span class='ocrx_word' id='word_1_343' title='bbox 920 4124 1054 4204; x_wconf 88' lang='lat' dir='ltr'>aliquanto</span> <span class='ocrx_word' id='word_1_344' title='bbox 1072 4130 1135 4193; x_wconf 88' lang='lat' dir='ltr'>post</span> <span class='ocrx_word' id='word_1_345' title='bbox 1153 4127 1203 4188; x_wconf 81' lang='lat'>§.9</span> <span class='ocrx_word' id='word_1_346' title='bbox 1222 4123 1330 4175; x_wconf 79' lang='lat' dir='ltr'>subdere</span> <span class='ocrx_word' id='word_1_347' title='bbox 1344 4119 1392 4170; x_wconf 79' lang='lat' dir='ltr'>illos</span> 
     </span>
     <span class='ocr_line' id='line_1_39' title="bbox 165 4188 1390 4263; baseline 0 -25"><span class='ocrx_word' id='word_1_348' title='bbox 165 4189 242 4239; x_wconf 86' lang='lat' dir='ltr'>etiam</span> <span class='ocrx_word' id='word_1_349' title='bbox 261 4191 400 4243; x_wconf 78' lang='lat' dir='ltr'>levissimis</span> <span class='ocrx_word' id='word_1_350' title='bbox 420 4192 522 4258; x_wconf 82' lang='lat' dir='ltr'>(rebus)</span> <span class='ocrx_word' id='word_1_351' title='bbox 541 4195 711 4244; x_wconf 80' lang='lat' dir='ltr'>adverterent.</span> <span class='ocrx_word' id='word_1_352' title='bbox 805 4193 974 4263; x_wconf 79' lang='lat' dir='ltr'>manuscripti</span> <span class='ocrx_word' id='word_1_353' title='bbox 994 4208 1100 4258; x_wconf 84' lang='lat' dir='ltr'>omnes;</span> <span class='ocrx_word' id='word_1_354' title='bbox 1118 4190 1198 4260; x_wconf 87' lang='lat' dir='ltr'>vulgo</span> <span class='ocrx_word' id='word_1_355' title='bbox 1216 4191 1276 4243; x_wconf 80' lang='lat' dir='ltr'>illos</span> <span class='ocrx_word' id='word_1_356' title='bbox 1288 4188 1390 4242; x_wconf 70' lang='lat' dir='ltr'>sutum.</span> 
     </span>
    </p>

    <p class='ocr_par' dir='ltr' id='par_1_6' title="bbox 163 4252 1389 4467">
     <span class='ocr_line' id='line_1_40' title="bbox 201 4252 1389 4340; baseline 0.001 -32"><span class='ocrx_word' id='word_1_357' title='bbox 201 4254 240 4308; x_wconf 87' lang='lat' dir='ltr'>Ca</span> <span class='ocrx_word' id='word_1_358' title='bbox 260 4296 265 4308; x_wconf 94' lang='lat'>.</span> <span class='ocrx_word' id='word_1_359' title='bbox 284 4263 333 4324; x_wconf 78' lang='lat'>28,</span> <span class='ocrx_word' id='word_1_360' title='bbox 357 4262 380 4323; x_wconf 83' lang='lat'>§.</span> <span class='ocrx_word' id='word_1_361' title='bbox 399 4265 423 4310; x_wconf 85' lang='lat'>4.</span> <span class='ocrx_word' id='word_1_362' title='bbox 459 4261 484 4311; x_wconf 86' lang='lat' dir='ltr'>si</span> <span class='ocrx_word' id='word_1_363' title='bbox 501 4262 571 4328; x_wconf 69' lang='lat' dir='ltr'>repis</span> <span class='ocrx_word' id='word_1_364' title='bbox 586 4262 671 4340; x_wconf 76' lang='lat' dir='ltr'>potiri</span> <span class='ocrx_word' id='word_1_365' title='bbox 689 4262 770 4312; x_wconf 81' lang='lat' dir='ltr'>conti·</span> <span class='ocrx_word' id='word_1_366' title='bbox 806 4261 860 4314; x_wconf 85' lang='lat' dir='ltr'>Sed</span> <span class='ocrx_word' id='word_1_367' title='bbox 877 4262 957 4314; x_wconf 87' lang='lat' dir='ltr'>etiam</span> <span class='ocrx_word' id='word_1_368' title='bbox 975 4261 1015 4313; x_wconf 84' lang='lat' dir='ltr'>rei</span> <span class='ocrx_word' id='word_1_369' title='bbox 1030 4259 1048 4312; x_wconf 95' lang='lat' dir='ltr'>i.</span> <span class='ocrx_word' id='word_1_370' title='bbox 1058 4277 1080 4312; x_wconf 88' lang='lat' dir='ltr'>e.</span> <span class='ocrx_word' id='word_1_371' title='bbox 1094 4259 1132 4312; x_wconf 89' lang='lat' dir='ltr'>rei</span> <span class='ocrx_word' id='word_1_372' title='bbox 1144 4258 1263 4339; x_wconf 84' lang='lat' dir='ltr'>publicae</span> <span class='ocrx_word' id='word_1_373' title='bbox 1272 4274 1320 4327; x_wconf 89' lang='lat' dir='ltr'>pro</span> <span class='ocrx_word' id='word_1_374' title='bbox 1331 4252 1389 4319; x_wconf 77' lang='lat' dir='ltr'>vulg·</span> 
     </span>
     <span class='ocr_line' id='line_1_41' title="bbox 163 4275 1389 4400; baseline 0.001 -26"><span class='ocrx_word' id='word_1_375' title='bbox 163 4275 258 4390; x_wconf 58' lang='lat' dir='ltr'>pissetl</span> <span class='ocrx_word' id='word_1_376' title='bbox 299 4325 471 4378; x_wconf 85' lang='lat' dir='ltr'>Freinshemii</span> <span class='ocrx_word' id='word_1_377' title='bbox 499 4328 656 4397; x_wconf 83' lang='lat' dir='ltr'>Heinsrique</span> <span class='ocrx_word' id='word_1_378' title='bbox 683 4327 770 4383; x_wconf 88' lang='lat' dir='ltr'>conie-</span> <span class='ocrx_word' id='word_1_379' title='bbox 805 4349 892 4384; x_wconf 81' lang='lat' dir='ltr'>rerum</span> <span class='ocrx_word' id='word_1_380' title='bbox 913 4329 1092 4400; x_wconf 86' lang='lat' dir='ltr'>recipiendum</span> <span class='ocrx_word' id='word_1_381' title='bbox 1118 4328 1169 4382; x_wconf 82' lang='lat' dir='ltr'>fut</span> <span class='ocrx_word' id='word_1_382' title='bbox 1193 4328 1227 4381; x_wconf 94' lang='lat' dir='ltr'>ob</span> <span class='ocrx_word' id='word_1_383' title='bbox 1252 4335 1389 4380; x_wconf 81' lang='lat' dir='ltr'>consensum</span> 
     </span>
     <span class='ocr_line' id='line_1_42' title="bbox 165 4394 1086 4467; baseline 0.01 -25"><span class='ocrx_word' id='word_1_384' title='bbox 165 4399 269 4444; x_wconf 90' lang='lat' dir='ltr'>cturam</span> <span class='ocrx_word' id='word_1_385' title='bbox 286 4399 390 4446; x_wconf 87' lang='lat' dir='ltr'>secutus</span> <span class='ocrx_word' id='word_1_386' title='bbox 407 4394 499 4464; x_wconf 84' lang='lat' dir='ltr'>scripsi</span> <span class='ocrx_word' id='word_1_387' title='bbox 512 4397 583 4465; x_wconf 73' lang='lat' dir='ltr'>repis</span> <span class='ocrx_word' id='word_1_388' title='bbox 592 4415 640 4467; x_wconf 86' lang='lat' dir='ltr'>pro</span> <span class='ocrx_word' id='word_1_389' title='bbox 650 4413 682 4450; x_wconf 90' lang='lat' dir='ltr'>eo</span> <span class='ocrx_word' id='word_1_390' title='bbox 699 4397 770 4466; x_wconf 91' lang='lat' dir='ltr'>quod</span> <span class='ocrx_word' id='word_1_391' title='bbox 805 4399 925 4453; x_wconf 86' lang='lat' dir='ltr'>codicum</span> <span class='ocrx_word' id='word_1_392' title='bbox 941 4397 1086 4453; x_wconf 88' lang='lat' dir='ltr'>meliorum.</span> 
     </span>
    </p>
   </div>
   <div class='ocr_carea' id='block_1_4' title="bbox 0 0 1468 5174">
    <p class='ocr_par' dir='ltr' id='par_1_7' title="bbox 0 0 1468 5174">
     <span class='ocr_line' id='line_1_43' title="bbox 0 0 1468 5174; baseline 0 0"><span class='ocrx_word' id='word_1_393' title='bbox 0 0 1468 5174; x_wconf 95' lang='lat' dir='ltr'> </span> 
     </span>
    </p>
   </div>
  </div>
 </body>
</html>
