2926 5174
407 305 456 356 ns
481 303 608 356 cssrrs
639 302 896 374 snsx.1v,1s.
1223 286 1270 357 87

25 489 228 579 transfixit,
280 487 457 584 quosdam
503 487 613 561 etiam
657 489 854 561 comminus
903 486 1024 585 gladio
1072 489 1271 587 clypeoque

24 604 189 700 impulsos
225 597 495 697 praecipitavit,
534 598 666 694 quippe
705 598 831 688 turris,
872 622 920 671 ex
958 624 1030 693 qua
1068 596 1271 688 dimicabat,

10 713 122 786 :muris
169 710 347 783 hostium
378 707 635 806 propemodum
673 708 896 782 cohaerebat
958 707 1104 805 lamque
1137 709 1300 782 crebris·

25 824 186 897 arietibus
223 844 407 894 saxorum
440 843 610 917 compage
636 819 774 909 laxata,
808 821 1031 894 munimenta
1056 818 1272 908 defecerant,

25 945 53 1008 et
74 933 204 1007 elassis
232 930 442 1002 intraverat
466 939 621 1027 portum,
648 940 686 1002 et
712 927 857 1027 quidam
869 928 1108 1004 Macedonum
1133 931 1171 1003 in
1196 940 1271 1001 tur·

24 1070 69 1118 res
90 1041 266 1121 hostium
296 1039 458 1113 desertas
485 1050 692 1113 evaserant:
725 1066 807 1112 cum
833 1038 948 1138 Tyrii,
982 1052 1038 1114 tot
1064 1041 1170 1114 simul
1195 1065 1269 1112 ma·

26 1153 191 1243 lisvicti,
232 1151 299 1224 alii
340 1151 511 1247 supplices
542 1151 580 1222 in
614 1152 750 1248 templa
781 1151 1006 1247 confugiunt,
1042 1152 1100 1224 alii
1134 1151 1271 1223 foribus

29 1264 156 1338 aedium
191 1261 386 1334 obseratis
417 1271 593 1358 occupant
624 1261 777 1333 liberum
808 1261 933 1334 mortis
960 1262 1157 1352 arbitrium,
1184 1287 1272 1333 non-

33 1375 107 1446 nulli
128 1382 246 1446 ruunt
274 1371 318 1442 in
346 1371 499 1462 hostem,
534 1371 634 1444 haud
659 1371 763 1445 inulti
789 1381 911 1442 tamen
937 1374 1105 1471 perituri,
1140 1395 1274 1468 magna

36 1509 102 1581 pars
125 1507 278 1556 summa
306 1491 485 1554 tectorum
511 1481 709 1571 obtinebat,
729 1506 818 1555 saxa
844 1491 882 1553 et
908 1483 1074 1581 quicquid
1099 1485 1173 1556 fors
1200 1508 1273 1553 ma-

10 1619 25 1668 a
37 1594 119 1666 nibus
146 1591 328 1683 dederat,
354 1593 553 1689 ingerentes
580 1592 829 1665 subeuntibus.
868 1592 1087 1685 Alexander,
1111 1593 1272 1690 exceptis

35 1704 135 1800 quiin
162 1703 317 1800 templa
346 1703 588 1799 confugerant,
616 1727 740 1776 omnes
766 1702 926 1794 interfici,
951 1706 1142 1802 ignemque
1168 1703 1272 1775 tectis

10 1814 103 1888 riniici
128 1815 253 1887 iubet.
313 1812 382 1886 His
407 1837 471 1910 per
495 1837 691 1910 praecones
723 1815 978 1911 pronuntiatis,
1013 1840 1119 1888 nemo
1151 1823 1273 1885 tamen

33 1936 174 1999 armatus
216 1949 336 2023 opem
369 1949 392 1995 a
422 1921 487 1996 diis
521 1934 646 2022 petere
688 1923 871 1996 sustinuit:
910 1926 1012 2022 pueri
1045 1923 1273 2020 virginesque

11 2038 147 2135 templa
175 2034 479 2130 compleverant,
504 2034 573 2106 viri
598 2034 637 2109 in
663 2034 841 2108 vestibulo
868 2058 1014 2105 suarum
1041 2035 1189 2130 quisque
1216 2056 1272 2104 ae·

10 2145 108 2219 tilium
136 2147 315 2234 stabant,
342 2155 469 2240 parata
493 2145 736 2218 saevientibus
763 2144 879 2216 turba.
924 2143 1047 2217 Multis
1073 2154 1195 2216 tamen
1220 2167 1275 2214 sa·

31 2257 79 2330 luti
106 2260 220 2331 fuere
257 2252 418 2343 Sidonii,
456 2255 515 2351 qui
545 2255 644 2327 intra
677 2254 915 2329 Macedonum
950 2255 1127 2352 praesidia
1162 2262 1274 2327 erant.

32 2365 67 2440 Hi
90 2370 227 2443 urbem
257 2363 409 2461 quidem
432 2365 525 2439 inter
550 2366 707 2438 victores
733 2367 972 2457 intraverant,
1005 2366 1070 2440 sed
1096 2365 1276 2462 cognatio-

30 2479 70 2550 nis
92 2505 178 2552 cum
208 2474 340 2574 Tyriis
366 2498 555 2564 memores,
590 2475 737 2573 (quippe
763 2486 952 2573 utramque
978 2478 1106 2550 urbem
1131 2475 1275 2572 Ageno-

29 2614 88 2661 rem
112 2587 337 2662 condidisse
364 2583 583 2682 credebant,)
617 2587 748 2658 multos
776 2586 982 2686 Tyriorum,
1018 2589 1126 2660 etiam
1157 2595 1275 2684 prote·

55 2775 74 2839 ς.
84 2780 122 2825 13.
140 2771 282 2842 quicquid
290 2770 359 2838 fors
377 2770 496 2822 morsibus
514 2768 636 2837 dederet]
673 2767 726 2821 Sed
748 2786 801 2821 non
827 2787 892 2840 opus
918 2777 959 2822 est
984 2769 1065 2839 longa
1090 2767 1275 2838 explicatione,

29 2837 80 2892 llon
95 2841 238 2894 contendo
257 2854 356 2890 veram
373 2837 440 2889 hanc
457 2853 512 2890 esse
520 2836 637 2889 auctoris
673 2837 797 2906 quoniam
813 2841 955 2906 praesidia
985 2855 1064 2908 saepe
1090 2838 1126 2891 sic
1152 2836 1276 2888 dicuntur

30 2925 133 2973 manum,
153 2927 221 2961 nam
246 2906 335 2958 Bern.
359 2906 386 2956 A
407 2903 477 2957 Flor.
498 2905 547 2958 AB
573 2906 639 2973 quid
672 2922 720 2976 pro
746 2905 872 2958 exercitu.
916 2906 971 2959 Cic.
999 2923 1050 2985 pro
1076 2904 1183 2975 Ligario
1212 2921 1233 2956 c.
1259 2910 1274 2956 9

25 2978 120 3042 sorsin
136 2976 278 3040 manitus,
307 2974 417 3040 cquid
432 2991 489 3026 sors
506 2975 535 3025 ia
551 2975 638 3025 maai·
672 2976 846 3026 tantummodo
870 2975 899 3025 in
912 2976 1060 3042 praesidiis
1084 2975 1174 3038 erotis,
1193 2971 1277 3023 animi

34 3043 134 3108 tarr
149 3043 352 3123 quodforsin
368 3043 497 3108 monibus,
515 3042 538 3093 E
556 3041 637 3094 Bern.
672 3059 731 3093 cero
758 3059 775 3092 α
802 3058 884 3093 causa
908 3042 1097 3107 obhorreboat;
1121 3057 1170 3120 pro
1196 3039 1275 3091 Rosc.

35 3109 193 3190 Bquicqaid
217 3129 283 3165 sors
309 3128 339 3161 m
366 3110 499 3174 menibus,
524 3109 550 3161 D
569 3113 639 3178 quod
671 3111 732 3161 Am
750 3115 783 3161 43
809 3111 933 3177 scriptum
952 3110 1020 3160 enim
1042 3110 1080 3161 ite
1104 3111 1193 3161 dicuat
1211 3123 1276 3172 esse,
1384 3146 1387 3150 ι

32 3179 89 3245 fors
106 3197 133 3230 ra
147 3197 249 3246 manas,
276 3176 306 3230 G
343 3180 397 3229 uod
413 3195 470 3231 sors
488 3180 516 3229 in
533 3196 637 3230 manus.
672 3188 700 3230 ut
728 3195 815 3230 eorum
843 3179 909 3230 bonu
933 3187 1041 3229 veneant
1066 3178 1111 3247 qui
1129 3176 1277 3245 proscripti

39 3244 111 3298 Vides
125 3246 204 3317 igitur
219 3248 250 3300 in
276 3195 357 3298 nullo
375 3244 463 3298 codice
479 3263 535 3298 esse
552 3246 636 3298 solum
670 3256 732 3299 suat
750 3277 761 3287 ·
779 3254 825 3298 oet
843 3262 929 3298 eorum
947 3247 993 3314 qui
1011 3249 1038 3297 ia
1062 3247 1275 3298 adversariorum

35 3314 151 3382 dativum,
176 3335 229 3388 pro
252 3332 314 3385 quo
337 3330 401 3366 sane
423 3314 510 3367 malim
531 3322 559 3366 et
581 3314 636 3384 ipse
665 3315 814 3383 praesidiis
838 3316 918 3367 occisi
940 3319 1008 3367 seat.
1043 3316 1115 3367 Dura
1132 3314 1274 3384 praesidia

32 3383 54 3434 in
70 3402 172 3452 manas,
198 3383 254 3437 nisi
281 3381 331 3452 qui
354 3382 404 3435 boc
421 3382 548 3436 baberent
566 3382 637 3435 codi-
670 3385 726 3435 ulia
739 3384 868 3451 fuerant,
892 3385 920 3434 in
940 3385 1031 3436 Selloe
1047 3384 1197 3452 praesidiis
1213 3383 1274 3446 fait.

29 3468 79 3504 cum
99 3453 251 3507 auctoritas
276 3449 346 3503 levis
370 3457 447 3504 esset.
486 3451 529 3503 Ita
547 3467 581 3502 ue
598 3450 637 3504 lo·
671 3451 741 3504 Sunt
763 3452 834 3503 enim
852 3453 993 3521 praesidio
1016 3452 1144 3504 stationes
1162 3441 1275 3503 militum

27 3537 78 3573 cum
94 3522 142 3575 nisi
178 3521 260 3592 quod
290 3519 327 3570 ad
355 3518 471 3571 ordinem
496 3535 637 3572 verorum
670 3538 719 3589 pro
737 3519 843 3587 castris,
868 3527 899 3572 ut
928 3519 1010 3590 igitur
1034 3520 1080 3590 qui
1104 3520 1132 3572 in
1156 3519 1275 3572 exercitu

25 3588 133 3709 pqrtinet
154 3590 302 3643 intactum
324 3585 434 3656 reliqui,
464 3587 589 3657 quoniam
610 3587 637 3639 in
671 3588 724 3640 sint
746 3595 827 3657 atque
850 3588 878 3640 in
902 3588 993 3641 castris
1015 3597 1166 3655 versentur,
1193 3588 1276 3640 iidem

57 3657 90 3710 id.
106 3658 221 3712 videtur
240 3656 387 3708 inventum
404 3671 459 3707 esse
477 3658 638 3724 quicquidet
673 3655 743 3708 intra
770 3656 899 3726 praesidia
924 3657 979 3710 sive
1005 3657 1032 3710 in
1058 3656 1193 3728 praesidiis
1220 3671 1276 3708 esse

26 3727 150 3780 domum
168 3728 299 3780 fortasse
316 3730 408 3775 estex
426 3725 546 3794 sequenti
563 3723 640 3776 litera
674 3724 725 3776 dici
747 3724 857 3794 possint.
891 3725 961 3778 Vide
987 3726 1097 3795 interpr.
1122 3727 1156 3777 ad
1179 3740 1222 3788 1v,
1245 3730 1279 3776 44

26 3793 108 3848 initiali
125 3795 203 3850 vocis
224 3793 367 3845 manitas.
401 3791 536 3862 Principes
550 3800 640 3844 autem
675 3803 766 3844 temere
784 3795 854 3845 illati
866 3796 1022 3863 praesidiis.
1057 3837 1059 3841 ,

25 3862 143 3916 editiones
153 3862 299 3933 quicquid
314 3860 434 3912 menibus
452 3879 519 3925 sors,
530 3859 641 3912 Iuniana
709 3862 793 3929 Aperi.
809 3864 957 3915 condidisse
973 3864 1120 3926 credebant]
1145 3858 1221 3911 Nihil
1233 3874 1279 3909 va-

26 3933 141 4000 qricqaid
158 3935 191 3984 in
211 3929 348 3982 menibus
365 3945 431 3994 sors,
449 3929 640 3997 Modquodia
675 3929 746 3981 risnt
778 3929 839 3982 libri
871 3938 917 3982 aut
950 3929 1043 3998 scripti
1074 3936 1121 3980 aut
1146 3923 1279 3993 impressi3

26 4015 107 4052 manas
116 4003 199 4070 fors,
220 3995 396 4050 Basileenses
409 4015 497 4049 rursus
516 3998 642 4064 quicquid
676 3997 782 4050 Medius
805 4005 894 4050 umen
923 4015 951 4050 se
980 3996 1115 4050 sustulisse
1142 3994 1280 4046 credebant

27 4069 135 4121 menibus
154 4085 232 4122 sors.
676 4065 814 4135 gloriatur.
851 4067 931 4130 Quod
949 4064 1069 4133 sequitur
1093 4065 1170 4114 etiem
1188 4069 1279 4128 prote-

53 4138 75 4202 ξ.
93 4143 134 4189 14.
153 4155 172 4190 α
194 4135 268 4199 diis]
301 4131 356 4182 Dis
373 4131 493 4184 scribitur
514 4132 542 4184 in
560 4132 640 4185 Bern.
674 4145 763 4202 pentes
794 4133 900 4203 explica
932 4135 998 4185 adeo
1025 4131 1195 4182 defendentes
1221 4128 1280 4181 illos

30 4201 133 4258 AFlor.
151 4207 181 4257 A
201 4201 287 4254 Leid·
308 4198 386 4252 Voss·
405 4207 427 4251 l·
676 4203 801 4254 adversus
819 4203 979 4254 Macedonas
999 4198 1044 4268 qui
1066 4198 1219 4250 abstrahere
1237 4214 1280 4248 ca-

56 4273 124 4337 §.lt
162 4274 194 4326 ai
214 4273 298 4322 intra
313 4266 487 4320 Macedonum
498 4270 641 4337 praesidia
676 4271 764 4339 ptivos
782 4269 888 4322 vellent.
928 4269 1057 4321 Occultuti
1079 4265 1193 4334 denique
1216 4263 1280 4316 olim

32 4344 103 4407 cani]
120 4343 251 4394 Mrratur
271 4332 382 4386 dicendi
399 4335 534 4388 formulam
552 4336 642 4389 Sches·
677 4339 810 4391 edideram
827 4336 974 4417 Bipontino
992 4333 1136 4403 exemplari
1153 4351 1229 4397 usus,
1253 4339 1281 4381 ct

33 4402 90 4459 strue
110 4417 139 4462 et
161 4405 313 4478 explicare
342 4402 430 4456 studet
451 4404 641 4458 Schmiederus.
676 4406 775 4477 legitur
799 4406 835 4458 sic
856 4423 885 4458 m
908 4404 1018 4457 Iuniana
1040 4409 1069 4455 et
1090 4401 1164 4455 Mod.
1187 4398 1281 4454 editio-
