2926 5174
473 301 522 352 nr
549 301 676 353 nusrrs
702 299 810 351 saux.
838 302 874 370 v,
906 299 931 351 1.
1260 285 1331 357 171

111 514 174 562 111
207 513 316 585 opera
347 487 461 559 solum
493 512 603 560 manu
634 487 747 576 facta,
786 485 850 560 sed
885 485 992 559 etiam
1022 487 1138 584 ipsam
1169 498 1336 562 naturam

110 599 269 697 paulatim
296 597 482 674 exedendo
508 599 676 696 perimat:
702 597 790 669 haec
816 598 939 687 molor,
966 623 1058 694 quae
1083 608 1140 671 tot
1165 600 1335 673 arborum

111 709 278 784 radicibus
310 710 503 808 premitur,
534 711 696 807 tantique
729 709 884 782 nemoris
910 708 1070 807 pondere
1097 720 1245 783 onerata
1271 721 1336 803 est,

109 821 270 896 inviolata
299 820 421 911 durat3
449 817 579 920 quippe
604 849 659 894 xx
683 825 747 900 lati
772 822 926 919 parietes
953 822 1146 912 sustinent,
1173 821 1338 896 undecim

107 933 229 1032 pedum
254 933 446 1006 intervallo
473 933 657 1025 distantes,
671 947 713 1010 ut
724 933 850 1036 procul
876 933 1074 1006 visentibus
1101 933 1212 1007 silvae
1237 960 1336 1007 mon·

91 1045 192 1119 subus
225 1046 301 1118 suis
333 1044 516 1118 imminere
551 1045 750 1122 videantur.
818 1041 944 1144 Syriae
977 1069 1116 1141 regem,
1150 1044 1337 1145 Babylone

108 1166 318 1254 regnantem,
336 1157 405 1228 hoc
432 1182 523 1256 opus
550 1182 629 1231 esse
654 1161 820 1233 molitum
844 1155 1037 1229 memoriae
1062 1156 1246 1253 proditum
1272 1169 1337 1251 est,

108 1293 216 1342 amore
242 1270 405 1367 coniugis
431 1269 581 1359 victum,
615 1296 707 1368 quae
740 1268 915 1343 desiderio
940 1291 1128 1340 nemorum
1154 1269 1337 1342 silvarum-

109 1407 165 1478 que
190 1381 227 1452 in
254 1380 516 1478 campestribus
541 1381 627 1454 locis
654 1383 772 1455 virum
804 1380 974 1479 compulit
999 1379 1252 1453 amoemtatem
1276 1407 1336 1455 na·

109 1505 197 1566 turae
223 1517 359 1591 genere
384 1492 491 1564 huius
517 1493 634 1590 operis
660 1493 800 1566 imitari.

91 1626 97 1673 1
197 1604 344 1677 Diutius
379 1603 417 1674 in
448 1603 515 1675 hac
540 1605 630 1677 urbe
656 1630 764 1702 quam
790 1625 941 1699 usquam
967 1603 1128 1676 constitit
1153 1629 1237 1678 rex:
1271 1609 1387 1679 11116

111 1717 163 1790 alio
188 1717 269 1789 loco
299 1713 674 1813 disciplinaemilitari
700 1716 813 1814 magis
839 1716 971 1789 nocuit.
1016 1715 1112 1788 Nihil
1137 1716 1235 1790 urbis
1263 1718 1337 1790 eius

111 1829 299 1927 corruptius
326 1825 497 1917 moribus,
521 1827 609 1900 nihil
635 1828 681 1901 ad
707 1825 898 1901 irritandas
925 1825 1189 1924 illiciendosque
1215 1829 1339 1901 immo·

91 1939 191 2014 rdias
236 1937 455 2037 cupiditates
498 1938 716 2013 instructius.
786 1937 934 2011 Liberos
978 1938 1217 2037 coniugesque
1256 1965 1338 2011 cum

111 2052 296 2151 hospitibus
324 2059 450 2148 stupro
477 2052 580 2142 coire,
606 2051 714 2124 modo
740 2051 895 2150 pretium
921 2049 1046 2148 flagitii
1072 2049 1187 2141 detur,
1212 2075 1338 2149 paren·

113 2172 167 2255 tes,
191 2164 385 2259 maritique
420 2163 613 2261 patiuntur.
669 2160 882 2236 Convivales
909 2161 984 2234 ludi
1010 2171 1089 2235 tota
1114 2160 1261 2236 Perside
1286 2188 1338 2237 re·

113 2275 197 2370 gibus
232 2275 516 2373 purpuratisque
551 2274 649 2347 cordi
683 2285 788 2366 sunt,
820 2272 1010 2372 Babylonii
1043 2273 1200 2348 maxime
1225 2275 1262 2347 in
1288 2277 1338 2348 vi·

91 2399 190 2478 111111,
204 2397 241 2459 11
269 2411 365 2484 quae
392 2387 599 2460 ebrietatem
626 2396 834 2484 sequuntur,
849 2384 952 2458 effusi
978 2395 1072 2458 sunt.
1111 2385 1337 2460 Feminarum

114 2500 259 2572 convivia
285 2497 487 2570 ineuntium
513 2499 549 2570 in
574 2499 747 2598 principio
773 2486 958 2570 modestus
985 2507 1041 2570 est
1065 2498 1228 2589 habitus,
1255 2498 1338 2572 dein

104 2626 231 2684 'summa
258 2632 426 2707 quaeque
452 2609 602 2683 amicula
628 2620 776 2702 exuunt,
790 2609 1032 2708 paulatimque
1058 2609 1232 2707 pudorem
1258 2637 1338 2708 pro·

113 2841 168 2900 llor.
185 2845 209 2902 G
225 2846 437 2919 srapiferaeqae
455 2845 516 2899 sint.
552 2844 623 2898 Tum
639 2846 702 2900 Mo·
736 2846 910 2901 dubitandum
928 2844 992 2925 quid
1009 2844 1171 2924 sequendum
1189 2851 1266 2898 esset.
1283 2845 1340 2898 Au-

114 2911 156 2968 dius
170 2934 199 2970 11
210 2919 236 2970 ei
253 2912 416 2980 emendavit,
434 2913 506 2968 cuius
522 2913 562 2967 rei
579 2915 702 2985 equidem
737 2924 796 2970 ctor
813 2914 879 2969 illud
895 2913 976 2985 ipsius
993 2929 1063 2982 regis
1089 2912 1221 2982 significat
1247 2931 1340 2983 peeca-

114 2997 156 3036 non
170 2985 227 3039 satis
247 2985 379 3038 idoneam
397 2999 500 3036 eausam
517 2982 603 3036 video.
630 2985 701 3038 Nam
735 2993 793 3038 tum
816 2999 887 3049 esse,
917 2983 988 3052 quod
1011 2980 1156 3034 exercitum
1177 2989 1233 3034 tam
1251 2981 1295 3035 diu
1313 2983 1341 3036 in

115 3053 212 3128 quemvis
228 3070 315 3123 aeque
333 3084 345 3094 -
362 3067 395 3104 ao
411 3053 435 3104 si
457 3051 605 3122 legitimum
626 3053 701 3124 quasi
735 3055 801 3106 urbe
828 3051 993 3120 corruptrice
1020 3049 1162 3102 consistere
1187 3051 1339 3121 percussit,

116 3125 335 3185 carmentalem
354 3151 366 3163 ·
383 3129 411 3172 at
428 3122 454 3174 si
470 3120 549 3174 etiam
566 3139 582 3174 a
599 3122 637 3175 ud
655 3121 700 3176 Ci—
734 3139 797 3176 vere
820 3138 855 3173 111
881 3136 955 3172 secus
978 3118 1043 3171 nihil
1067 3119 1101 3171 ad
1124 3133 1174 3170 me.
1211 3119 1265 3173 Sed
1283 3137 1340 3173 cor·

115 3203 217 3244 teronem
233 3189 384 3254 invenitur,
403 3204 444 3242 ex.
454 3207 495 3259 gr.
513 3189 546 3242 de
564 3140 609 3243 11.
627 3206 647 3258 1,
669 3198 701 3244 14
735 3190 868 3260 ruptelam
890 3189 950 3241 'non
982 3186 1059 3240 nimis
1093 3205 1216 3257 magnam
1251 3187 1339 3256 fuisse,

115 3255 137 3308 in
154 3263 234 3314 eadem
256 3268 322 3314 cant
345 3258 475 3312 iniustitia
492 3268 521 3311 at
538 3260 608 3312 siin
625 3278 701 3313 snam
736 3276 803 3331 quae
830 3258 941 3328 posthac
968 3257 1002 3310 ab
1028 3256 1150 3310 exercitu
1194 3264 1252 3310 estu
1279 3265 1341 3311 sunt

115 3341 155 3378 rem
176 3331 263 3382 alieno
292 3335 457 3394 convertant,
482 3326 544 3380 vide
566 3327 649 3380 Drak.
667 3330 702 3381 ad
735 3329 888 3394 ostendunt,
907 3325 983 3379 utin
1001 3323 1077 3378 simili
1095 3343 1124 3379 re
1141 3341 1175 3378 ne
1196 3326 1341 3380 annibalis

114 3389 243 3460 1111111,
267 3403 313 3463 50,
334 3402 532 3475 9,,1111111-
548 3406 576 3449 at
598 3396 701 3449 Plinius
737 3397 842 3468 quidem
862 3394 991 3476 militibus
1009 3394 1122 3475 multum
1141 3393 1250 3466 Capuae
1267 3396 1342 3450 volu-

114 3467 311 3602 loepiqulettllibdi
329 3463 604 3600 (1111111111ΧΑΕ1111Π111
619 3465 701 3600 gellus
735 3465 1129 3602 ptbilri'tvdltenfflrclrbildlldies
1184 3534 1229 3588 Sic
1252 3551 1343 3589 omnes

117 3598 179 3660 Quem
204 3607 310 3657 videam
338 3618 417 3671 aeque
440 3618 496 3654 esse
517 3611 651 3670 maestum,
674 3613 702 3656 11
735 3604 797 3657 libri
822 3620 883 3655 mss.
909 3601 994 3654 nostri
1018 3609 1046 3654 11
1069 3601 1108 3656 Sn
1145 3643 1150 3655 .
1180 3607 1251 3669 (oum
1277 3605 1341 3658 edit.

116 3672 175 3734 rari
191 3674 247 3726 dies
267 3674 293 3725 ei
312 3671 384 3723 dicta
401 3670 444 3723 sit.
735 3673 823 3740 Mod.)
836 3670 886 3724 nisi
896 3671 967 3751 quod
975 3670 1121 3724 Florum
1135 3673 1341 3743 adiciendusque

140 3739 158 3805 1.
173 3746 214 3794 31.
230 3741 370 3808 Babylone
387 3740 548 3810 1191111111]
575 3739 701 3794 Deterio-
735 3742 835 3795 habent
853 3747 881 3792 et
898 3758 926 3791 11
943 3739 1048 3793 FlenE
1068 3737 1146 3793 διττο
1183 3746 1254 3810 apta
1270 3745 1341 3794 vola-

115 3817 146 3858 rer
159 3809 234 3862 codd.
254 3817 284 3861 11
303 3807 365 3860 edd.
382 3815 447 3860 vett.
464 3808 638 3876 Babyloniae.
754 3820 819 3863 tates
845 3809 1001 3878 cupiditates
1028 3816 1077 3862 est.
1149 3761 1180 3862 11

140 3874 195 3948 Cap.
214 3885 239 3946 t,
260 3880 284 3946 §-
304 3882 346 3930 36.
381 3877 498 3930 necatio
516 3878 581 3947 loco]
604 3876 702 3931 Editur
763 3877 878 3931 indelino
914 3876 1032 3947 Spirensi
1066 3877 1155 3930 editur
1189 3894 1236 3928 nec
1270 3879 1341 3929 vola·

116 3943 272 4013 1111111,
299 3944 371 4014 quod
388 3961 451 3998 sane
467 3963 521 3998 non
539 3945 701 4025 displiceret,
732 3958 838 4018 pratea,
879 3961 971 3998 verum
1006 3962 1059 3999 non
1093 3944 1232 3997 irritantur
1266 3945 1341 3997 volu-

117 4009 702 4069 111111111111111111111111111111111111111.
736 4025 839 4097 ptates,
865 4015 911 4068 sed
936 4012 1051 4066 irritant
1095 4012 1166 4066 Casu
1192 4010 1287 4065 accidit
1310 4020 1342 4066 ut

117 4075 199 4136 Verum
221 4083 297 4137 istud
321 4080 406 4161 ipsum
426 4082 455 4135 in
471 4083 544 4137 nullo
561 4092 630 4137 msto
647 4090 702 4137 est:
736 4105 765 4139 11
787 4084 850 4138 edit.
884 4081 973 4153 priore
1010 4088 1101 4136 nostra
1132 4097 1179 4133 111
1209 4080 1342 4152 relinque·

118 4151 217 4213 proxime
240 4150 347 4205 accedo
374 4150 444 4205 Flor.
476 4151 541 4204 DFI
574 4152 703 4205 scritura
737 4162 823 4208 retur.

118 4222 233 4274 11111111
252 4221 335 4284 ullas,
353 4217 483 4273 1111ΕΗ
496 4220 609 4273 Bem.B
652 4239 702 4274 oss.
773 4228 797 4289 3.
823 4230 864 4277 37.
906 4219 1062 4288 convivales]
1105 4215 1178 4269 Edit.
1204 4235 1245 4287 pr.
1272 4218 1340 4271 Mer.

120 4285 285 4356 1111111111,
315 4285 380 4339 nihil
396 4287 477 4356 aliud,
500 4290 547 4342 sed
563 4289 658 4360 reliqui
675 4297 703 4342 11
737 4292 798 4344 Ald.
824 4292 856 4344 al.
876 4289 1039 4357 concrepator,
1063 4285 1152 4338 Iunius
1180 4292 1208 4339 11
1233 4286 1341 4340 Medius

120 4353 194 4409 otimi
215 4365 245 4410 et
266 4354 376 4427 plurimi
396 4374 441 4410 111
463 4359 517 4411 atio
535 4360 607 4424 loco,
635 4376 703 4412 unus
737 4360 815 4431 primi
837 4359 981 4412 conrivales
1004 4371 1038 4407 ex
1060 4353 1133 4406 libris
1160 4353 1250 4424 quales
1279 4363 1341 4412 sunt

156 4441 173 4477 r.
191 4423 216 4479 G
232 4443 286 4479 non
305 4425 359 4478 alio
377 4426 438 4480 loco.
460 4430 556 4497 Itaque
572 4445 627 4481 non
644 4434 703 4480 erat
738 4428 821 4484 nostri
838 4429 919 4482 Bern.
937 4426 963 4479 A
980 4423 1051 4478 Flor.
1069 4421 1179 4478 ABCG.

1177 3826 1212 3878 go
1237 3808 1299 3861 inde
1325 3827 1341 3862 a
