2926 5174
117 281 172 328 XX
620 275 842 327 PRAEFATIO.

116 461 193 534 inre
226 468 392 533 vetustae
426 459 662 558 possessionis
697 457 861 533 dubitare
897 460 1034 556 coepit,
1081 461 1187 532 venia
1222 459 1345 552 danda,

117 587 215 685 quod
253 587 330 659 aliis
370 585 537 660 subsidiis
579 585 773 660 destitutus
815 610 950 660 novam
992 587 1209 661 emendandi
1246 588 1346 681 viam,

119 740 226 813 quam
250 715 398 788 feliciter
423 715 620 805 invenerat,
645 740 721 787 non
746 719 891 788 secutus
917 725 974 787 est
998 726 1215 791 constanter.
1261 715 1347 790 Nam

117 842 156 916 in
180 843 248 916 hac
273 843 474 915 litterarum
504 852 607 939 parte
639 866 721 914 cum
751 842 841 914 nihil
873 844 967 915 tanti
996 844 1045 916 sit
1078 869 1187 941 quam
1218 845 1279 918 via
1311 871 1347 918 ac

118 971 257 1043 ratione
282 968 496 1068 procedere,
522 993 630 1065 saepe
654 971 697 1042 fit
723 981 765 1043 ut
790 968 1017 1043 deverticulis
1044 970 1261 1045 circumduci
1286 999 1345 1046 nos

117 1098 312 1197 patiamur,
346 1122 413 1170 nec
444 1097 512 1170 nisi
544 1107 630 1195 post
658 1099 792 1170 multos
823 1123 962 1172 errores
987 1109 1122 1172 rectam
1148 1101 1246 1173 viam
1273 1126 1346 1174 con·

117 1249 320 1323 sequamur.

221 1350 393 1452 Superest
419 1363 461 1425 ut
486 1350 533 1424 de
556 1351 636 1449 ipso
663 1353 854 1450 scriptore,
882 1353 960 1451 quis
985 1354 1111 1445 filerit,
1137 1382 1209 1452 qua
1234 1367 1345 1431 aetate

117 1480 269 1571 vixerit,
309 1481 414 1577 quale
449 1503 540 1577 opus
576 1478 793 1571 condiderit,
838 1479 1030 1555 dicendum
1062 1506 1143 1575 esse
1176 1484 1343 1558 videatur.

118 1606 192 1685 Sed
218 1607 263 1681 de
291 1632 334 1680 ea
358 1633 398 1681 re
422 1632 497 1680 non
523 1604 684 1680 adducor
714 1618 756 1681 ut
780 1619 943 1707 repetam
975 1635 1067 1706 quae
1101 1621 1184 1684 ante
1211 1612 1278 1685 hos
1302 1614 1344 1685 vi·

118 1736 209 1834 ginti
241 1737 316 1810 fere
350 1760 464 1809 annos
498 1734 538 1807 in
562 1735 790 1832 ‘praefatione
829 1737 957 1834 prioris
993 1737 1158 1812 editionis
1193 1741 1343 1837 exposui.

2 1962 6 1971 Ι
117 1861 193 1939 Nec
218 1863 356 1937 mutavi
390 1840 623 1953 sententiam,
660 1887 875 1960 quamquam
909 1864 1087 1956 studiose,
1127 1878 1168 1941 ut
1200 1893 1343 1965 aequum

117 2002 192 2083 est,
224 1992 375 2066 aliorum
399 1991 585 2065 hominum
618 1989 806 2065 doctorum
838 1991 996 2065 rationes
1026 1993 1170 2067 interim
1195 1997 1341 2094 prolatas

119 2119 291 2218 expendi:
318 2146 386 2198 nec
412 2131 534 2194 tamen
558 2119 627 2192 hae
645 2119 720 2193 iere
741 2130 959 2217 magnopere
979 2122 1120 2196 anobis
1138 2122 1339 2223 discrepant

118 2246 317 2324 Habebunt
341 2249 450 2346 igitur
474 2246 683 2321 Latinarum
707 2248 909 2321 litterarum
928 2247 1079 2323 studiosi
1099 2276 1189 2349 opus
1207 2278 1229 2325 a
1248 2252 1339 2324 libra·

119 2375 254 2449 riorum
280 2376 445 2450 sordibus
472 2386 510 2449 et
535 2374 742 2467 audacium,
767 2400 842 2448 non
867 2400 950 2448 raro
976 2378 1084 2450 etiam
1108 2380 1338 2478 imperitorum

120 2504 324 2577 criticorum
348 2505 492 2578 licentia
522 2514 799 2604 perpurgatum,
834 2529 943 2578 aureo
974 2504 1178 2581 Latinitatis
1210 2507 1337 2580 saeculo

119 2657 195 2705 non
224 2632 428 2730 indignum,
468 2643 506 2706 et
536 2633 706 2707 historiae
744 2633 876 2708 veteris
916 2632 1105 2710 discendae
1137 2636 1253 2734 cupidi
1284 2632 1337 2708 Oli·

114 2736 253 2852 men,
291 2758 418 2836 Graes
444 2762 626 2860 scriptoris
652 2764 736 2860 oum
764 2762 948 2853 celebras,
983 2765 1084 2861 quar
1118 2765 1333 2847 simulacrum,

121 2888 217 2963 unde
241 2890 354 2964 vitam
379 2916 568 2990 moresque
594 2903 715 2988 etres
740 2902 862 2991 gestas
887 2891 1035 2964 maximi
1059 2894 1153 2990 regis
1179 2918 1250 2965 non
1274 2890 1334 2961 sinc

119 3018 240 3092 fructu
266 3029 303 3093 et
329 3019 565 3095 delectatione
592 3030 820 3120 cognoscant

586 3305 893 3314 ΜΨ-

112 3578 116 3585 ·
224 3531 452 3606 Prooemium
491 3533 561 3606 hoc
595 3558 695 3626 curn,
733 3534 898 3607 absoluta
937 3533 1196 3632 propemodum
1228 3523 1335 3625 reliqui

114 3659 201 3733 -libri
228 3659 479 3758 descriptione,
513 3687 604 3758 quae
635 3663 733 3762 typis
764 3663 861 3735 facta
886 3673 990 3753 esset,
1022 3672 1105 3736 ante
1132 3662 1253 3735 decem
1275 3659 1335 3731 fere

113 3813 263 3863 menses
290 3789 491 3881 dictassem,
523 3800 691 3888 certoque
717 3815 900 3889 sperarem
924 3791 1102 3889 integrum
1127 3791 1264 3879 librum,
1288 3777 1336 3880 qui

120 3918 226 3992 nimis
258 3918 320 3992 diu
354 3918 449 3991 intra
479 3918 639 4016 privatos
679 3919 833 4018 parietes
859 3919 1037 4011 latuisset,
1078 3910 1337 4018 propediemi11

122 4046 305 4142 publicum
330 4045 566 4146 proditurum,
600 4073 680 4122 ecce
714 4072 812 4120 nova
845 4061 882 4121 et
907 4048 1088 4146 insperata
1105 4049 1155 4121 ·in
1180 4050 1255 4146 ipso
1278 4044 1337 4115 fine

120 4197 223 4246 mora
248 4185 304 4247 est
329 4175 479 4249 obiecta
530 4173 672 4249 Accidit
698 4175 792 4249 enim
823 4185 880 4266 ut,
913 4200 994 4248 cum
1027 4201 1203 4251 novarum
1233 4185 1338 4246 reruss1

121 4300 249 4392 minae,
274 4302 368 4375 inter
393 4326 482 4401 quas
508 4302 639 4376 librum
664 4304 942 4395 absolveremus,
968 4305 1187 4402 inopertam
1212 4295 1337 4376 seditio·

121 4451 206 4502 nem
230 4441 467 4527 erumperent,
494 4456 606 4529 eaque
622 4433 724 4508 velut
747 4430 850 4504 tabes
876 4458 942 4530 per
967 4456 1111 4506 omnem
1129 4427 1337 4509 Germaniam
