2926 5174
440 313 488 362 nu
515 312 642 363 ansus
668 313 778 364 snex.
805 316 856 383 111,
879 313 923 366 ιι.
1261 302 1310 373 45

77 498 146 570 atis.
218 494 334 568 Tum
368 519 453 567 vero
485 498 595 571 ceteri
621 496 839 596 dissipantur
871 510 990 591 metu,
1024 511 1062 574 et
1088 527 1158 598 qua
1184 503 1310 601 cuique

77 607 242 704 liugam
273 604 436 704 patebat
455 607 524 698 via,
550 619 751 706 erumpunt,
777 635 877 683 arma
890 610 1069 703 iacientes,
1096 636 1188 708 quae
1202 616 1309 711 paulo

77 729 120 792 rte
145 717 196 790 ad
224 718 402 790 tutelam
425 741 617 815 corporum
642 730 886 817 sumpserant:
930 719 1022 795 adeo
1055 746 1169 819 pavor
1202 725 1311 797 etiam

77 830 172 903 uxilia
197 826 404 902 formidat
453 827 620 903 Instabat
644 829 862 928 fugientibus
889 819 998 930 eques
1024 859 1047 906 a
1072 832 1310 909 Parmenione

77 943 182 1032 issus,
212 949 257 1014 et
285 940 393 1012 forte
417 939 455 1011 in
480 938 570 1012 illud
588 965 709 1014 comu
734 969 858 1018 omnes
885 946 971 1042 iuga
997 945 1205 1018 abstulerat

129 1052 182 1126 At
207 1052 251 1124 in
283 1048 425 1123 dextro
451 1048 585 1124 Persae
611 1049 802 1127 Thessalos
829 1056 967 1152 equites
992 1055 1225 1130 vehementer
1250 1082 1308 1129 ur·

77 1164 185 1236 ebant.
235 1160 404 1256 Iamque
429 1187 502 1233 una
526 1163 584 1235 ala
608 1163 687 1260 ipso
713 1165 851 1261 impetu
875 1166 1081 1263 proculcata
1107 1177 1199 1239 erat:
1226 1193 1309 1240 cum

77 1273 224 1362 Thessali,
258 1280 422 1345 strenue
447 1273 668 1347 circumactis
696 1275 795 1371 equis
821 1274 967 1374 dilapsi,
993 1300 1117 1349 rursus
1142 1277 1180 1349 in
1205 1303 1306 1375 proe-

77 1384 140 1455 ἰιιιιι
162 1382 345 1473 redeunt,
384 1406 598 1480 sparsosque
630 1394 668 1457 et
698 1386 953 1483 incompositos
980 1386 1151 1461 victoriae
1177 1386 1308 1462 fiducia

77 1495 216 1569 >urbanos
243 1494 401 1593 ingenti
426 1494 534 1568 caede
560 1505 803 1592 prosternunt.
828 1496 921 1594 Equi
943 1497 1078 1594 pariter
1099 1499 1307 1597 equitesque

77 1604 236 1680 lersamrm
266 1605 372 1680 serie
398 1607 610 1680 laminarum
634 1632 779 1704 graves,
807 1633 953 1706 agmen,
995 1606 1092 1705 quod
1124 1610 1307 1685 celeritate

77 1717 196 1791 taxime
224 1726 399 1806 constat,
425 1743 529 1816 aegre
555 1718 811 1791 moliebantur:
847 1720 977 1816 quippe
1002 1720 1040 1791 in
1067 1721 1306 1819 circumagen-

77 1827 100 1900 is
123 1830 223 1926 equis
252 1828 339 1902 suis
369 1826 532 1902 'lhessnli
556 1829 689 1902 multos
716 1839 988 1927 occupaverant.

77 2017 114 2072 ht.
138 2021 194 2075 vita
211 2021 300 2075 Alex.
323 2025 358 2072 et
377 2017 483 2072 Aeliani
508 2019 569 2073 hist.
588 2019 667 2074 anim.
702 2013 844 2073 Parmenio
862 2020 986 2074 adversus
995 2020 1119 2073 dextrum
1128 2020 1213 2088 stetit,
1223 2023 1304 2090 unde,

77 2095 132 2155 t,48
148 2088 310 2144 annotavit.
702 2095 845 2158 postquam
868 2088 877 2140 i
897 2105 925 2141 se
950 2106 1004 2141 non
1030 2089 1142 2158 amplius
1167 2091 1304 2171 utebatur,

83 2160 101 2225 ξ.
118 2165 156 2212 12.
192 2176 250 2229 qua
271 2158 381 2226 cuique
401 2157 542 2226 adsunam
556 2158 668 2227 putebat
701 2159 802 2210 mittere
821 2156 866 2226 qui
885 2174 936 2223 em,
955 2157 1002 2210 sed
1018 2173 1073 2210 non
1090 2160 1210 2222 emittere,
1249 2177 1305 2212 aaa

77 2228 97 2294 a]
127 2227 288 2282 Verborum
313 2223 444 2279 ordinem
460 2226 533 2279 oodd.
552 2225 667 2279 auctori·
701 2224 730 2278 in
748 2226 899 2292 obstantes,
917 2224 1067 2296 equitatum
1084 2234 1201 2296 poterat.
1269 2244 1305 2282 ox

77 2301 123 2348 tem
139 2305 248 2351 secutus
268 2291 406 2358 mutavi,
424 2309 481 2346 cum
497 2293 579 2363 vulgo
597 2301 667 2346 esset
701 2293 783 2362 vulgo
801 2295 829 2346 in
845 2296 875 2347 id
883 2311 977 2360 cornu,·
995 2292 1087 2347 melius
1106 2313 1137 2349 ao
1154 2294 1304 2351 distinctius

77 2381 96 2416 a
111 2367 200 2435 cuique
214 2365 342 2436 patebat
362 2362 508 2431 adfupam
532 2365 594 2428 via,·
621 2364 668 2415 sed
700 2362 807 2416 Medius
825 2370 854 2415 et
871 2363 946 2416 oodd.
963 2362 1082 2434 plerique
1100 2381 1190 2417 omnes
1209 2366 1304 2430 (unum

77 2433 147 2502 nequi
160 2453 216 2488 non
225 2432 315 2505 potui
326 2430 471 2484 consensui
481 2447 580 2498 eorum,
619 2449 667 2484 uos
701 2430 771 2483 enim
798 2431 901 2500 excipio
927 2432 960 2484 de
982 2432 1080 2484 nostris
1103 2433 1183 2486 Bern.
1202 2433 1225 2485 Β
1245 2452 1304 2488 cum

77 2502 217 2574 teroquino
239 2502 333 2555 timos
344 2496 446 2565 iudico,
463 2500 577 2553 Bern.A
594 2447 666 2552 litor.
701 2499 778 2553 Voss.
796 2507 811 2552 2
830 2499 859 2552 in
875 2501 925 2553 hac
942 2517 972 2553 re
989 2501 1205 2572 concordantem)
1228 2505 1303 2557 illud.

77 2567 179 2626 BLeid.
227 2589 285 2625 oss.
309 2576 350 2634 1,
382 2566 430 2636 qui
456 2586 522 2636 quae
540 2567 668 2620 exhibent
737 2571 760 2637 ς.
772 2574 811 2620 14.
831 2570 886 2620 dila
906 2571 930 2622 si
948 2587 1043 2622 rursus
1052 2571 1081 2622 in
1095 2572 1226 2638 proelium
1244 2575 1304 2625 red·

77 2655 95 2690 u
110 2657 165 2708 qua.
200 2641 311 2710 Neque
333 2634 413 2688 enim
430 2636 591 2690 constructio
609 2653 667 2688 ver·
703 2637 775 2706 eunt]
793 2637 875 2689 Abun
893 2636 994 2690 antiam
1011 2638 1131 2690 vocabuli
1141 2657 1235 2692 rursus
1244 2640 1305 2709 plu-

77 2722 133 2760 uum
147 2716 203 2762 tam
222 2706 320 2762 facilis
344 2721 379 2756 ac
398 2721 447 2773 pro
464 2721 538 2758 more
556 2703 667 2784 scripto·
701 2704 773 2758 rimis
792 2704 854 2758 locis
872 2706 1002 2759 bonorum
1020 2705 1178 2775 scriptorum
1187 2707 1304 2760 animad-

77 2778 173 2831 snostri
190 2778 265 2845 erit,
288 2790 383 2855 quam
402 2771 424 2824 si
441 2791 492 2841 qua
511 2772 668 2826 adverbiali·
701 2781 806 2839 vertas,
833 2781 865 2826 ut
882 2792 976 2827 rursus
995 2791 1124 2842 revocare,
1151 2793 1245 2828 rursus
1263 2793 1305 2829 re·

77 2844 197 2899 rdiotum
215 2845 345 2915 accipre,
377 2838 447 2893 sicut
464 2849 505 2894 est
523 2841 594 2912 apud
611 2841 667 2894 Ne·
702 2845 795 2895 ducere
814 2842 884 2910 apud
901 2841 959 2894 Liv.
973 2849 1108 2909 xnm,20,
1127 2858 1167 2909 ιιι,
1182 2851 1225 2910 27,
1244 2862 1304 2897 rur-

77 2919 131 2965 ttem
147 2915 226 2968 Eum.
246 2931 272 2968 e.
295 2919 313 2966 8
348 2912 421 2962 duae
447 2920 522 2962 erant
539 2912 597 2963 aiae
615 2928 667 2978 qua
700 2928 747 2963 aua
774 2911 883 2978 repetita
910 2912 1036 2976 Bithynia
1065 2912 1137 2963 aud
1169 2911 1244 2964 Suet.
1276 2911 1305 2964 in

77 2981 169 3036 rMedie
187 2987 225 3037 ud
242 2978 480 3036 adversariorum
497 2980 667 3031 hibernacula
702 2978 777 3032 Caes.
796 2984 820 3029 2.
848 2976 888 3030 cf.
906 2977 1017 3046 interpr.
1036 2928 1143 3030 addaiu.
1162 2979 1225 3048 epit.
1245 2978 1304 3033 libr.

77 3059 132 3100 osset
145 3053 280 3118 perueniri
287 3090 295 3118 ,
317 3055 354 3100 et
374 3045 447 3115 apud
464 3054 583 3100 nostrum
600 3046 668 3098 infra
701 3061 760 3097 xm.
797 3043 924 3097 Similiter
950 3054 1010 3096 ante
1022 3062 1202 3122 praeparare,
1224 3050 1304 3114 prius

77 3121 127 3168 att
142 3135 198 3185 qua
214 3129 321 3172 rectum
344 3117 400 3167 iter
418 3115 448 3165 in
465 3115 601 3167 Persidem
622 3118 667 3167 du·
719 3115 853 3181 raecqnere
878 3120 906 3165 et
932 3112 984 3164 aha
1009 3127 1064 3163 erus
1091 3113 1209 3182 generis,
1245 3113 1305 3167 vide

77 3182 133 3246 zeta,
148 3199 185 3252 1v,
194 3192 223 3238 51
243 3204 297 3257 qua
320 3187 428 3237 hostem
446 3185 542 3250 equites
561 3184 667 3235 emissu-
729 3182 837 3234 rakenb.
856 3181 890 3232 ad
907 3180 966 3233 Liv.
984 3194 1035 3246 XX,
1054 3186 1097 3246 21,
1117 3187 1140 3233 8.

77 3266 115 3302 nm
129 3269 180 3306 erae
195 3257 332 3316 credebat,
356 3265 388 3317 V,
404 3256 436 3303 37
464 3267 527 3319 qua
545 3268 668 3320 quemque
736 3253 758 3318 ξ.
780 3255 819 3301 15.
855 3250 923 3301 serie
947 3250 1106 3302 laminarum
1127 3252 1235 3322 proves]
1272 3249 1305 3304 In

77 3328 103 3371 ut
116 3338 167 3391 qves
185 3326 301 3378 ducebat
317 3329 372 3373 aut
385 3335 482 3386 pavor,
502 3321 668 3386 dirimatur·
702 3317 822 3372 omnibus
846 3317 922 3371 codd.
941 3316 1153 3388 editionihusque
1171 3319 1305 3377 veteribus

77 3405 102 3441 rr.
130 3390 221 3462 ltaque
250 3390 387 3459 reliquos
413 3385 516 3439 codices
540 3387 613 3439 Flor.
640 3394 669 3439 et
701 3394 763 3439 ante
779 3403 875 3454 proves
894 3385 964 3453 (sive
980 3403 1069 3454 prave,
1086 3395 1118 3439 ut
1135 3395 1176 3440 est
1193 3387 1221 3440 in
1259 3406 1304 3442 au-

77 3455 110 3510 lit.
118 3454 476 3524 hlodFreinshemiumque
486 3463 593 3508 secutus
603 3472 667 3506 sum.
701 3455 737 3508 cis
754 3471 804 3507 nec
820 3453 896 3507 bonis
915 3453 1047 3508 codicibus
1064 3454 1136 3508 Flor.
1154 3456 1207 3509 FH
1248 3474 1305 3512 ern.

77 3523 117 3579 lor.
132 3527 162 3582 G.
180 3529 211 3582 H
228 3539 406 3598 quacunque
429 3541 479 3592 pro
497 3540 548 3592 qua
567 3525 667 3590 cuique.
700 3524 772 3577 Bet
789 3521 854 3575 edit.
872 3522 933 3575 Ald.
952 3531 980 3575 et
998 3523 1073 3590 Iun.)
1098 3523 1154 3577 inte
1188 3535 1306 3580 onuntur

78 3596 211 3668 semidei]
258 3590 415 3649 Generalis
450 3591 582 3644 sententia
617 3598 667 3657 est,
700 3593 782 3645 verba
800 3593 830 3644 ob
849 3593 880 3643 id
894 3609 985 3660 penus.
1021 3592 1062 3643 Ea
1087 3609 1147 3645 cum
1188 3594 1305 3649 reinshe-

77 3674 203 3736 tapropter
232 3663 318 3732 vulg.
346 3659 400 3712 scri
420 3666 482 3711 tura
499 3660 668 3728 formidabat
701 3659 754 3713 mio
772 3658 864 3725 omisi,
892 3659 1012 3712 scholion
1037 3667 1111 3714 ratus
1135 3662 1169 3713 de
1186 3680 1244 3716 mar
1263 3663 1305 3717 'e

77 3729 125 3786 inus
139 3747 178 3788 est
196 3727 402 3788 commendab'
416 3727 444 3780 's
473 3726 527 3779 Sed
543 3743 668 3797 praesens
701 3728 729 3780 in
746 3735 852 3780 textum
868 3728 1040 3781 translatum:
1063 3737 1135 3782 uerte
1170 3730 1198 3783 ui
1219 3749 1236 3784 a
1272 3749 1305 3786 uo

77 3813 142 3871 tnpns
157 3803 249 3856 etiam
269 3795 431 3852 auctoritas
447 3795 568 3848 codicum
595 3803 668 3847 ostu-
701 3796 761 3850 loco
784 3813 832 3849 suo
859 3804 1010 3849 amoventes
1028 3796 1143 3850 orationi
1185 3798 1305 3852 urtianae

79 3874 99 3935 t,
121 3867 359 3942 quandoquidem
387 3864 422 3914 de
448 3863 511 3916 meis
536 3882 567 3918 oo
588 3863 668 3916 'cibus
702 3871 795 3934 aptare
822 3864 982 3931 voluerunt,
1011 3864 1076 3916 nihil
1094 3866 1238 3919 effecerunt
1254 3865 1305 3920 nisi

77 3940 198 3994 midabar
218 3955 283 3992 non
304 3932 414 4002 legitur
432 3931 480 3984 nisi
497 3932 524 3984 in
541 3931 667 3998 Flor.Fl‚
702 3940 733 3984 ut
751 3932 908 4002 scriptorem
925 3932 1013 3985 inutili
1031 3933 1142 4002 ambage
1153 3940 1304 3986 onerarent.

77 4005 225 4061 .Smhenb.
257 4022 328 4059 cum
348 4001 486 4070 formidat
512 3999 667 4071 scripsisset,
701 4001 773 4054 Nam
790 4000 818 4052 in
835 4019 867 4054 eo
886 4000 1055 4054 consentiunt
1072 4016 1162 4052 omnes
1180 4003 1248 4053 serie
1266 4003 1305 4055 la-

77 4071 107 4125 hil
128 4078 159 4131 ab
191 4092 228 4128 ea
248 4069 383 4126 lectione
411 4066 542 4120 diversum
559 4085 574 4121 e
592 4068 668 4122 codd.
701 4071 832 4122 minarum
847 4087 942 4148 praees
961 4067 1144 4136 coniungenda
1162 4084 1232 4135 esse,
1255 4085 1305 4124 neo

77 4138 240 4199 henotavit.
702 4154 778 4208 posse
804 4138 854 4190 nisi
880 4145 941 4209 post
966 4138 1031 4190 haec
1051 4135 1132 4187 verba
1157 4135 1238 4190 inseri
1258 4146 1306 4192 aut

83 4210 101 4275 5,
117 4220 151 4267 13,
178 4231 198 4266 a
218 4211 328 4264 Parra.
349 4202 464 4271 missua]
500 4203 544 4257 Sic
561 4203 620 4255 edd.
641 4211 669 4256 et
703 4207 733 4258 ab
752 4208 782 4259 id
796 4222 879 4274 penus
903 4214 950 4258 aut
976 4207 1007 4256 id
1028 4219 1112 4271 qenai
1138 4213 1186 4257 aut
1210 4224 1303 4275 penae,

77 4273 112 4330 lor.
128 4283 159 4350 A,
188 4289 222 4334 at
242 4270 355 4352 reliqui
374 4269 453 4322 codd.
470 4278 598 4340 quantum
616 4270 669 4324 scio
703 4273 837 4326 Snakenb.
856 4276 886 4326 ob
904 4277 935 4327 id
949 4288 1032 4342 penus
1050 4287 1183 4325 armonem
1201 4292 1303 4343 cymen,

77 4359 128 4399 ma
142 4353 264 4403 emissus
286 4355 386 4394 mmus
401 4344 482 4404 recte,
502 4339 668 4408 quoniamde
703 4341 863 4412 Rutgersius
881 4344 912 4394 id
920 4338 1139 4416 penuslayminia,
1157 4358 1306 4410 quamcon·

77 4410 141 4470 riam
155 4419 322 4472 Persarum
343 4421 433 4461 cornu
457 4422 542 4461 sermo
559 4416 614 4474 est,
639 4415 667 4461 et
702 4410 830 4464 iecturam
846 4408 1040 4463 Freinshemius
1057 4411 1096 4457 ita
1113 4406 1179 4462 citat
1196 4416 1227 4462 ut
1236 4409 1305 4465 Var-
