2926 5174
179 314 254 388 470
652 332 685 394 o.
714 329 839 382 cuaru
863 329 949 382 aum

178 519 270 593 sicut
294 517 508 614 imperatum
534 525 629 605 erat,
654 515 820 588 lacessito
845 514 959 606 hoste,
987 514 1116 588 subito
1144 524 1262 613 terga
1287 523 1415 604 vertunt,

178 653 268 726 quos
294 626 438 699 barbari
465 625 577 698 effuse
604 636 794 722 sequentes
821 625 858 698 in
884 625 988 716 alios,
1015 626 1118 698 inter
1146 651 1247 723 quos
1274 626 1346 724 ipse
1367 649 1414 697 rex

179 749 272 828 erat,
312 736 481 810 incidunt.
541 735 730 810 Renovato
757 761 842 833 ergo
869 736 1021 833 proelio,
1065 761 1118 809 ex
1145 737 1273 812 tribus
1298 737 1413 810 milibus

177 852 413 926 barbarorum
441 850 600 921 sexcenti
633 849 726 921 oaesi
753 858 852 938 sunt,
884 849 979 921 mille
1006 849 1126 946 capti,
1167 850 1283 924 ceteri
1306 849 1413 922 moeni·

177 963 247 1039 bus
274 963 372 1035 urbis
399 959 534 1032 inclusi.

131 1077 179 1149 33
285 1070 357 1146 Sed
388 1097 461 1144 non
500 1080 541 1143 ut
572 1070 687 1168 prima
724 1070 842 1170 specie
880 1070 974 1143 laeta
1006 1071 1185 1164 victoria,
1227 1072 1280 1146 ita
1305 1083 1447 1148 eventus

182 1209 322 1283 quoque
348 1185 430 1257 fidu
457 1183 588 1280 quippe
613 1181 758 1255 barbari
782 1170 933 1255 veneno
948 1182 1142 1256 tinxerant
1170 1183 1323 1282 gladios.
1363 1183 1415 1257 lta·

184 1322 252 1395 quc
286 1295 395 1368 saucii
435 1291 587 1366 subinde
626 1293 855 1391 expirabant,
895 1317 960 1365 nec
999 1318 1115 1366 causa
1157 1306 1238 1368 tam
1271 1305 1415 1368 strenuae

181 1408 306 1483 mortis
333 1405 529 1503 excogitari
547 1415 690 1502 poterat
715 1403 911 1494 amedicis,
938 1429 1020 1477 cum
1041 1405 1157 1478 etiam
1185 1408 1287 1480 leves
1312 1408 1415 1505 plagae

181 1518 398 1594 insanabiles
438 1526 567 1590 essent.
633 1514 782 1589 Barbari
822 1526 942 1588 autem
972 1529 1220 1612 speraverant
1257 1520 1445 1591 incautma

185 1642 221 1706 et
246 1629 475 1703 temerarium
509 1652 631 1725 regem
664 1628 780 1725 excipi
806 1650 921 1725 posse.
982 1625 1033 1699 Et
1058 1630 1158 1703 forte
1194 1631 1291 1705 inter
1322 1653 1415 1728 prom·

183 1743 364 1842 ptissimos
392 1740 563 1813 dimicans
589 1741 744 1812 intactus
763 1749 936 1812 evaserat.
976 1737 1183 1839 Praecipue
1198 1741 1446 1829 Ptolemaeum

183 1856 287 1928 lae'vo
313 1851 462 1926 humero
494 1853 622 1924 leviter
647 1850 791 1948 quidem
824 1851 979 1941 saucius,
1016 1851 1085 1924 sed
1112 1853 1255 1927 maiore
1282 1852 1415 1951 periculo

184 1990 292 2063 quam
316 1965 465 2036 vulnere
492 1961 641 2034 affectus
648 2018 657 2052 ,
689 1961 783 2059 regis
811 1961 1087 2036 sollicitudinem
1116 1964 1156 2036 in
1184 1989 1226 2038 se
1253 1973 1415 2038 converte

185 2086 251 2149 rat.
291 2071 472 2172 Sanguine
498 2073 707 2145 coniunctus
735 2083 822 2164 erat,
848 2084 885 2146 et
911 2072 1058 2170 quidam
1076 2073 1251 2173 Philippo
1278 2076 1415 2175 genitum

185 2213 264 2263 esse
291 2185 502 2276 credebant,
538 2194 634 2257 certe
660 2184 784 2281 pellice
820 2186 894 2258 eius
921 2194 1042 2257 ortum
1076 2187 1287 2260 constabat.
1337 2185 1446 2258 ldemu

186 2299 344 2397 corporis
372 2307 502 2387 custos,
529 2295 886 2395 promptissimusque
911 2295 1075 2386 bellator,
1109 2307 1149 2369 et
1174 2299 1277 2395 pacis
1303 2298 1417 2371 artibus

187 2435 294 2510 quam
319 2408 465 2480 militiae
483 2408 598 2482 maior
624 2415 661 2479 et
686 2407 824 2498 clarior,
850 2406 990 2480 modico
1016 2409 1192 2506 civilique
1220 2411 1329 2500 cultu,
1351 2409 1418 2481 libe

185 2523 269 2597 ralis
295 2521 331 2593 in
357 2519 490 2617 primis,
517 2517 688 2616 adituque
713 2520 816 2609 facili,
842 2517 929 2590 nihil
955 2544 1002 2591 ex
1027 2521 1130 2593 fastu
1154 2521 1281 2620 regiae
1307 2544 1417 2594 assum·

187 2642 319 2736 pserat.
360 2628 418 2704 Ob
444 2629 533 2703 haec
559 2630 634 2728 regi
661 2655 707 2702 an
733 2628 964 2728 popularibus
991 2631 1111 2703 carior
1139 2643 1257 2723 esset,
1285 2630 1449 2705 dubitata

186 2754 345 2848 poterat,
371 2751 450 2815 tum
476 2751 572 2814 certe
598 2741 751 2839 primum
778 2750 947 2838 expertus
975 2767 1129 2814 suorum
1157 2745 1319 2835 animoa,
1348 2742 1417 2816 adeo

186 2869 229 2932 ut
254 2859 444 2945 fortunam,
471 2854 508 2925 in
535 2877 642 2950 quam
667 2863 793 2950 postea
820 2851 996 2941 ascendit,
1022 2853 1062 2925 in
1088 2854 1154 2926 illo
1183 2855 1343 2952 periculo
1364 2851 1418 2928 lla·

188 2969 341 3044 cedones
374 2965 522 3039 ominati
561 2990 640 3038 esse
672 2963 871 3037 videantur.
930 2959 1073 3062 Quippe
1113 2986 1194 3038 non
1230 2964 1447 3042 levioribus

185 3078 382 3156 Ptolemaei
407 3077 475 3150 fuit
500 3101 595 3165 cura,
623 3100 730 3173 quam
755 3076 866 3175 regis:
894 3074 954 3172 qui
980 3084 1017 3148 et
1043 3077 1190 3172 proelio
1219 3087 1259 3152 et
1280 3078 1418 3153 sollicitu-

189 3193 272 3266 dine
298 3191 468 3289 fatigatus
495 3214 577 3261 cum
589 3187 797 3261 Ptolemaeo
824 3185 1006 3276 assideret,
1032 3188 1177 3261 lectum
1204 3190 1246 3262 in
1274 3216 1343 3288 quo
1365 3191 1418 3288 ipse

191 3303 446 3399 acquiesceret,
479 3299 582 3372 iussit
607 3299 737 3371 inferri.
789 3297 831 3370 In
867 3320 971 3393 quem
1002 3307 1045 3369 ut
1072 3321 1114 3370 se
1143 3301 1306 3399 recepit,
1337 3290 1446 3394 proti-¹⁸

193 3439 262 3488 nus
289 3412 394 3487 altior
432 3413 614 3485 insecutus
655 3419 711 3483 est
743 3433 899 3481 somnus.
951 3405 1009 3479 Ex
1036 3433 1112 3505 quo
1143 3413 1346 3502 excitatus,
1376 3422 1420 3502 ptr

193 3525 347 3624 quietem
372 3521 505 3596 vidisse
532 3547 570 3595 se
597 3519 746 3617 exponit
771 3520 926 3617 speciem
951 3516 1122 3593 draconis
1153 3523 1337 3614 oblatam,
1366 3517 1420 3590 her·

189 3639 274 3711 bam
299 3634 444 3708 ferentis
468 3658 540 3725 ore,
566 3657 673 3730 quam
699 3632 828 3704 veneni
854 3627 1052 3704 remedium
1071 3657 1158 3706 esse
1186 3636 1420 3710 monstrasset

224 3845 288 3917 Cap.
308 3852 351 3912 38,
371 3849 396 3910 s.
414 3849 457 3896 23.
483 3845 606 3914 adituque
618 3842 713 3912 focile]
749 3839 793 3894 Sic
822 3859 875 3911 per
892 3842 999 3913 quietem
1018 3842 1120 3895 vidisse
1140 3862 1172 3898 ae
1191 3865 1206 3900 a
1228 3837 1420 3903 coemuranae,

188 3915 326 3979 meliores,
352 3916 429 3967 Voss.
451 3920 460 3962 l
485 3911 566 3964 Bern.
584 3911 609 3963 A
626 3911 697 3964 Flor.
718 3908 791 3962 ABC
827 3917 873 3964 aut
886 3927 936 3979 per
953 3909 1064 3980 quietem
1091 3912 1150 3966 aibi
1179 3933 1196 3968 o
1215 3919 1303 3972 ὶαιαηι
1319 3929 1367 3970 aare
1382 3919 1421 3977 n*

188 3984 265 4038 Mod.
282 3982 463 4045 membranae,
486 3978 532 4032 vul
551 3997 568 4033 o
578 3980 685 4049 facilis.
722 3978 793 4030 Tum
827 3981 891 4032 ciem
909 3977 1046 4044 droconis,
1076 3978 1154 4034 deut
1172 3983 1244 4040 alibi
1262 3984 1344 4053 dixit,
1363 3976 1420 4040 nal

188 4051 358 4187 aare
377 3997 792 4186 insinuabaris-1132
827 4048 1213 4184 {crassianae
1229 4053 1420 4178 remu·

736 4155 743 4167 ·
1191 4141 1218 4176 aa
1237 4143 1267 4178 aa
1414 4135 1421 4148 ·

183 4159 362 4257 soata'reqio.
386 4185 470 4255 Rapio
487 4135 634 4254 pertineret
651 4184 685 4237 ad
702 4200 792 4253 regem
829 4195 882 4238 tom
899 4200 955 4236 ease
968 4186 1156 4256 pronuntiat,
1178 4143 1305 4247 ioem18v
1338 4180 1421 4245 ulla

189 4255 371 4309 Alexandrum
401 4254 446 4306 vel
471 4252 637 4334 Philippum,
668 4252 694 4305 in
725 4270 791 4321 quos
826 4264 879 4306 lum
896 4269 952 4306 esse
964 4266 1015 4320 per
1032 4267 1166 4310 somnum
1181 4262 1241 4316 sibi
1258 4233 1364 4334 spadica
1372 4245 1422 4322 All?

189 4321 314 4391 privatim
331 4321 430 4376 crimen
447 4323 586 4391 superbiae
604 4340 656 4376 non
674 4320 752 4374 cadit.
826 4323 898 4375 linia.
924 4319 985 4373 Hoc
1001 4315 1091 4398 igitur
1110 4322 1180 4380 looo
1190 4338 1342 4404 utrmque
1357 4311 1422 4382 &aad

225 4393 247 4456 ᾗ.
266 4396 307 4443 26.
324 4393 434 4460 speciem
451 4393 575 4445 droconis
593 4392 715 4456 oblatum]
737 4388 791 4441 Re·
825 4389 959 4445 rationem
975 4389 1134 4447 coniunxit,

82 4472 85 4480 ¹
191 4455 352 4512 dundmtius
377 4457 457 4512 dixit:
484 4458 546 4513 satia
573 4457 644 4513 enim
668 4456 720 4512 suit
745 4465 792 4512 aut
