2926 5174
103 273 179 345 254
559 297 610 360 o.
639 297 764 348 curru
788 300 873 350 nm

102 488 189 567 erat,
216 476 386 552 arborum
410 492 557 554 truncos
585 490 622 553 et
648 505 737 555 saxa
763 484 1015 558 obmoliuntur.
1067 510 1137 561 xm
1162 489 1255 561 milia
1287 517 1330 564 ar-

101 605 199 666 mata
225 605 337 668 erant.
382 595 424 668 In
450 620 602 692 quorum
629 597 814 672 obsidione
842 596 991 672 Cratero
1017 599 1154 690 relicto,
1180 599 1256 698 ipse
1281 598 1366 674 Sars

101 706 321 779 tibarzanem
348 708 448 804 sequi
474 709 630 782 festinat.

51 820 99 891 23
203 816 253 890 Et
286 818 369 914 quia
402 819 543 918 longius
575 821 702 894 abesse
738 829 831 895 eum'
864 833 1102 921 cognoverat,
1147 822 1196 895 ad
1234 849 1333 922 expu-

99 927 264 1030 gnandos
298 954 375 1020 eos,
402 930 462 1027 qui
488 929 586 1004 edita
610 933 787 1004 montium
818 946 1097 1032 occupaverant,
1132 930 1237 1006 redit.
1288 934 1366 1006 Aen

99 1043 216 1140 primo
241 1043 427 1139 repurgari
453 1042 563 1132 iubet,
591 1043 757 1140 quicquid
783 1045 920 1142 ingredi
946 1057 1111 1143 possent:
1138 1043 1278 1136 deinde,
1302 1051 1338 1118 ut

101 1151 336 1226 occurrebant
360 1155 479 1229 inviae
506 1166 605 1228 cotes
631 1165 915 1252 praeruptaeque
940 1181 1066 1254 rupes,
1093 1156 1218 1230 irritus
1243 1157 1334 1229 labor

99 1266 291 1339 videbatur
317 1266 485 1344 obstante
511 1278 650 1341 natura
702 1265 781 1355 Ille,
808 1278 850 1340 ut
877 1277 955 1343 erat
980 1269 1089 1340 animi
1115 1291 1259 1365 semper
1284 1267 1332 1338 ob·
1345 1284 1366 1332 ιι

99 1379 267 1453 luctantis
295 1375 574 1469 difficultatibus,
594 1404 685 1451 cum·
701 1387 739 1450 et
763 1375 931 1476 progredi
958 1379 1121 1469 arduum,
1149 1389 1188 1451 et
1213 1378 1332 1451 reverti

88 1491 338 1587 ,periculosum
365 1501 471 1579 esset,
485 1492 655 1563 versabat
681 1514 720 1561 se
747 1489 793 1561 ad
820 1515 943 1564 omnes
970 1492 1219 1588 cogitationes,
1246 1487 1329 1562 aliud

101 1611 209 1698 atque
235 1601 348 1691 aliud,
386 1602 438 1673 ita
464 1610 506 1673 ut
531 1601 608 1673 fieri
635 1600 741 1689 solet,
777 1601 839 1673 ubi
864 1602 981 1698 prima
1007 1625 1171 1698 quaeque
1198 1601 1328 1673 damna·

99 1737 191 1803 mus,
218 1713 425 1786 subiiciente
452 1713 579 1784 animo.
632 1710 843 1801 Haesitanti,
870 1712 967 1807 quod
993 1713 1085 1785 ratio
1112 1739 1188 1785 non
1215 1712 1326 1809 potuit,

98 1823 243 1896 fortuna
270 1824 455 1896 consilium
482 1823 774 1895 subministravit.
814 1821 1017 1895 Vehemens
1044 1822 1228 1895 Favonius
1254 1831 1324 1911 erat
1337 1837 1357 1885 a

100 1944 136 2007 et
161 1936 312 2008 multam
337 1935 525 2006 materiam
551 1932 729 2005 ceciderat
755 1933 871 2021 miles,
898 1932 1035 2005 aditum
1061 1959 1129 2031 per
1155 1959 1245 2006 saxa
1268 1958 1325 2005 mo

99 2046 193 2119 litus.
252 2045 351 2118 Haec
383 2037 518 2142 vapore
559 2043 695 2117 torrida
728 2045 800 2116 iam
839 2045 1024 2116 inarserat.
1085 2043 1185 2142 Ergo
1221 2043 1324 2142 aggeri
1335 2058 1356 2106 22

99 2159 186 2229 alias
214 2157 361 2229 arbores
387 2157 497 2245 iubet,
525 2167 561 2229 et
586 2156 660 2253 igni
687 2155 763 2227 dari
790 2155 977 2230 alimenta:
1014 2157 1248 2254 celeriterque
1277 2155 1324 2227 sti·

98 2372 130 2409 ea
167 2373 209 2408 ars
218 2355 291 2426 rupis
300 2355 500 2425 significaretur,
521 2372 700 2426 quaeaccessu
735 2357 769 2408 ad
790 2370 849 2422 vn,
877 2363 909 2410 32
933 2357 1058 2425 quiequid
1086 2358 1119 2410 ab
1147 2359 1211 2410 urbe
1237 2357 1322 2425 lonpius

98 2374 182 2478 facilis
201 2433 283 2490 esset,
302 2423 375 2477 verbi
393 2441 471 2478 causa
489 2427 603 2478 (lecticis.
639 2424 700 2478 Aci·
728 2425 883 2494 proferrent
901 2438 984 2476 armo.
1016 2425 1089 2477 Male
1106 2425 1133 2477 h.
1154 2426 1170 2479 l.
1189 2425 1249 2478 libri
1265 2427 1322 2477 dete·

98 2492 182 2545 dalius
203 2499 232 2545 et
255 2492 379 2547 Heinsius
405 2510 459 2546 non
475 2492 565 2562 inepte
583 2492 701 2547 coniece-
734 2493 816 2546 riores
827 2501 905 2563 atque
917 2493 996 2544 etiarn
1005 2491 1078 2546 Flor.
1091 2492 1117 2546 G
1132 2496 1322 2564 inprediposset

94 2569 160 2615 runt
178 2578 229 2630 qua
247 2578 326 2630 rupes
344 2564 441 2628 deerat,
461 2569 488 2614 at
505 2570 596 2615 auctor
613 2570 701 2615 totum
770 2566 794 2627 S.
812 2567 854 2615 28.
889 2578 983 2630 υιῳονε
1002 2563 1104 2614 torrida
1123 2564 1177 2616 iam
1196 2560 1321 2630 inarserat]

97 2637 213 2683 montem
230 2630 310 2700 paulo
327 2637 388 2683 ante
406 2648 496 2752 rupem
514 2630 700 2751 appellaverat.
735 2630 823 2699 Vulgo
850 2633 951 2683 torrida
980 2632 1131 2696 inarserat,
1156 2633 1204 2684 sed
1220 2628 1321 2688 >materis

97 2697 233 2751 Acidalius
259 2707 394 2769 praeterea
419 2698 520 2752 aiecta
543 2699 589 2752 rla
613 2697 700 2752 conie-
735 2717 794 2752 cum
811 2699 862 2751 iarn
879 2698 979 2752 torrida
995 2697 1076 2750 fuisse
1094 2698 1212 2766 dicatur,
1248 2699 1322 2768 uipo·

95 2776 171 2822 stura
188 2785 240 2837 qua
258 2785 336 2848 rupes
354 2770 459 2823 sederat
481 2768 621 2837 legendum
638 2785 700 2821 con·
734 2775 787 2820 test
812 2785 881 2820 nune
908 2768 1012 2819 demum
1035 2769 1205 2822 inarescere?
1230 2718 1320 2820 (laudo

95 2836 188 2890 tendit.
213 2837 302 2890 Possis
319 2835 400 2889 etiam
418 2854 470 2905 qua
489 2854 567 2904 rupes
582 2838 699 2904 putebat,
733 2835 816 2904 igitur
845 2844 873 2888 et
903 2835 1000 2905 recipio
1028 2835 1123 2888 Sebisii
1152 2836 1193 2904 (in
1219 2833 1321 2889 Freimb.

82 2901 138 2958 'vel
155 2923 206 2974 qua
225 2923 304 2974 rupes
321 2907 395 2957 adiri
406 2914 521 2974 poterat,
540 2907 586 2957 sed
602 2903 700 2975 ancipi-
734 2904 932 2974 commentario)
957 2903 1168 2957 emendationem
1194 2907 1319 2967 inessent,

94 2982 136 3029 tes
154 2983 215 3027 sunt
232 2991 321 3028 omnes
340 2973 367 3026 hi
384 2972 507 3026 medendi
522 2981 639 3040 conatus,
654 2973 700 3026 ubi
734 2978 775 3026 cui
793 2990 845 3027 non
864 2975 940 3026 obest
956 2973 1028 3043 quod
1044 2990 1108 3025 mox
1126 2973 1246 3045 sequitur
1259 2972 1320 3026 undi-

95 3042 197 3096 codices
216 3042 371 3097 destituunt.
417 3076 420 3083 ·
734 3059 782 3121 qne
805 3043 875 3110 ipsis
903 3043 1019 3094 iniectus.
1065 3040 1198 3112 Coeperat
1228 3037 1322 3095 materis

97 3170 100 3176 ⁴
129 3117 153 3178 §.
173 3117 214 3164 25.
248 3113 284 3164 In
310 3130 419 3180 quorum
445 3111 588 3178 obsidione]
625 3110 699 3163 Haec
733 3127 790 3230 ppsa
807 3109 861 3162 sole
879 3110 1008 3163 calescere
1026 3118 1054 3162 et
1070 3110 1155 3180 magis
1173 3111 1252 3164 etiam
1265 3110 1321 3162 inar-

95 3188 136 3233 est
152 3179 231 3233 lectio
248 3179 311 3232 edit.
329 3179 453 3249 principis
480 3197 532 3248 qua
541 3180 625 3231 Aldus
640 3195 698 3231 cor·
752 3194 842 3230 escere
859 3180 975 3232 nondum
988 3179 1193 3233 tamenflamma
1202 3179 1321 3238 mutent.

93 3256 168 3301 recta
185 3247 269 3300 edidit
286 3251 385 3312 borum,
397 3247 475 3312 male,
485 3264 643 3317 quamquam
656 3265 699 3300 co·
733 3246 784 3299 alia
806 3247 916 3299 materia
939 3247 1087 3317 aggeritur,
1123 3255 1182 3300 tum
1207 3249 1275 3301 faces
1296 3243 1336 3297 td·

94 3315 165 3368 dices
183 3314 236 3369 eti
268 3324 418 3381 saecutus,
446 3331 537 3366 verum
555 3316 698 3369 deteriores
732 3314 881 3367 incendium
893 3316 1063 3369 excitandum
1078 3314 1240 3370 iniiciuntur.
1258 3311 1322 3380 Quod

42 3420 44 3425 ·
95 3383 179 3450 (Flor.
200 3383 227 3434 D
253 3382 318 3435 FHI
335 3384 416 3436 Bern.
434 3383 457 3434 B
476 3391 504 3435 et
522 3383 633 3437 fortasse
652 3383 697 3454 qui
731 3382 803 3436 Flor.
822 3383 848 3436 G
869 3384 949 3436 habet
971 3402 1067 3453 vapore
1086 3387 1187 3438 torrido
1206 3387 1259 3438 iam
1275 3386 1321 3436 inu-

93 3450 198 3504 illorum
215 3459 314 3504 sectam
336 3451 392 3504 sine
410 3451 464 3503 ulla
481 3453 638 3506 auctoritate
656 3469 697 3505 se·
732 3462 822 3504 rueret
843 3455 871 3519 (a
895 3470 948 3533 quo
971 3469 1005 3504 ne
1028 3452 1124 3524 reliqui
1149 3454 1255 3524 quidem
1275 3447 1321 3504 hbn'

95 3527 212 3590 quuntur
229 3518 287 3571 Pal.
308 3528 317 3570 1
339 3521 416 3573 Voss.
435 3522 472 3588 2.)
732 3519 872 3573 deteriores
903 3539 930 3573 ιιι
956 3537 987 3574 eo
1011 3523 1111 3574 abeunt
1156 3523 1210 3574 uod
1236 3520 1321 3574 torn'tb

129 3587 246 3658 Cap.23‚
266 3591 288 3659 ξ.
301 3594 342 3641 25.
360 3591 398 3642 Et
415 3591 477 3657 quio
493 3589 696 3657 lonqinsabesse
730 3589 842 3652 habent,
894 3606 1032 3660 uamquam
1057 3589 1086 3642 in
1111 3589 1128 3641 i·
1161 3607 1204 3642 em
1230 3593 1323 3643 amau

93 3658 163 3728 eum]
200 3656 274 3710 Nota
297 3667 321 3710 et
347 3657 397 3711 dici
420 3675 471 3727 pro
495 3673 527 3710 eo
551 3657 623 3727 quod
640 3673 697 3709 esse
730 3656 840 3726 legitur)
858 3607 962 3726 placere
979 3666 1084 3727 posset,
1111 3657 1133 3710 si
1205 3676 1265 3711 uam
1280 3666 1321 3709 tor·

92 3733 198 3798 poterat
226 3729 280 3779 sed.
321 3727 391 3779 Tum
413 3725 492 3795 vulgo
519 3743 575 3778 eum
600 3727 697 3790 abesse,
731 3728 806 3779 rides
825 3743 901 3778 sensu
918 3726 1005 3779 activo
1022 3745 1071 3797 pro
1089 3743 1120 3780 eo
1138 3744 1175 3797 qu
1228 3733 1321 3779 esttor·

94 3801 135 3864 (ut
152 3795 223 3849 Flor.
233 3795 285 3848 ΕΗ
303 3796 383 3850 Bern.
401 3797 448 3862 B),
467 3812 514 3848 nos
530 3793 652 3846 meliores
669 3801 697 3850 et
729 3811 803 3861 rens,
835 3794 1021 3862 torrefaciens,
1053 3795 1196 3848 diceretur.
1236 3793 1319 3873 Itaque

91 3865 181 3937 plures
200 3865 275 3918 codd.
294 3865 376 3920 secuti
394 3882 490 3918 sumus.
732 3880 792 3916 cum
810 3865 910 3917 torrida
929 3882 982 3917 non
994 3863 1077 3935 possit
1091 3881 1146 3918 non
1155 3864 1189 3916 ad
1200 3871 1321 3916 materiem

127 3937 150 4002 ς.
169 3940 210 3988 26.
247 3936 372 4003 quicquid
393 3934 498 4002 inpredi
515 3941 624 4011 possent
646 3949 696 4002 pro
730 3931 822 3986 referri
851 3937 893 3997 (ut
918 3931 978 3985 libri
1006 3932 1163 4002 integriores
1185 3930 1318 4002 postibut)

92 4018 264 4124 quacunque,
292 4021 311 4055 s.
339 4018 476 4123 quousque
500 4002 600 4053 drotum
623 4008 697 4053 recte
731 4000 796 4054 nihil
822 4001 893 4054 aliud
922 4010 1041 4071 superest
1067 4001 1118 4054 nisi
1146 4008 1177 4054 ut
1200 4001 1320 4077 inarserat

92 4071 186 4141 accipit
217 4070 406 4137 *reinshemiua
448 4068 529 4122 ivium
546 4086 699 4138 comparans
733 4069 900 4140 corrigamus.
925 4069 1049 4123 Ceterum
1058 4071 1112 4123 iam
1121 4068 1210 4122 addidi
1219 4078 1318 4122 ommlm

92 4137 137 4191 lib.
155 4154 225 4205 vm,
252 4147 285 4193 39
311 4142 436 4209 quicquid
448 4139 696 4208 proprede'ebontar‚
732 4139 858 4192 librorum
880 4156 940 4191 mss.
958 4154 1076 4191 meorum
1095 4147 1123 4191 et
1142 4137 1316 4192 Snamuete

91 4209 174 4276 mapis
192 4210 327 4278 saepesque
345 4210 462 4262 turbatos
487 4210 572 4259 hostes
591 4237 625 4244 —
642 4224 698 4257 cer·
731 4208 820 4272 ritate,
831 4208 858 4260 in
867 4206 1040 4260 deterioribus
1057 4225 1112 4260 non
1130 4205 1247 4269 iamed
1261 4203 1315 4255 inse

92 4276 195 4329 nebunt.
230 4277 270 4330 1d.
300 4276 345 4329 lib.
373 4291 482 4342 xxxrv,
511 4281 543 4328 62
572 4275 699 4354 quicquid
732 4276 835 4347 quentis
844 4275 918 4328 verbi
934 4274 1018 4346 prima
1035 4275 1136 4345 syllaba
1154 4279 1180 4327 in
1194 4269 1313 4344 premitur·

92 4342 207 4411 Byrsam
226 4347 311 4397 sedem
329 4363 404 4398 snam
422 4345 580 4397 excesserint
612 4361 636 4394 vs
655 4352 695 4395 ot·
766 4348 788 4413 §-
811 4352 853 4399 29.
894 4347 952 4413 ipsi
978 4346 1039 4397 deri
1068 4346 1202 4410 alimenta]
1242 4339 1314 4417 3222)

94 4427 142 4477 que
159 4413 260 4465 iniuria
272 4423 381 4481 partam
399 4415 501 4466 labem.
527 4411 568 4466 Cf.
604 4429 695 4466 ronov.
730 4414 767 4469 sic
798 4414 940 4469 secundum
970 4412 1094 4466 Aldinam
1123 4411 1202 4482 vulgo
1231 4408 1311 4466 editur,
