2926 5174
137 305 210 377 190
614 323 648 386 o.
676 323 800 375 cuarn
824 324 910 375 aum

132 507 278 605 ancipiti
312 505 407 577 malo
439 507 617 602 oppressi,
649 507 880 580 memorabile
905 517 1028 580 tamen
1053 508 1230 606 proelium
1255 507 1355 583 edunt

131 617 183 692 Ut
209 618 346 715 opinor,
372 617 555 714 ignaviam
579 642 722 715 quoque
753 619 948 692 necessitas
974 620 1088 711 acuit,
1121 630 1159 694 et
1186 644 1291 717 saepe
1314 620 1355 694 de

132 730 289 827 speratio
316 729 393 826 spei
419 753 528 801 causa
556 738 620 802 est.
665 726 762 801 Nudi
789 730 1118 827 complectebantur
1146 741 1311 822 armatos,
1334 758 1355 805 e⁴

130 841 269 939 ingenti
295 866 487 939 corporum
512 840 608 913 mole
634 865 756 913 secum
782 839 830 912 ad
856 850 990 914 terram
1016 841 1260 933 detrahentes,
1284 845 1354 941 ipso

130 978 212 1026 rum
253 953 333 1025 telis
376 952 567 1049 plerosque
604 950 798 1024 fodiebant.
857 950 1120 1026 Ariobarzanes
1153 962 1292 1043 tamen,
1322 977 1355 1025 Χ]

130 1066 243 1138 ferme
279 1062 457 1159 equitibus
489 1072 526 1135 et
558 1062 715 1160 quinque
747 1062 889 1135 milibus
915 1063 1076 1161 peditum
1103 1065 1276 1162 stipatuS,
1309 1091 1355 1163 per

129 1174 286 1248 mediam
317 1174 430 1246 aciem
461 1170 700 1245 Macedonum
734 1197 817 1246 cum
851 1176 965 1247 multo
997 1200 1148 1247 suorum
1179 1185 1287 1273 atque
1310 1177 1355 1248 ho·

129 1287 238 1359 stium
265 1284 437 1382 sanguine
469 1284 605 1380 erupit,
637 1282 858 1382 Persepolim
888 1286 1031 1377 urbem,
1066 1296 1178 1386 caput
1213 1288 1355 1385 regionis,

129 1422 305 1496 occupare
330 1395 514 1470 festinans.
568 1391 641 1467 Sed
667 1420 690 1467 a
715 1393 923 1468 custodibus
955 1398 1054 1470 urbis
1082 1399 1252 1471 exclusus
1259 1455 1268 1490 ,
1293 1424 1353 1471 con·

128 1509 261 1583 secutis
288 1516 433 1578 strenue
459 1505 639 1595 hostibus,
672 1530 754 1579 cum
781 1506 946 1580 omnibus
972 1508 1079 1606 fugae
1106 1511 1293 1583 comitibus
1314 1535 1351 1582 re

127 1629 264 1692 novato
297 1617 433 1715 proelio
476 1615 612 1689 cecidit.
675 1613 844 1689 Craterus
877 1643 1034 1715 quoqua
1066 1621 1203 1718 raptim
1238 1621 1350 1720 agmine

128 1739 221 1819 acto,
250 1728 468 1825 supervenit.

79 1842 125 1913 17
231 1840 312 1914 Rex
338 1838 468 1911 eodem
493 1840 589 1928 loce,
616 1864 688 1935 quo
721 1839 880 1911 hostium
912 1839 1033 1937 copias
1059 1841 1223 1932 fuderat,
1259 1850 1347 1914 castra

33 1991 36 1997 ·
127 1951 333 2025 communit.
388 1947 613 2045 Quamquam
648 1949 743 2022 enim
773 1949 946 2046 undique
965 1951 1080 2048 fugati
1112 1953 1240 2025 hostes
1264 1952 1346 2024 victo

126 2064 218 2136 riam
254 2071 521 2150 concesserant,
558 2070 680 2133 tamen
714 2061 895 2157 praealtae
930 2063 1217 2161 praecipitesque
1250 2065 1346 2150 fossae,

125 2172 288 2272 pluribus
314 2172 400 2245 locis
428 2172 599 2262 obiectae,
626 2172 846 2270 abruperant
870 2171 948 2262 iter,
975 2173 1182 2271 sensimque
1210 2185 1247 2248 et
1270 2180 1345 2246 caua

128 2282 435 2382 progrediundum
462 2293 550 2373 erat,
576 2283 648 2355 iam
673 2308 747 2355 non
772 2282 941 2373 hostium,
969 2283 1033 2363 sed
1059 2284 1226 2358 locorum
1251 2280 1345 2357 fraude

129 2404 306 2492 suspecta.
358 2394 572 2468 Procedenti
604 2395 637 2467 ei
662 2394 803 2466 litterae
838 2393 1037 2466 redduntur
1063 2421 1086 2467 a
1112 2394 1287 2486 Tiridate,
1307 2416 1345 2466 eu-

129 2505 234 2578 stode
259 2508 430 2603 pecuniae
457 2507 591 2603 regiae,
623 2504 837 2595 indicantes,
871 2530 932 2577 eos
939 2561 948 2597 ,
975 2505 1098 2601 quiin
1126 2507 1219 2580 urbe
1246 2512 1344 2589 essent,

129 2616 252 2690 audito
292 2618 366 2691 eius
405 2615 583 2705 adventu,
627 2614 781 2713 diripere
823 2615 915 2689 velle
956 2616 1147 2689 thesauros
1195 2616 1344 2689 dimissos:

126 2860 242 2922 utroque
264 2852 334 2923 apud
358 2849 598 2920 Snakenburgium.
633 2848 734 2929 Vulga·
803 2849 918 2917 dimpere
928 2852 990 2903 velle
999 2853 1136 2904 thesauros
1147 2854 1280 2906 disiisset:
1289 2864 1344 2919 prop·

126 2928 185 2974 tum
208 2938 268 2990 erpo
294 2922 408 2999 undique
425 2919 454 2972 in
470 2919 551 2972 Bern.
569 2919 596 2971 A
613 2925 642 2971 et
658 2917 733 2971 Leid.
768 2920 904 2986 occupare]
923 2917 1032 2989 Duplex
1047 2926 1088 2971 est
1096 2920 1220 2973 codicum
1235 2919 1344 2990 scriptun:

126 2988 262 3042 inventum
280 2996 336 3055 est,
355 3007 376 3041 sr
393 2989 458 3040 fides
476 2986 621 3040 silentibus.
767 2985 899 3038 unaenim
906 3005 968 3055 pars
977 2987 1039 3040 alias
1054 2987 1189 3058 integrior
1203 2987 1344 3057 (Laevos

161 3062 184 3126 §-
202 3065 243 3112 33.
270 3058 324 3110 XL
335 3057 424 3126 serrae
442 3057 592 3175 ean'tilmsfll
608 3055 639 3107 X
644 3057 733 3123 ferme
769 3062 781 3107 1
801 3054 917 3107 BeraA
934 3055 1007 3109 Flor.
1016 3056 1102 3122 Assc)
1123 3055 1343 3125 eroduntque

125 3128 203 3195 equit.
238 3127 319 3179 Bern.
345 3125 369 3178 B
393 3125 465 3177 Flor.
488 3123 563 3177 DEF

127 3195 202 3263 quod
218 3194 345 3247 volebant
371 3192 480 3245 intelli'
509 3195 594 3245 decem
617 3193 732 3258 milibus,
767 3201 806 3244 ret
839 3208 966 3259 occupare
997 3196 1133 3247 thesauros
1167 3198 1291 3248 diraissos.
1323 3188 1344 3241 1⁰

125 3269 157 3314 ut
174 3261 255 3314 etiam
272 3262 300 3314 in
317 3260 389 3315 Flor.
408 3261 434 3314 G
470 3262 503 3313 'L
523 3277 583 3312 cum
600 3267 665 3313 nota
682 3278 732 3313 nu·
767 3259 861 3330 quibus
884 3261 972 3315 verbis
991 3265 1126 3315 thesanres
1145 3281 1176 3316 re
1211 3264 1272 3317 titos
1288 3272 1342 3314 nant

125 3329 192 3382 meri
209 3329 349 3382 millenarii
366 3337 498 3382 exaratur.
533 3328 652 3394 Frustra,
670 3346 732 3381 nam
764 3328 867 3395 tulerit,
893 3328 984 3399 itaque
1002 3330 1106 3384 Medius
1126 3341 1155 3384 et
1197 3332 1286 3386 reinsh.
1301 3331 1343 3381 rte.

126 3397 299 3450 Ariobarzani
323 3397 399 3450 initio
417 3413 523 3468 pugnae
540 3396 620 3450 fuisse
629 3396 731 3450 Diodo·
766 3399 888 3451 dimissos
907 3398 1084 3465 sustulerunt,
1112 3416 1199 3471 eaque
1222 3401 1287 3469 vulg.
1301 3392 1343 3449 sni·

125 3482 171 3518 rus
197 3465 451 3545 traditltreoentos,
477 3465 606 3518 Arrianus
632 3465 731 3535 septin-
765 3474 846 3536 ptura
869 3465 942 3519 facta
964 3475 1005 3520 est
1032 3485 1112 3547 quam
1138 3485 1191 3538 ego
1213 3461 1343 3590 quoqueir

125 3539 223 3602 gentos
240 3541 341 3603 equites
359 3551 502 3587 umversos.
764 3534 854 3604 priore
871 3534 935 3587 edit.
953 3553 1061 3589 servam.
1093 3540 1195 3590 Verum
1212 3548 1289 3591 atera

162 3600 227 3670 Cap.
238 3609 280 3669 17,
297 3605 319 3669 §.
332 3609 354 3654 1.
373 3612 462 3655 costra
472 3604 620 3669 communit]
639 3601 730 3672 Vulgo
765 3602 883 3656 codicum
908 3603 999 3657 Pall
1028 3608 1104 3658 Voss.
1124 3613 1139 3659 2
1159 3606 1277 3659 Bern.B
1311 3601 1342 3652 ¹⁰1·

144 3677 268 3739 ostquam
285 3669 375 3723 Iunius
392 3686 426 3722 ex
444 3671 502 3724 cod.
531 3669 597 3721 ualis
610 3670 730 3724 estFlor.
764 3671 881 3724 DEFHI
898 3672 1008 3726 exhibet
1025 3675 1141 3741 diripere
1158 3678 1222 3728 velle
1236 3678 1341 3727 terrare

123 3687 207 3793 heic
224 3739 306 3806 dedit,
325 3741 497 3792 communivit.
546 3737 627 3807 eliqui
639 3747 730 3791 tamen
765 3742 895 3805 dimissos,
913 3741 979 3794 nihil
996 3749 1134 3812 praeterea
1151 3750 1180 3795 et
1197 3740 1341 3797 ominare

123 3823 215 3863 omnes
233 3810 378 3861 communit.
763 3809 804 3862 bis
815 3820 973 3878 properaret
991 3828 1126 3878 occepere.
1159 3811 1236 3866 Unus
1252 3798 1340 3880 Flauii

154 3879 381 3945 progrediundum
409 3879 475 3943 erat]
525 3874 571 3928 Sic
601 3875 681 3928 Bern.
704 3876 730 3928 A
763 3884 902 3947 utramque
928 3877 1083 3948 scripturam
1100 3878 1139 3932 sic
1156 3878 1297 3948 coniungit:
1314 3873 1339 3925 dt·

122 3944 195 3998 Flor.
218 3946 241 3998 B
265 3954 294 3999 et
316 3947 344 3998 A
374 3947 407 3998 ab
434 3945 518 3998 altera
545 3943 592 3995 sed
605 3943 731 4021 ..antiqua
763 3948 850 4014 ripere
876 3949 939 3999 cette
957 3950 1019 4002 thes.
1040 3949 1177 4015 dimissos,
1196 3966 1257 4017 quos
1268 3954 1338 4021 propt·

122 4031 211 4066 manu.
256 4015 332 4066 Idem
367 4012 395 4066 in
426 4012 622 4080 Snakenburgu
656 4011 729 4065 libris
764 4025 837 4067 roret
863 4032 997 4083 occupare.
1042 4016 1118 4079 Quae
1150 4034 1212 4070 cum
1239 4016 1274 4068 ite
1295 4012 1337 4068 snt

122 4081 271 4134 melioribus
280 4082 360 4135 fuisse
372 4089 450 4152 puto,
469 4078 594 4151 quoniam
602 4078 630 4130 in
639 4079 731 4133 variet.
766 4082 850 4136 omnis
876 4083 938 4137 olim
963 4083 1082 4137 confusio
1098 4084 1164 4138 mihi
1183 4080 1337 4154 quidenna

122 4148 243 4202 lectionis
252 4150 333 4204 MSS.
343 4150 370 4202 in
384 4149 535 4202 universum
548 4147 622 4202 citat.
640 4148 731 4218 Vulgo
764 4151 871 4204 videtur
888 4152 1027 4205 omissione
1043 4153 1119 4205 verbi
1136 4155 1267 4219 dimissos,
1287 4139 1336 4216 <111⁰d

117 4221 342 4287 proprediendum
360 4229 424 4271 eret.
764 4237 824 4274 eum
840 4220 868 4272 in
885 4220 942 4273 aliis
960 4220 1012 4273 alio
1030 4220 1088 4275 loeo
1106 4223 1249 4274 adderetur
1263 4212 1334 4285 ruse

158 4288 181 4352 §-
200 4290 224 4338 2.
260 4290 365 4340 custode
377 4289 523 4355 perennior
547 4290 648 4360 regiae]
685 4287 730 4342 Sic
764 4289 893 4358 scriptura
919 4288 1017 4342 extitit.
1053 4288 1217 4343 Conciliandi
1234 4286 1333 4358 neonem

124 4369 215 4406 omnes
243 4354 328 4407 nostri
355 4356 431 4408 codd.
456 4363 484 4408 et
509 4355 584 4410 Leid.
609 4359 688 4412 Voss.
714 4365 726 4410 1
763 4374 821 4409 eam
840 4375 918 4427 quam
936 4357 1006 4410 Flor.
1026 4356 1051 4411 G
1068 4357 1128 4411 iniit
1144 4358 1222 4429 paulo
1239 4351 1331 4409 artificlt·

125 4434 186 4474 cum
202 4422 277 4476 Mod.
296 4441 345 4493 pro
363 4423 435 4493 vulg.
454 4425 544 4492 rapine
555 4429 694 4493 pecuniae.
762 4425 858 4479 sionem
884 4425 1014 4480 existimo.
1049 4425 1121 4481 Satis
1143 4426 1245 4481 videtin
1258 4428 1329 4474 utrm

594 3123 606 3175 I
630 3123 688 3175 Pal.
708 3132 732 3189 1,
767 3123 849 3176 habet
867 3125 982 3192 dirrpere
1000 3127 1062 3178 velle
1076 3127 1233 3192 thesauram
1244 3138 1343 3195 propere·
