2926 5174
103 273 174 346 506
336 255 340 260 ⁵
568 296 603 360 Q.
631 296 754 347 curm
778 297 862 348 aum

100 489 174 551 tam
200 477 349 550 viridem
382 490 419 552 et
449 480 486 552 in
512 481 600 552 flore
633 481 760 553 aetatis
792 482 1034 578 fortunaeque
1068 484 1210 557 invidia
1236 485 1315 559 deun

100 600 262 687 ereptum
288 615 366 663 esse
392 592 499 664 rebus
525 591 698 664 humanis.
737 590 849 688 Vigor
875 593 952 664 eius
980 604 1021 666 et
1043 596 1172 667 vultus
1198 595 1316 670 educen-

100 700 146 772 tis
171 700 208 771 in
235 702 408 797 proelium
435 704 582 792 milites,
610 701 804 775 obsidentis
832 702 960 793 urbae,
988 704 1184 778 evadentis
1208 708 1241 779 in
1262 734 1317 780 mu-

98 835 175 901 ros,
209 811 320 883 sortes
347 813 442 884 viros
470 839 536 910 pro
562 814 727 886 contione
759 812 924 886 donantis
953 816 1200 890 occurrebant
1223 820 1318 891 oculis.

98 921 189 994 Tum
211 920 424 994 Macedones
451 922 590 995 divinos
616 925 770 998 honores
795 949 946 1022 negasse
965 927 1008 998 ei
1036 929 1252 1024 poenitebat,
1272 930 1319 1000 im·
1332 951 1350 994 n

99 1034 247 1131 piosque
274 1044 310 1105 et
335 1034 494 1130 ingratos
520 1034 630 1107 fuisse
657 1060 695 1107 se
714 1035 988 1127 confitebantur,
1017 1038 1121 1134 quod
1148 1065 1247 1112 aures
1262 1041 1320 1112 eius

98 1143 219 1217 debita
244 1146 482 1242 appellatione
507 1145 743 1218 fraudassent

51 1255 95 1326 16
199 1254 354 1328 Etcum
388 1254 448 1327 diu
486 1282 580 1328 nunc
619 1257 656 1328 in
683 1258 927 1349 veneratione,
968 1285 1070 1333 nunc
1103 1261 1143 1333 in
1169 1259 1321 1334 desiderio

98 1366 190 1463 regis
217 1366 431 1456 haesissent,
467 1368 504 1438 in
530 1369 626 1465 ipsos
654 1393 759 1441 versa
790 1369 974 1441 miseratio
1010 1383 1080 1444 est
1135 1371 1352 1468 Macedonian

97 1476 246 1573 profecti
279 1478 372 1549 ultra
397 1476 605 1575 Euphraten
639 1480 675 1550 in
707 1478 831 1553 mediis
862 1480 1031 1553 hostibus
1065 1507 1207 1556 novum
1235 1483 1322 1580 impe·

96 1588 188 1659 rium
215 1588 486 1686 aspernantibus
512 1587 703 1663 destitutos
729 1615 768 1662 se
794 1614 871 1663 esse
895 1593 1114 1682 cernebant3
1145 1595 1221 1667 sine
1244 1605 1321 1692 certo

98 1698 190 1794 regis
236 1698 368 1771 herede
407 1699 567 1797 publicas
605 1702 700 1774 vires
741 1699 788 1772 ad
832 1727 871 1774 se
910 1726 1095 1798 quomque
1135 1715 1322 1778 tracturum.

96 1807 196 1881 Bella
221 1808 348 1882 deinde
375 1811 499 1899 civilia,
527 1836 617 1908 quae
643 1823 765 1885 secuta
787 1824 879 1902 sunt,
906 1813 1094 1886 mentibus
1118 1815 1321 1914 auguraban·
1333 1832 1351 1878 1³

97 1929 170 1991 tur:
197 1922 341 2010 iterum,
376 1947 450 1994 non
476 1921 521 1994 de
547 1948 657 2020 regno
684 1922 810 2013 Asiae,
845 1922 909 1995 sed
936 1923 983 1996 de
1010 1949 1118 2024 rege,
1151 1928 1237 2025 ipsis
1260 1952 1321 1998 san·

95 2032 238 2126 guinem
258 2057 343 2105 esse
368 2031 605 2123 fundendum3
640 2034 743 2106 novis
768 2033 975 2105 vulneribus
1005 2047 1155 2110 veteres
1182 2063 1322 2136 rumpen-

97 2140 161 2213 das
189 2143 383 2233 cioatrices3
411 2170 523 2235 seneS,
550 2143 694 2234 debiles,
720 2142 828 2218 modo
853 2144 968 2242 petita
993 2146 1171 2224 missione
1198 2175 1220 2222 a
1242 2151 1318 2221 iusto
1330 2167 1350 2212 14

95 2278 195 2350 rege,
235 2279 330 2326 nuno
356 2257 547 2329 morituros
573 2281 638 2352 pro
672 2255 833 2353 potentia
858 2255 1012 2327 forsitan
1041 2261 1212 2332 satellitis
1237 2261 1321 2332 alicu

95 2365 149 2435 ius
176 2365 349 2460 ignobilis.
401 2366 477 2440 Has
503 2366 735 2464 cogitationes
761 2366 990 2439 volventibus
1013 2369 1319 2469 noxsupervenit,
1333 2382 1350 2428 1⁵

95 2489 338 2570 terroremque
364 2479 474 2549 auxit.
526 2477 656 2550 Milites
688 2479 725 2549 in
760 2477 866 2549 armis
898 2477 1123 2574 vigilabant;
1157 2478 1320 2579 Babylonii

95 2584 184 2656 alius
212 2611 231 2656 e
257 2586 377 2675 muris,
404 2590 493 2660 alius
520 2588 670 2660 culmine
696 2589 751 2660 sui
769 2589 915 2685 quisque
941 2590 1032 2660 tecti
1051 2592 1320 2689 prospectabant,

95 2697 195 2791 quasi
222 2699 374 2770 certiora
399 2701 519 2772 visuri.
559 2697 632 2772 Nec
659 2700 843 2795 quisquam
869 2699 1006 2770 lumina
1028 2702 1194 2776 audebat
1219 2713 1347 2775 accen-¹6

128 2903 149 2964 §.
170 2904 210 2951 10.
230 2902 415 3019 promotione
431 2903 562 2968 donantis]
590 2899 695 2953 Omissa
728 2902 785 2952 siue
810 2901 903 2951 herede
928 2901 1006 2965 repat
1036 2880 1237 2974 interpretandi
1259 2914 1319 2954 causa

93 2965 190 3018 lineola
207 2966 280 3021 For.
295 2968 344 3021 AB
362 2968 436 3021 Leid.
454 2972 528 3021 Voss.
541 2977 550 3021 1
572 2968 652 3020 Bern.
669 2972 694 3021 A
728 2967 771 3020 vel
783 2975 906 3036 tanquam
919 2966 1072 3021 variantem
1088 2970 1228 3026 lectionem
1242 2964 1319 3024 adscri-

94 3037 206 3088 donatis.
240 3036 324 3088 Iidem
339 3038 429 3089 addita
445 3037 499 3102 illa,
517 3037 561 3090 ubi
575 3055 628 3090 non
649 3037 695 3087 dc·
728 3044 802 3106 ptam
821 3051 924 3100 censeo,
943 3053 1007 3088 nam
1024 3037 1055 3089 in
1074 3037 1153 3093 libris
1163 3040 1232 3094 Flor.
1240 3033 1320 3092 EFGH

93 3104 187 3170 bebat,
206 3104 283 3173 paulo
300 3107 555 3174 postmomodum,
579 3114 607 3157 et
623 3104 694 3158 Flor.
729 3108 828 3156 Vosa2
847 3102 959 3155 Bern.B
978 3113 1089 3160 mutato
1107 3108 1170 3163 loco
1185 3112 1238 3162 siue
1248 3105 1319 3159 herede

92 3171 168 3223 ΕΒΗ
185 3173 298 3225 Bern.B
317 3177 413 3226 dilatos
432 3191 486 3226 esse
503 3191 553 3242 pro
572 3191 604 3225 eo
622 3174 695 3243 quod
729 3175 804 3241 repat
824 3174 879 3223 sine
905 3181 975 3224 certo
1003 3177 1079 3252 repis
1106 3179 1201 3230 herede
1220 3175 1319 3246 publicu

93 3248 133 3291 est
150 3258 268 3308 aeposse.
728 3240 869 3293 invenitur.
924 3239 986 3292 Nec
1014 3243 1127 3296 indetur
1158 3256 1241 3299 certus
1263 3245 1318 3296 lou

128 3306 192 3375 Cap.
213 3315 253 3372 16,
272 3311 294 3377 5.
315 3317 353 3362 12.
380 3312 408 3363 in
426 3311 519 3362 mediis
536 3311 694 3362 hostibus-
728 3307 863 3361 librarium
880 3325 982 3376 sapere.
1147 3359 1153 3375 Ι

93 3377 239 3444 destitutos]
274 3378 373 3430 Addidi
400 3379 432 3430 de
450 3383 601 3431 coniectura
618 3394 696 3447 prae·
764 3380 787 3445 §.
806 3383 845 3429 15.
880 3377 1107 3447 cammaris,
1132 3383 1204 3435 alius
1220 3375 1317 3443 aava]

129 3442 251 3495 sitionem
268 3446 390 3512 proxima
407 3447 495 3499 littera
510 3446 538 3499 in
548 3447 623 3499 codd.
634 3464 693 3498 mss.
727 3445 818 3497 Iunius
840 3460 951 3513 eumque
973 3447 1133 3516 exprimens
1150 3449 1253 3504 Medius
1266 3445 1317 3498 atu

92 3461 214 3564 iiustam
232 3512 296 3577 (vid.
306 3514 363 3567 Ind.
375 3533 394 3567 s.
404 3534 429 3567 v.
447 3518 543 3581 litter),
563 3515 624 3586 quia
638 3513 694 3566 sina
728 3515 867 3566 eculmtne
884 3511 1066 3581 scripserunt,
1092 3535 1161 3588 quos
1184 3527 1212 3570 at
1227 3516 1275 3588 ipsc
1288 3527 1317 3564 se·
1360 3560 1362 3567 ,

92 3597 124 3632 ea
149 3581 306 3634 sententiam
328 3601 381 3636 non
409 3583 510 3635 absolvi
536 3582 692 3649 arbitrabar,
728 3589 804 3635 cutus
821 3598 878 3634 sum
895 3580 984 3650 priore
1003 3583 1136 3639 editione.
1168 3586 1244 3639 Nunc
1257 3581 1317 3635 libro·

92 3657 123 3702 ut
141 3647 350 3718 significarentur
367 3650 486 3704 derelicti
502 3650 530 3703 in
542 3651 628 3705 medio
645 3652 694 3704 ho·
727 3668 786 3704 rum
811 3667 871 3702 mss.
898 3648 1061 3718 scripturam
1091 3655 1223 3718 defendo,
1246 3662 1317 3718 aqut

91 3719 179 3772 stium.
215 3717 251 3770 Su
271 3736 300 3771 ra
318 3733 386 3784 vm,
411 3727 459 3786 16,
486 3725 516 3772 2⁷
536 3719 601 3772 item
617 3735 693 3790 prae-
727 3736 781 3771 non
797 3716 937 3770 discedunt
947 3716 999 3769 nisi
1009 3718 1085 3774 Flor.
1096 3721 1150 3787 DI,
1188 3722 1241 3776 nod
1254 3717 1316 3771 etim

91 3785 190 3857 positio
208 3737 328 3840 adddnda
349 3788 414 3854 fuit,
440 3806 499 3841 cnm
520 3787 600 3856 vulgo
625 3795 694 3840 esset
727 3789 809 3839 muris
827 3785 882 3838 sine
891 3787 1097 3855 praepositione
1107 3791 1173 3843 oxhr
1208 3797 1243 3842 ut.
1264 3785 1316 3863 Num

91 3857 231 3908 rexmedio
245 3858 395 3925 cupiditatis
409 3860 504 3926 ardore
517 3858 694 3926 iussttofferri
727 3856 798 3926 quod
815 3853 898 3906 tradit
915 3852 998 3906 snak.
1020 3855 1070 3909 illo
1089 3857 1150 3912 loco
1168 3855 1316 3978 praeposito·

87 3926 177 3993 potrio
195 3941 265 3976 more
278 3942 384 3993 panem.
727 3941 787 3976 nem
803 3923 893 3975 abesse
910 3921 1007 3974 aFlor.
1027 3923 1164 3992 (Heinsii)
1179 3926 1227 3980 Lei
1258 3925 1316 3974 vna

126 3993 184 4044 sine
201 4002 269 4044 certo
287 3995 357 4061 repis
380 3995 472 4046 herede
483 3993 606 4062 publicus
623 3994 692 4045 vires
729 4001 740 4043 l
761 3991 830 4044 Dan.
848 3989 904 4042 Pal.
924 3996 948 4054 1,
966 3989 1002 4069 do
1019 3991 1083 4045 Pal.
1104 4002 1118 4046 1
1137 3989 1316 4066 perpetuatae

92 4063 130 4111 od
145 4075 173 4110 se
199 4077 321 4131 quemque
338 4065 491 4129 tracturum]
527 4059 617 4129 Vulgo
638 4060 693 4113 edi·
727 4056 912 4113 FlorentiniF
929 4066 1028 4110 comrte
1046 4077 1145 4115 vorum
1162 4079 1222 4116 essa
1237 4066 1315 4132 potati·

91 4133 140 4178 tur.
154 4128 210 4178 siae
228 4139 296 4181 certo
314 4132 383 4198 repis
401 4132 505 4196 herede,
528 4131 585 4182 sine
601 4131 693 4181 haedo
727 4129 761 4180 de
786 4124 971 4197 integrioribus
1000 4125 1054 4180 illis
1078 4147 1176 4183 verum
1203 4145 1258 4183 esso
1277 4139 1316 4201 ΜΡ

92 4195 167 4262 requi
179 4195 298 4263 publicos
315 4202 384 4251 vires
401 4200 439 4249 od
454 4215 482 4250 se
499 4213 621 4267 quemque
638 4206 692 4248 tra·
726 4195 847 4261 videtur,
874 4192 935 4265 quia
959 4191 1028 4247 nihil
1056 4196 1191 4252 eiusmodi
1215 4214 1249 4250 ex
1268 4205 1316 4248 mul

93 4270 204 4324 ctorem,
232 4266 303 4332 quod
325 4283 342 4317 a
360 4265 454 4319 Curtio
471 4267 616 4336 profectum
634 4281 691 4317 esse
726 4264 797 4318 Flor.
823 4278 873 4316 nec
897 4278 929 4314 ex
953 4260 1037 4315 Bern.
1066 4267 1096 4318 A
1123 4273 1260 4319 enotatum
1280 4265 1315 4312 0⁸2

93 4343 169 4380 nemo
185 4329 235 4381 sibi
243 4333 409 4399 persuaserit.
432 4334 562 4404 Equidem
570 4332 690 4398 alterum,
726 4333 769 4385 De
794 4332 887 4384 omissa
902 4345 1023 4399 praepos.
1052 4331 1083 4385 in
1106 4333 1193 4388 altero
1218 4329 1316 4387 membffl

93 4396 163 4470 quod
179 4395 207 4447 in
225 4399 329 4467 optimis
346 4402 492 4471 posteriore
509 4402 566 4455 loco
584 4400 689 4473 legitur,
726 4401 759 4454 cf.
776 4402 855 4462 adv,
874 4406 897 4465 1,
916 4403 939 4450 1.
