2926 5174
441 311 491 360 nr
518 309 643 361 ensrrs
675 309 784 384 Anax.
810 313 847 378 x,
873 307 915 359 14.
1231 288 1303 360 505

46 493 196 569 rdebito
220 494 404 582 liberatus,
431 493 580 590 fatigata
605 492 766 566 membra
790 492 921 565 reiecit.
961 489 1181 587 Propiusque
1207 491 1305 563 adire

72 606 178 678 iussis
212 604 346 692 amicis,
393 604 500 700 (nam
535 613 572 676 et
605 630 680 677 vox
715 602 865 675 deficere
899 603 970 674 iam
1003 610 1170 698 coeperat
1177 599 1211 698 ,)
1247 602 1305 675 de·

71 726 225 790 tractum
250 715 395 787 anulum
423 712 553 810 digito,
580 713 769 803 Perdiccae
797 713 960 804 tradidit,
988 711 1134 787 adiectis
1160 713 1305 786 manda·

44 827 136 916 stis,
172 836 212 897 ut
236 850 363 922 corpus
391 849 496 896 suurn
522 825 569 897 ad
593 814 830 898 Hammonem
856 825 940 897 ferri
966 825 1138 898 iuberent.
1193 821 1306 912 Quae·

69 936 230 1011 rentibus
246 937 309 1024 his,
336 935 394 1006 cui
412 935 627 1031 relinqueret
644 935 815 1032 regnum?
842 935 1035 1033 respondit,
1063 935 1104 1024 ei,
1132 936 1306 1032 quiesset

70 1047 240 1145 optimus;
277 1056 436 1118 ceterum
470 1046 658 1143 providere
684 1048 756 1119 iam
782 1071 839 1136 se,
874 1047 920 1120 ob
954 1047 992 1118 id
1018 1057 1198 1120 certamen
1233 1073 1305 1122 ma·

42 1177 162 1256 agnos
196 1158 359 1230 funebres
388 1156 493 1229 ludos
519 1158 637 1255 parari
664 1159 740 1232 sibi.
800 1157 938 1230 Rursus
964 1155 1133 1229 Perdicca
1157 1158 1305 1232 interro·

69 1277 196 1365 gante,
228 1268 369 1364 quando
382 1269 570 1341 coelestes
603 1269 757 1341 honores
789 1268 912 1341 haberi
946 1268 1013 1340 sibi
1038 1266 1171 1340 vellet?
1204 1267 1305 1359 dixit,

69 1390 146 1451 tum
171 1380 272 1468 velle,
298 1405 380 1450 cum
406 1380 474 1476 ipsi
499 1379 617 1451 felices
644 1388 772 1451 essent.
826 1377 1000 1476 Suprema
1024 1379 1113 1451 haec
1139 1403 1213 1451 vox
1237 1378 1305 1451 fuit

69 1491 180 1589 regis,
207 1501 244 1563 et
268 1491 375 1587 paulo
401 1499 486 1588 post
512 1489 741 1586 extinguitur.

41 1621 54 1666 r
170 1600 225 1673 Ac
251 1601 364 1698 primo
391 1603 536 1698 ploratu
559 1600 795 1695 lamentisque
821 1610 858 1673 et
876 1599 1076 1696 planctibus
1102 1609 1180 1673 tota
1206 1603 1352 1699 regialb

69 1712 299 1808 personabat:
321 1737 413 1787 mox
431 1713 532 1784 velut
557 1711 593 1782 in
619 1721 723 1783 vasta
740 1710 931 1783 solitudine
948 1711 1068 1783 omnia
1084 1712 1177 1784 tristi
1203 1713 1303 1786 silen-

72 1822 121 1894 tio
149 1833 251 1895 muta
276 1822 485 1920 torpebant,
520 1820 567 1892 ad
593 1822 843 1918 cogitationeS,
880 1822 965 1918 quid
992 1822 1119 1895 deinde
1145 1824 1305 1896 futurum

39 1943 178 2024 cesset,
215 1934 337 2007 dolore
373 1958 556 2006 converso.
617 1930 762 2005 Nobiles
795 1934 897 2029 pueri
932 1932 1114 2006 custodiae
1145 1935 1303 2031 corporis

68 2044 141 2116 eius
168 2046 303 2117 assueti
328 2069 395 2117 nec
423 2043 554 2116 doloris
580 2042 862 2139 magnitudinem
888 2070 1024 2142 capere,
1050 2070 1116 2117 nec
1142 2069 1181 2118 se
1206 2044 1304 2142 ipsos

66 2155 159 2228 intra
185 2156 405 2229 vestibulum
424 2154 544 2251 regiae
570 2164 691 2227 tenere
709 2165 918 2252 potuerunt:
945 2157 1097 2254 vagique
1124 2167 1161 2230 et
1186 2156 1302 2229 suren·

67 2267 161 2339 tibus
189 2266 320 2340 similes
347 2275 464 2338 totam
489 2265 615 2338 urbem
639 2267 738 2338 luctu
773 2291 814 2338 ac
840 2292 1000 2340 maerore
1027 2269 1304 2365 compleverant,

67 2378 171 2451 nullis
206 2378 391 2474 questibus
424 2376 580 2467 omissis,
616 2402 705 2472 quos
737 2378 774 2449 in
805 2378 868 2450 tali
895 2405 980 2452 casu
1007 2378 1109 2452 dolor
1135 2378 1303 2476 suggerit.

37 2487 160 2587 oErgo
189 2489 251 2585 qui
277 2498 381 2561 extra
407 2489 543 2586 regiam
569 2488 757 2562 astiterant
780 2487 994 2563 Macedones
1020 2491 1154 2587 pariter
1179 2489 1305 2562 barba·

65 2600 164 2696 rique
193 2609 428 2690 concurrunt,
462 2624 529 2672 nec
553 2607 721 2698 poterant
755 2601 888 2673 victia
922 2601 1116 2674 victoribus
1148 2602 1186 2673 in
1213 2625 1305 2673 corn·

65 2711 163 2782 muni
198 2709 322 2784 dolore
357 2710 519 2784 discerni.
571 2710 702 2784 Persae
737 2711 968 2784 iustissimum
1004 2737 1045 2783 ac
1080 2712 1305 2784 mitissimum
1381 2747 1384 2752 ·

68 2820 268 2912 dominum,
294 2821 508 2896 Macedones
535 2823 709 2920 optimum
734 2846 776 2892 ac
801 2809 1033 2893 fortissimum
1058 2847 1179 2918 regem
1205 2823 1304 2895 invo-

10 2944 48 2996 [ο
66 2942 205 3023 cantes,
234 2943 415 3006 certamen
441 2932 621 3029 quoddam
646 2931 816 3003 maeroris
844 2931 1007 3004 edebant.
1053 2929 1127 3003 Nec
1153 2941 1304 3005 maesto-

63 3068 141 3115 rum
169 3045 304 3134 solum,
341 3042 538 3117 sedetiam
571 3041 831 3140 indignantium
865 3067 972 3116 voces
1008 3043 1302 3134 exaudiebantur,

61 3319 114 3373 dixi
139 3321 168 3374 in
190 3337 303 3390 gramm.
321 3319 381 3375 Lat.
400 3324 423 3390 ξ.
443 3328 501 3376 703.
545 3320 669 3376 Ceterum
702 3328 777 3375 ctura
803 3323 944 3388 reciderat,
962 3321 1054 3374 Iunius
1059 3324 1227 3390 praevidere,
1243 3321 1306 3376 Mo·

60 3388 118 3442 vide
135 3391 172 3442 ad
190 3403 220 3454 v,
239 3396 283 3455 43,
303 3395 327 3442 2.
702 3390 759 3443 dius
787 3390 1305 3461 emumproviderequodSnalr.traditin

94 3460 116 3526 5.
135 3465 161 3512 4.
189 3458 268 3527 ferri
285 3458 411 3528 iuberent]
442 3458 543 3512 Plurali
560 3473 669 3512 numero
702 3458 778 3511 Leid.
800 3458 935 3512 inventum
955 3476 1026 3524 esse,
1050 3458 1180 3530 simulque
1197 3459 1305 3513 Medius

60 3524 120 3578 libri
137 3544 202 3579 mss.
222 3540 315 3579 omnes
332 3525 472 3594 exhibent,
494 3545 544 3582 nec
560 3525 610 3580 nisi
627 3543 669 3578 re-
701 3546 729 3581 se
746 3527 841 3581 adiecit
858 3529 1001 3581 secundum
1017 3527 1091 3581 Leid.
1109 3530 1211 3584 Voss.1
1226 3533 1304 3582 Bern.

61 3594 178 3648 certiore
196 3601 289 3647 aetate
308 3592 349 3646 edi
367 3603 489 3665 coeptum
507 3604 548 3650 est
564 3597 669 3650 iuberet.
702 3598 728 3649 A
744 3595 815 3649 Flor.
835 3596 867 3649 Α.

62 3661 126 3715 Cum
137 3670 273 3733 sequatur
285 3661 394 3730 pluralis
406 3667 586 3733 quaerentibus
604 3662 669 3715 illud
738 3664 803 3734 Cap.
825 3671 865 3730 15,
885 3667 908 3733 ξ.
927 3671 951 3717 8.
987 3666 1084 3718 doloris
1101 3667 1306 3735 mapnitudinem

61 3733 215 3784 mandatum
234 3747 291 3784 non
308 3731 343 3782 ad
364 3748 445 3784 unum
462 3732 566 3786 videtur
607 3732 669 3785 erti-
704 3735 807 3814 copore]
835 3733 962 3787 Mendose
981 3734 1057 3787 codd.
1075 3733 1232 3803 integriores
1249 3749 1305 3784 mu-

60 3799 153 3854 nuisse.
182 3799 241 3852 Sed
250 3802 389 3867 respondet
407 3802 479 3869 quod
493 3810 534 3855 est
551 3801 578 3854 in
587 3751 669 3854 libris
702 3804 864 3871 yaitadmem
889 3818 990 3864 carere,
1026 3801 1106 3854 ceteri
1128 3800 1305 3868 magnitudine

61 3867 132 3922 bonis
152 3867 367 3937 (Leid.Voss.1
388 3868 467 3921 Bern.
482 3874 507 3923 Α
524 3870 595 3923 Flor.
605 3870 669 3938 AB)
704 3888 802 3923 carere.
846 3870 901 3924 Sed
928 3877 989 3949 post
1015 3887 1065 3988 pro
1099 3873 1168 3937 vulg.
1194 3868 1305 3919 retinere

61 3954 110 3990 non
126 3935 242 4007 recipio,
262 3952 323 3988 cum
340 3943 368 3988 et
382 3945 508 4006 sequatur
516 3957 577 3991 mox
594 3955 670 4008 prae·
703 3948 730 3991 et
748 3956 808 3991 usus
826 3955 951 3992 sermoms
974 3945 1001 3990 et
1028 3936 1144 3989 'brorum
1161 3952 1222 3987 mss.
1240 3934 1305 3986 fides

61 4005 178 4071 teritum,
203 4012 234 4057 et
251 4002 337 4083 ipsum
355 4012 460 4075 tempus
481 4024 604 4077 praesens
622 4006 670 4059 mi-
723 4008 822 4061 ostulat
839 4015 869 4060 ut
887 4017 970 4060 tenere
993 4004 1128 4083 scribatur.
1163 4001 1304 4055 Modiusc

63 4090 106 4127 nus
123 4083 221 4145 aptum
240 4071 369 4124 videatur.
703 4026 778 4128 libris
800 4093 861 4127 mss.
888 4073 1001 4128 correxit
1026 4080 1107 4125 ettam
1133 4081 1232 4124 tantam
1256 4089 1304 4141 pro

93 4145 113 4214 5.
130 4151 156 4196 5.
189 4141 339 4211 providere
365 4141 417 4193 iam
443 4144 482 4213 se]
518 4142 592 4196 Libri
609 4161 670 4196 mss.
706 4155 795 4207 rotorn,
817 4145 864 4196 sed
881 4142 918 4196 illi
937 4158 996 4194 cum
1012 4141 1088 4211 pauci
1106 4141 1169 4203 sint,
1188 4141 1305 4210 (praeter

62 4215 86 4260 ct
114 4211 237 4280 primum
273 4205 338 4259 editi
363 4211 487 4277 provide,
522 4211 592 4265 Flor.
621 4210 670 4265 OG
704 4212 785 4265 isius
802 4210 888 4266 Modii
905 4210 1041 4279 sigeberg.
1059 4227 1126 4262 unus
1144 4209 1217 4262 Flor.
1234 4210 1260 4261 A
1277 4220 1305 4262 et

59 4281 179 4342 mande,
199 4276 251 4330 sed
270 4273 397 4329 omittunt
414 4279 500 4331 omnia
516 4280 583 4332 haec
600 4279 671 4332 inter
728 4280 841 4333 cidensis
860 4287 887 4331 et
900 4279 980 4331 Bern.
989 4278 1026 4344 A)
1044 4285 1102 4330 tum
1118 4277 1145 4331 in
1160 4276 1228 4330 facili
1246 4295 1303 4331 cor·

63 4347 135 4401 verba
154 4348 277 4416 optimas
294 4349 324 4394 et
340 4362 447 4414 orcynus
465 4347 536 4401 Flor.
554 4347 671 4401 DEFHI
704 4349 827 4429 ruptione
856 4345 970 4401 auctoris
996 4346 1152 4399 sententiam
1177 4363 1232 4399 non
1257 4363 1304 4400 ex·

64 4410 176 4470 Bern.B.
195 4411 259 4467 Pal
272 4419 295 4462 1.
319 4411 402 4466 Aldus
413 4414 531 4470 ediderat
539 4417 572 4469 de
583 4417 670 4469 conie-
705 4424 830 4488 pnmunt.
947 4431 949 4434 ·
