2926 5174
121 267 193 340 306
565 285 568 289 ’
616 285 650 348 o.
678 283 802 337 cnara
826 286 911 339 narr
971 283 975 287 ’

71 471 119 541 14
221 467 309 542 Inde
348 493 476 566 agmen
512 469 686 566 processit
724 468 771 542 ad
805 467 1002 544 Caucasum
1035 477 1216 559 montem,
1254 464 1370 542 errius1

119 579 267 655 dorsum
299 577 444 653 Asiam
466 590 641 678 perpetuo
678 580 763 679 iugo
801 580 942 655 dividit:
979 580 1063 654 hinc
1103 581 1211 654 simul
1247 605 1343 671 mare,

120 691 216 790 quod
244 688 401 764 Ciliciam
426 691 537 782 subit,
562 692 658 764 illinc
685 689 854 790 Caspium
879 693 1010 765 fretum
1036 703 1074 764 et
1099 716 1244 766 amnem
1268 691 1345 765 Ara-

89 791 202 877 'xem
241 803 379 901 aliaque
419 803 573 901 regionis
606 800 774 905 Scythiae
812 803 955 878 deserta
993 814 1144 901 spectat.
1207 804 1373 896 Taurusa

118 914 296 989 secundae
321 912 576 1012 magnitudinis
603 939 721 1004 mons,
753 916 985 988 committitur
1012 913 1190 1009 Caucas0,
1219 943 1242 990 a
1267 915 1345 1014 Cap

41 1032 50 1039 “
116 1026 266 1126 padocia
292 1052 330 1100 se
356 1026 524 1099 attollens
551 1022 708 1099 Ciliciam
732 1029 914 1125 praeterit,
939 1024 1204 1125 Armeniaeque
1230 1029 1345 1102 monti·

117 1140 185 1212 bus
210 1139 378 1237 iungitur.
419 1136 477 1212 Sic
502 1137 595 1210 inter
622 1163 660 1211 se
685 1138 771 1237 iuga
795 1141 896 1213 velut
921 1140 1011 1213 serie
1037 1141 1267 1215 cohaerentia
1278 1159 1373 1239 per-2

116 1263 265 1350 petuum
290 1251 426 1326 habent
453 1249 615 1342 dorsum,
634 1276 696 1347 ex
722 1277 793 1348 quo
819 1251 927 1325 Asiae
953 1253 1171 1327 omniafere
1198 1254 1343 1344 flumina,

118 1365 188 1437 alia
212 1365 250 1436 in
276 1362 454 1453 Rubrum,
482 1362 551 1434 alia
576 1362 613 1434 in
641 1360 810 1460 Caspium
834 1389 950 1454 mare,
977 1364 1046 1436 alia
1070 1365 1107 1436 in
1134 1359 1344 1464 Hyrcanium

116 1487 153 1550 et
178 1475 369 1548 Ponticum
402 1472 580 1547 decidunt.
633 1497 715 1548 xv11
747 1474 885 1564 dierum
917 1477 1033 1574 spatio
1067 1474 1269 1550 Caucasum
1298 1493 1371 1548 sut

115 1587 256 1686 peravit
290 1586 479 1659 exercitus.
530 1584 651 1684 Rupes
684 1587 721 1658 in
748 1612 790 1660 eo
816 1610 843 1660 x
875 1586 913 1660 in
945 1587 1092 1662 circustu
1119 1587 1239 1661 stadia
1265 1613 1341 1661 com·

115 1699 298 1797 plectitur,
334 1709 504 1797 quattuor
529 1699 566 1770 in
593 1697 818 1772 altitudinem
845 1698 1000 1790 excedit,
1033 1701 1072 1772 in
1097 1725 1170 1797 qua
1197 1701 1340 1774 vinctum

114 1809 330 1884 Promethea
355 1810 465 1883 fuisse
491 1811 683 1908 antiquitas
710 1810 830 1883 tradit.
871 1807 1086 1885 Condendae
1112 1812 1151 1884 in
1176 1811 1338 1886 radicibus
1354 1827 1373 1874 25

115 1923 247 1996 montis
280 1923 360 1996 urbi
393 1922 496 1996 sedes
529 1923 642 1997 electa
669 1933 733 1996 est.
785 1944 841 1996 vn
865 1924 1006 1997 milibus
1034 1924 1217 1996 seniorum
1241 1921 1338 1996 Mace

116 2033 251 2107 donum
277 2046 314 2108 et
344 2046 531 2133 praeterea
562 2035 748 2128 militibus,
785 2061 935 2133 quorum
971 2060 1081 2133 opera
1113 2035 1168 2108 uti
1195 2034 1337 2121 desisset

115 2148 328 2244 permissum
354 2147 391 2218 in
416 2173 549 2221 novam
575 2147 702 2220 urbem
728 2146 921 2221 considere.
974 2145 1078 2220 Hanc
1104 2171 1249 2245 quoque
1271 2145 1335 2219 Ale·

114 2258 304 2330 xandriam
330 2260 466 2332 incolae
493 2259 773 2357 appellaverunt.
1081 2351 1084 2357 Ι

66 2370 111 2442 15
216 2368 268 2442 At
293 2369 437 2459 Bessus,
459 2368 658 2444 Alexandri
685 2371 864 2445 celeritate
890 2370 1110 2467 perterritus,
1137 2369 1205 2444 diis
1232 2365 1364 2469 purtim

10 2530 12 2535 -
115 2480 286 2552 sacrificio
312 2484 380 2554 rite
405 2482 517 2572 facto,
551 2481 642 2554 sicut
667 2482 735 2554 illis
762 2482 928 2581 gentibus
955 2507 1033 2555 mos
1061 2490 1135 2573 est,
1163 2508 1245 2556 cum
1268 2477 1330 2554 erni·

115 2592 164 2664 cis
193 2591 413 2690 ducibusque
439 2594 623 2692 copiarum
648 2593 742 2667 inter
768 2594 891 2691 epulas
924 2592 1089 2666 debello
1116 2593 1328 2668 consultabat

116 2700 253 2779 Graves
279 2730 379 2778 mero
406 2729 489 2776 suas
516 2706 610 2779 vires
638 2707 826 2797 extollere,
861 2705 1019 2778 hostium
1053 2730 1150 2779 nunc
1176 2703 1373 2829 temerius-¹¹

147 2969 212 3040 Cap.
232 2975 274 3031 14,
302 2970 325 3036 ᾗ.
345 2974 385 3022 19.
421 2970 460 3022 ad
479 2967 626 3022 Caucasum
643 2985 715 3021 moa·
749 2964 955 3037 etHyrcauium
972 2983 1052 3034 mare,
1071 2966 1178 3022 nomine
1195 2959 1326 3023 usundi·

111 3046 166 3091 tem.
202 3037 333 3107 intelligit
350 3054 480 3091 summum
496 3037 588 3106 iugum
600 3035 716 3089 eiusdem
748 3053 824 3090 verso
841 3034 943 3102 vocari,
967 3035 1019 3089 iam
1037 3035 1135 3090 oblitus
1158 3038 1245 3091 fuerit.
1276 3029 1326 3107 aet

109 3106 222 3186 regionis
239 3115 390 3173 montanae,
418 3123 497 3176 quam
514 3105 600 3158 adhuc
617 3105 715 3186 descri-
749 3122 860 3175 quorum
876 3121 995 3185 errorum
1012 3104 1070 3158 sons
1088 3113 1130 3158 est
1145 3102 1326 3227 fluodetlann

110 3174 505 3313 tentaturum
522 3191 715 3324 „scurrus
748 3173 1326 3315 reseruassemus

111 3312 156 3364 ubi
169 3329 197 3364 se
210 3329 309 3382 quaque
324 3322 456 3380 eruperat,
471 3311 560 3365 Primo
574 3319 643 3363 teste
659 3320 713 3364 nat.
748 3317 850 3364 remota
867 3317 1016 3382 propagata
1033 3319 1099 3365 erat.

109 3379 171 3432 hist.
188 3394 218 3446 V,
237 3387 280 3446 27,
311 3380 426 3433 Caucasi
443 3381 549 3434 nomine
565 3387 713 3450 usurpatur.
783 3383 806 3448 §.
824 3385 866 3432 22.
891 3393 957 3431 xvn
975 3380 1085 3451 dierum]
1104 3380 1201 3434 Decem
1218 3390 1241 3434 et
1256 3383 1326 3447 sepiat

145 3465 246 3500 amoma
280 3450 396 3501 Araaem
431 3451 544 3520 aliaque.
604 3448 714 3502 Arcaea
748 3450 813 3503 dier.
832 3446 993 3501 FlorsnGH
1009 3448 1091 3502 Bcrn.
1108 3447 1142 3502 B.
1169 3448 1235 3503 Mox
1252 3450 1277 3502 ia
1290 3443 1326 3497 cir·

110 3515 194 3568 edidit
212 3515 292 3569 Snalr.
316 3526 348 3570 ut
366 3517 404 3570 ait
422 3533 455 3570 ex
472 3537 545 3585 mss.;
564 3525 714 3572 nostrorum
748 3519 818 3570 cuitu
845 3515 968 3570 scribitur
989 3516 1017 3570 in
1034 3515 1131 3572 nostris
1158 3517 1273 3571 omnibus
1306 3524 1326 3562 ¹⁰

107 3602 164 3642 non
182 3584 281 3638 habent
297 3585 346 3638 nisi
364 3587 445 3638 Bern.
463 3589 503 3654 A,
532 3595 590 3639 tum
608 3602 714 3656 quoque
746 3588 818 3655 vulg.
837 3587 981 3640 circumitu.
1010 3585 1080 3638 Tum
1096 3585 1180 3640 miror
1195 3584 1222 3639 in
1231 3529 1326 3640 oruuilss⁸

108 3652 180 3705 Flor.
198 3653 240 3706 DI
257 3655 367 3707 Araxen
386 3664 409 3706 et
427 3657 482 3708 clia
501 3673 575 3725 qaae.
599 3681 602 3685 ’
747 3652 843 3708 nostris
861 3661 889 3706 et
901 3653 982 3707 Snalr.
992 3652 1126 3709 codicibus
1143 3654 1275 3709 inventum
1287 3659 1326 3702 Μ

107 3785 110 3789 ,
143 3723 167 3790 ξ.
185 3728 227 3776 21.
264 3723 309 3775 Sic
332 3725 400 3775 inter
418 3741 445 3775 se
464 3725 535 3793 iupa.
572 3721 714 3777 Omisimus
748 3725 776 3776 m
795 3741 858 3793 quo,
882 3738 917 3774 ex
938 3741 992 3776 uno
1008 3723 1089 3776 Born.
1106 3724 1134 3776 A
1160 3723 1224 3776 nihil
1246 3715 1326 3784 arulfi·

109 3791 180 3861 quod
197 3789 305 3843 additur
317 3791 362 3844 vul
382 3809 398 3844 ο
416 3801 460 3843 tot
479 3793 506 3844 iu
525 3811 550 3858 a,
571 3791 713 3844 auctorita·
748 3793 776 3844 ia
794 3809 846 3861 qua
865 3790 997 3844 diversum
1014 3799 1146 3846 enotatur.

108 3867 165 3911 tem
178 3859 347 3913 secutiLeid.
381 3811 714 3915 ernnssllosnsscnfl
782 3863 805 3928 ξ.
830 3865 872 3914 23.
908 3861 1110 3914 Aleaaadriam.
1145 3863 1220 3914 Voss.
1239 3866 1251 3912 1
1273 3854 1325 3910 ua·

109 3927 220 3982 Vosst.
746 3928 770 3981 B
790 3928 993 3982 Alexandream.
1028 3929 1103 3982 Haec
1119 3928 1202 3998 igitur
1217 3923 1325 3982 eatlltx·

142 3998 198 4049 alia
216 3997 426 4065 iaHyrcaaium.
451 3996 540 4067 Vulgo
549 3998 712 4076 Hyrcanum,
746 3997 781 4048 ad
791 3995 947 4062 Caucasum,
967 4014 1046 4076 quam
1055 3995 1085 4050 C.
1095 3997 1217 4051 Ritterus
1232 3987 1325 4050 ostendii

108 4063 169 4116 vide
195 4065 229 4117 ad
255 4064 301 4118 lib.
319 4081 363 4133 m,
390 4072 436 4132 12,
461 4072 501 4119 18.
545 4066 598 4118 Hic
624 4072 713 4116 autem
746 4065 826 4118 hodie
844 4064 1039 4135 esseBamryan
1055 4064 1084 4118 in
1100 4065 1193 4139 mediis
1205 4060 1323 4141 monnbm,

108 4133 140 4184 H
153 4135 273 4187 rcauium
290 4133 364 4187 Leid.
382 4134 482 4188 Voss]
502 4134 583 4187 Bern.
597 4132 624 4184 A
640 4132 712 4186 Flor.
746 4141 775 4186 et
792 4133 875 4203 magis
898 4133 1092 4203 septentriones
1114 4150 1205 4188 versus
1230 4132 1261 4187 ab

107 4151 192 4254 BCG.
220 4202 345 4256 Ceterum
362 4209 497 4256 auctorem
510 4210 629 4256 nostrum
643 4218 712 4280 sum·
746 4202 754 4254 i
814 4242 821 4269 ,
848 4200 977 4255 Arrianus
1000 4210 1089 4256 autem
1111 4203 1146 4256 ad
1166 4200 1254 4256 mari‘
1295 4261 1300 4275 ⁸

107 4284 166 4346 mae
188 4270 365 4350 negligentiae
385 4271 414 4323 in
431 4272 509 4324 rebus
531 4269 712 4340 geographrois
745 4219 846 4324 rddioes
871 4269 1001 4323 montium
1026 4271 1153 4339 collocat,
1183 4277 1215 4324 ut
1236 4274 1322 4340 propt?

106 4353 153 4387 mx
184 4355 322 4407 quisquam
354 4338 490 4393 absolvere
521 4335 633 4420 poterit,
667 4337 712 4406 qui
746 4340 851 4407 urbem,
877 4354 946 4418 quae
964 4337 1054 4410 Kabnl
1070 4339 1152 4396 hodie
1167 4345 1281 4404 vocatur,
1294 4345 1321 4382 ss·
1370 4326 1373 4419 Ι

108 4402 188 4457 etiam
214 4407 284 4477 quod
301 4425 382 4479 supra
399 4407 417 4461 l.
434 4405 452 4460 l.
477 4406 558 4476 dixit,
587 4404 712 4475 Caspium
747 4409 842 4462 deutur
859 4407 947 4462 frasso

1368 5008 1373 5097 t
