2926 5174
502 293 549 342 nr
576 293 702 345 snsns
728 294 837 346 Anax.
864 296 915 366 Ν,
945 295 972 350 a.
1315 279 1362 351 65

99 480 184 569 times,
213 476 403 550 dabimus
416 477 538 575 fidem,
564 476 700 575 impune
725 491 908 553 nemorum.
960 480 1018 555 De
1042 496 1153 576 cetero,
1178 510 1255 558 cnm
1279 483 1367 557 miii

98 590 214 681 seiles,
244 601 437 662 recensente
460 613 526 662 non
548 588 656 661 solnm
679 589 753 688 regi
777 601 815 681 te,
840 590 902 663 sed
926 590 1026 664 emm
1050 595 1268 670 inscribere.
1301 591 1363 667 Ad

98 703 172 776 hane
200 697 486 798 perferendam
511 695 727 796 Thersippus
754 708 811 771 est
834 700 973 773 missus.

183 811 279 909 Ipse
312 810 361 882 in
392 807 594 882 Phoenicen
621 807 823 901 descendit,
859 821 897 883 et
922 811 1093 910 oppidum
1118 813 1262 914 Byblon
1289 832 1359 897 tra-
1389 829 1412 900 3

100 921 197 994 ditum
230 920 410 1018 recepit.
463 917 547 991 Inde
582 918 630 992 ad
656 917 792 993 Sidona
816 931 966 994 ventum
998 934 1070 1015 est,
1106 927 1233 1002 urbem
1259 943 1361 1008 vetu-

100 1044 174 1107 state
199 1034 403 1128 famaque
434 1028 653 1103 conditorum
677 1032 844 1105 inclitam.
880 1030 1068 1130 Regnabat
1093 1036 1130 1108 in
1157 1047 1201 1113 ea
1227 1039 1360 1138 Strato,

101 1144 192 1218 Darei
225 1143 386 1241 opibus
425 1139 579 1232 adiutus,
613 1139 677 1214 sed
709 1142 793 1238 quia
828 1141 1046 1216 deditionem
1072 1150 1186 1246 magis
1213 1157 1361 1252 popula.

103 1258 194 1346 num,
227 1279 360 1351 quam
392 1276 462 1324 sua
486 1262 611 1349 sponte
637 1254 780 1342 fecerat,
807 1278 919 1350 regno
946 1255 1044 1327 visus
1071 1256 1255 1357 indignus,
1290 1264 1360 1339 He·

91 1366 386 1464 iphaestionique
429 1364 654 1459 permissum,
689 1374 745 1454 ut,
782 1389 888 1461 quem
921 1389 964 1437 eo
990 1366 1134 1465 fastigio
1161 1395 1181 1443 e
1205 1370 1360 1449 Sidoniis

112 1477 357 1575 dignissimum
390 1473 635 1565 arbitraretur,
671 1475 907 1548 constitueret
940 1501 1071 1574 regem.
1140 1477 1256 1555 Erant
1290 1481 1360 1558 He-

107 1587 320 1685 phaestionis
337 1584 510 1681 hospites
532 1587 616 1659 clari
633 1587 727 1659 inter
753 1611 837 1659 suos
863 1586 1027 1660 iuvenes:
1055 1590 1125 1686 qui,
1151 1592 1248 1666 facta
1273 1594 1360 1692 ipsis

104 1708 274 1795 potestate
321 1693 525 1793 regnandi,
564 1708 804 1794 negaverunt,
847 1723 1062 1795 quemquam
1098 1703 1217 1798 patrio
1255 1730 1357 1780 more

91 1809 128 1880 tin
145 1809 181 1882 id
208 1808 431 1906 fastigium
454 1806 577 1903 recipi,
603 1807 671 1880 nisi
698 1809 797 1905 regia
823 1809 934 1906 stirpe
962 1820 1090 1882 ortum.
1144 1811 1358 1888 Admiratus

102 1917 358 2018 Hephaestion
396 1916 678 2014 magnitudinem
714 1918 821 1989 animi
849 1921 1059 2014 spernentis,
1087 1920 1184 2017 quod
1210 1923 1269 1994 alii
1294 1951 1360 2020 per

101 2030 180 2128 ignes
209 2031 452 2123 ferrumque
476 2037 652 2124 peterent,
696 2026 766 2102 Vos
791 2030 926 2128 quidem
950 2030 1052 2102 naen
1074 2031 1206 2122 virtute,
1232 2033 1358 2129 inquit,

102 2155 184 2235 nne,
213 2142 287 2244 qui
313 2137 441 2239 primi
464 2139 676 2229 intellexistis,
711 2151 831 2238 quanto
858 2139 970 2214 einins
996 2153 1078 2213 esset
1101 2167 1241 2240 repnnm
1256 2145 1359 2244 fusti·

102 2253 164 2346 dire,
193 2279 317 2354 qnam
347 2248 512 2346 accepere.
561 2246 713 2325 Ceterum
739 2250 814 2322 clete
840 2249 985 2348 aliquem
1010 2251 1122 2349 sepiae
1148 2252 1273 2350 stirpis,
1300 2256 1361 2355 qni

103 2412 262 2466 nnordine
285 2424 393 2464 omnes
412 2407 486 2460 codd
503 2406 586 2461 nostri
609 2406 721 2459 etVoss.
756 2407 890 2460 adiectum
906 2406 1010 2477 legitur.
1028 2406 1103 2460 Editi
1118 2408 1204 2460 adhuc
1219 2410 1273 2462 fere
1288 2429 1361 2481 qoem

104 2487 145 2534 ta
161 2481 266 2548 (miror
287 2496 353 2532 non
375 2475 570 2529 commemorari
588 2474 675 2540 Leid.)
694 2482 723 2527 et
757 2494 784 2527 eo
799 2478 916 2545 sostiyio
936 2478 1046 2529 Stolones
1070 2478 1142 2545 dign.
1167 2480 1361 2533 arbitrarentur

103 2549 149 2602 edit
164 2549 322 2604 Modiana.
363 2543 449 2613 Vulg.
470 2546 541 2597 notis
559 2545 722 2596 committere.
756 2545 863 2610 habent,
883 2552 974 2598 contra
983 2543 1120 2597 consilium
1129 2545 1272 2616 scriptoris,
1283 2566 1361 2627 quem

128 2621 147 2685 ξ.
162 2624 206 2671 15.
228 2619 340 2670 Tbers.
351 2622 395 2666 est
409 2615 512 2665 misens.
529 2611 619 2681 Vulgo
631 2613 722 2664 (lbere.
756 2620 868 2683 apparet
891 2629 980 2683 regem
998 2629 1032 2665 ex
1049 2612 1111 2683 ipsis
1130 2613 1243 2667 Sidoniis
1261 2616 1361 2686 ehgen-

104 2688 193 2754 nissns,
213 2686 268 2739 sed
288 2680 464 2736 interiieitur
476 2691 513 2734 est
526 2681 553 2732 in
561 2679 636 2732 Leid.
650 2678 721 2732 Flor.
756 2682 819 2734 dum
836 2681 949 2733 voluisse
970 2681 1039 2734 sicut
1063 2682 1145 2735 tradit
1162 2682 1244 2734 etiam
1261 2682 1361 2739 Diodo-

105 2753 163 2808 Bet
183 2755 272 2808 fuisse
299 2751 394 2803 etiam
420 2748 524 2801 videtur
544 2748 571 2801 in
593 2749 673 2802 Bern.
696 2751 723 2800 A
755 2768 800 2802 rus
817 2749 861 2802 lib.
879 2764 954 2815 xvn,
972 2757 1004 2802 47
1025 2752 1194 2820 (quamquam
1212 2751 1245 2802 ad
1260 2751 1362 2820 Tyrum

105 2823 141 2875 ubi
153 2842 224 2877 nunc
241 2837 353 2876 rasura
374 2825 417 2869 est
435 2817 502 2869 etin
516 2817 635 2888 margine
650 2816 721 2869 adie-
755 2818 823 2870 male
840 2818 965 2883 referens)
985 2826 1014 2871 et
1030 2826 1123 2872 contra
1137 2818 1261 2871 sermonis
1275 2837 1361 2888 usum,

106 2899 163 2945 sm
190 2895 232 2946 vel
261 2899 323 2963 est.
384 2885 418 2937 In
444 2884 514 2938 Flor.
543 2888 569 2939 A
596 2887 688 2938 Tiers.
712 2894 722 2937 t
758 2885 883 2955 quoniam
918 2886 1019 2939 incolae
1046 2885 1118 2938 urbis
1150 2904 1204 2938 non
1239 2888 1361 2954 Sidones,

108 2963 723 3068 rl⁶²n³meree0lmdrrmmr
757 2953 1118 3086 tinittbttltlt
1137 2953 1258 3073 stete
1274 2955 1362 3075 tet:

92 3136 94 3140 ,
113 3103 228 3147 sentrmn
238 3094 404 3147 addendum
417 3107 451 3142 an
464 3090 637 3144 omittendum
649 3096 718 3143 esset
758 3091 840 3157 davit,
859 3098 938 3160 atque
956 3088 993 3142 sic
1011 3088 1144 3141 Snakenb.
1162 3087 1260 3153 edidit,
1278 3099 1362 3158 reete,

114 3163 274 3215 vocabulum:
298 3163 461 3215 aofortasse
470 3159 567 3213 rectius
576 3158 717 3213 omittitur.
753 3160 861 3230 opinor,
883 3166 912 3210 et
937 3173 1008 3209 nunc
1033 3173 1130 3226 sequor
1152 3155 1223 3225 ipse,
1248 3171 1308 3210 cum
1332 3157 1360 3210 in

91 3232 106 3267 ²·
141 3231 199 3302 Cap.
213 3238 238 3299 3,
260 3234 284 3299 §.
303 3236 348 3283 15.
383 3229 446 3296 Ipse
464 3229 493 3280 in
508 3229 654 3281 Phoenicen
677 3231 719 3280 de·
753 3228 839 3299 priore
857 3225 973 3279 editione
990 3225 1117 3278 librorum
1139 3242 1199 3277 mss.
1218 3224 1360 3279 lectionem

91 3302 205 3369 {senet}
232 3300 345 3354 Omnes
365 3314 431 3349 mss.
448 3296 475 3349 in
492 3297 637 3350 omittenda
654 3313 719 3349 voce
753 3295 908 3366 simpliciter
930 3293 1118 3360 restituissem,
1141 3294 1287 3363 fostipinm
1315 3296 1359 3346 Si-

105 3369 190 3437 dnnde,
209 3385 287 3440 quae
307 3365 400 3435 vulgo
418 3373 478 3434 post
485 3366 630 3419 Phoenicen
645 3365 719 3418 addi-
753 3367 829 3419 donis
847 3381 896 3435 pro
912 3362 986 3432 regia
1002 3363 1030 3415 in
1047 3362 1093 3414 illa
1108 3361 1215 3415 civitate
1225 3370 1360 3432 potestate

104 3441 147 3504 tur,
163 3436 364 3492 consentiunt.
395 3433 465 3484 Tum
481 3433 574 3486 mirum
592 3441 642 3501 est,
660 3451 719 3485 ver·
753 3433 803 3487 diei
820 3449 896 3503 posse
913 3439 994 3484 ratus.
1021 3432 1122 3485 Verum
1139 3447 1284 3512 pronomen
1301 3440 1360 3484 tum

102 3502 150 3558 bum
164 3509 223 3576 iesse
242 3523 312 3559 non
331 3502 475 3554 inventum
491 3519 546 3555 esse
563 3503 591 3555 in
600 3502 719 3555 Bernen-
753 3502 893 3554 delendum
911 3508 992 3566 esset,
1017 3501 1089 3570 quod
1111 3507 1192 3552 ettam
1212 3498 1251 3552 illi
1268 3499 1359 3552 viden·

101 3572 155 3628 sibus
176 3593 231 3630 nec
258 3575 295 3627 in
317 3568 485 3623 Florentinis
506 3570 555 3624 nisi
576 3570 606 3624 in
622 3588 675 3623 uno
694 3568 720 3622 G
753 3579 798 3624 tur
816 3568 925 3622 sensisse
944 3568 990 3650 qui
1012 3568 1175 3622 sustulerunt
1193 3586 1229 3621 eo.
1250 3569 1358 3621 Sidonis

101 3657 170 3712 neque
193 3645 227 3697 in
248 3637 512 3706 Snakenburgianis
533 3648 640 3710 praeter
657 3637 717 3689 Lei·
752 3647 841 3692 autem
858 3656 906 3707 pro
925 3639 1044 3690 Sidoniis
1062 3645 1201 3690 exaratum
1226 3652 1283 3688 esso
1306 3654 1359 3688 non

101 3709 209 3766 dentem:
231 3709 313 3765 satis
333 3715 430 3759 tamen
446 3715 527 3761 semet
543 3708 629 3778 ipsum
645 3706 717 3759 vide·
751 3707 889 3773 mirabere,
909 3707 941 3758 cs.
961 3722 1017 3775 cap.
1028 3712 1053 3773 5,
1068 3711 1102 3758 30
1121 3705 1251 3774 Aeyyptii.
1274 3704 1359 3756 Paulo

101 3781 318 3835 urdefendere.
342 3773 467 3843 Denique
479 3776 623 3829 Phoenicen
641 3790 718 3827 aecu-
752 3783 814 3847 post
836 3776 1037 3842 Hephaestionis
1066 3791 1116 3853 pro
1138 3774 1209 3842 vulg.
1239 3773 1359 3840 Heplme-

101 3847 198 3903 sativum
227 3853 323 3902 recte
349 3858 400 3912 per
421 3861 439 3894 n
463 3843 578 3897 litteram
601 3843 720 3896 scribunt
753 3845 832 3897 stioni
850 3860 1004 3896 consensum
1021 3850 1182 3911 optimorum
1200 3840 1277 3892 codd.
1286 3857 1359 3891 secu-

99 3913 161 3970 Rern
180 3922 211 3971 A
231 3924 267 3968 et
288 3911 373 3966 Flor.
392 3911 417 3962 A
435 3911 467 3963 de
483 3912 558 3976 meis,
580 3911 673 3981 r‘eliqui
691 3918 720 3963 et
753 3921 797 3965 tus
826 3911 956 3965 edendum
984 3910 1087 3975 curavi;
1122 3925 1137 3960 e
1165 3905 1261 3961 nostris
1289 3906 1360 3957 enim

99 3985 163 4055 volgo
196 3982 277 4038 editi
316 3979 481 4032 Phoenicem.
518 3982 584 4034 Moe
617 3981 720 4047 Byblon
755 3982 910 4049 Eptestioni
938 3979 987 4043 (sic
1014 3978 1144 4041 scribunt)
1173 3993 1227 4027 non
1258 3974 1359 4025 habent

98 4053 180 4120 pimus
207 4049 301 4106 dedit
330 4046 433 4112 Aldus,
457 4049 576 4120 princeps
603 4056 631 4101 et
657 4065 716 4100 mss.
752 4050 801 4102 nisi
818 4048 888 4101 Flor.
906 4047 978 4102 DFI.
1011 4047 1136 4100 Ceterum
1153 4043 1181 4095 in
1198 4040 1359 4094 nominativo

99 4136 172 4176 omnes
191 4121 289 4176 Biblo
313 4123 366 4167 ant
384 4115 472 4182 Byblo.
752 4118 807 4170 eius
831 4117 941 4170 nominis
959 4115 1037 4186 paulo
1060 4119 1121 4183 post
1145 4128 1198 4162 non
1222 4126 1237 4160 o
1256 4111 1302 4162 sed
1326 4127 1359 4162 on

122 4193 143 4257 ς.
171 4199 216 4245 16.
269 4201 359 4256 quem
393 4200 420 4235 eo
433 4186 508 4303 Aust.
541 4205 554 4239 e
586 4186 716 4252 Sidoniis]
752 4186 878 4238 exhibent
895 4192 1009 4252 uterque
1026 4183 1106 4235 Bern.
1125 4186 1153 4231 et
1170 4193 1259 4257 omnes
1277 4178 1358 4244 Flor.,

98 4254 149 4311 llss.
166 4273 274 4313 omnes
287 4252 418 4324 fastigio
453 4255 535 4306 idonis
554 4257 582 4308 di
601 4273 626 4305 n.
645 4255 717 4305 orbi·
754 4273 806 4324 qua
823 4255 914 4306 eadem
930 4254 1014 4304 forma
1032 4247 1139 4302 Curtius
1157 4253 1242 4298 utitur
1255 4260 1296 4311 VI,
1315 4253 1359 4310 31,

99 4333 217 4382 iteretur:
247 4342 284 4378 eo
309 4321 394 4372 abest
411 4335 427 4370 a
442 4319 550 4375 Flor.B
615 4321 717 4373 FIet
752 4342 812 4377 cum
832 4322 987 4390 liepboestio
1005 4318 1039 4369 sit
1056 4331 1109 4380 vn,
1128 4321 1170 4367 30.
1205 4313 1286 4382 Vulg.
1305 4314 1366 4364 He-v

98 4388 162 4450 Item
179 4399 211 4451 A
232 4405 336 4462 supra
354 4386 473 4442 lineama
485 4409 563 4444 manu
570 4389 718 4445 recentiore
746 4393 868 4462 pteestio
885 4389 985 4460 primus
1002 4384 1076 4438 dedit
1093 4382 1155 4435 Ald.
1173 4381 1268 4434 editor.

1067 4472 1084 4522 s
