2984 5176
573 281 792 334 PRAEFATIO.
1236 280 1304 332 XIII

70 467 263 566 linquenda
301 491 390 539 esse.
442 463 580 537 Verum
619 463 824 539 audendum
858 475 937 538 erat
970 477 1008 540 et
1040 475 1142 563 patet
1173 464 1241 538 hac
1267 464 1303 535 in

69 621 125 687 re,
164 593 263 693 quod
286 595 324 667 in
349 592 529 691 plerisque
560 593 652 683 aliis,
692 593 723 664 si
758 592 891 689 aliquid
922 593 1112 682 efficiatur,
1151 592 1302 663 multum

70 724 171 814 effici,
199 734 236 797 et
260 731 446 820 praestare
471 721 531 792 vel
557 745 675 793 errare
701 745 808 817 quam
833 721 920 794 nihil
947 746 1062 818 agere.
1104 717 1204 792 Haec
1223 719 1304 791 hac·

69 861 194 941 tenus,
233 875 301 922 nec
327 845 426 920 aliud
451 844 612 919 adiiciam
642 846 711 918 nisi
742 847 825 938 hoc,
861 849 1066 922 absolutum
1097 871 1176 920 esse
1203 870 1303 942 opus,

70 977 170 1076 quod
196 977 244 1050 ad
270 999 330 1047 me
357 971 501 1069 quidem
526 972 696 1070 pertinet,
731 983 866 1048 aestate
898 976 983 1048 anni
1011 976 1128 1064 1846,
1163 973 1303 1046 absolu·

70 1115 222 1202 tumque
246 1099 466 1197 redemptori
491 1097 664 1172 traditum
689 1124 768 1173 esse
798 1101 894 1199 typis
921 1100 1201 1174 describendum.

179 1227 252 1302 Sed
278 1226 323 1300 de
347 1226 505 1299 fontibus
532 1225 791 1301 emendationis
818 1224 1018 1317 Curtianae,
1044 1226 1081 1298 id
1107 1237 1163 1298 est
1183 1225 1228 1298 de
1250 1252 1304 1299 eo·

75 1356 214 1429 dicibus
246 1379 327 1427 mss.
363 1363 399 1426 et
429 1352 644 1427 editionibus
677 1355 878 1446 veteribus,
919 1378 1011 1451 quae
1043 1379 1147 1427 usum
1172 1353 1306 1426 habent

75 1482 338 1572 criticum,'hoc
361 1481 440 1554 loco
467 1481 692 1578 peculiariter
716 1480 896 1579 agendum
914 1491 979 1555 est.
1018 1479 1305 1554 Fundamentum

70 1608 180 1705 igitur
217 1608 431 1681 recensionis
470 1619 615 1682 nostrae
653 1610 798 1682 fuerunt
832 1634 965 1683 novem
1003 1608 1143 1683 codices
1181 1608 1305 1681 biblio·
1435 1656 1440 1665 -

69 1736 199 1808 thecae
223 1734 483 1810 Laurentianae
508 1735 561 1825 hi,
588 1737 649 1832 qui
673 1736 711 1807 in
737 1737 1000 1809 commentariis
1026 1737 1266 1833 appellantur:

174 1862 265 1938 Flet.
305 1864 352 1936 A.
390 1861 478 1936 Ood.
513 1864 560 1934 35
578 1864 677 1960 plut.
708 1864 756 1934 64
795 1887 888 1935 saec.
928 1885 971 1934 xr
1010 1863 1176 1935 ineuntis.
1209 1862 1247 1933 in
1283 1863 1305 1932 4

122 1988 313 2086 quadrato.
336 1989 533 2061 membran.
577 1988 746 2085 Incipita
771 1988 891 2061 verbis
916 1989 977 2061 lib.
1001 2010 1042 2060 111
1063 2012 1139 2084 cap.
1162 1986 1306 2085 (nostri)

125 2119 173 2189 25
202 2125 233 2206 S.
263 2118 284 2188 6
333 2114 404 2191 Via
424 2115 540 2215 plodio
556 2119 716 2218 fabrum
742 2139 835 2214 opas.
1314 2103 1323 2119 ⁹

174 2243 270 2318 Flor.
297 2243 343 2317 B.
372 2240 459 2316 Ood.
497 2245 581 2316 391.
634 2243 717 2316 olim
750 2252 948 2316 conventus
980 2251 1124 2340 patrum
1149 2239 1306 2315 Domini·

124 2394 297 2443 canorum
322 2370 431 2467 vulgo
458 2369 544 2443 dicti
569 2367 722 2443 Sanctae
747 2369 881 2443 Mariae
907 2367 1087 2469 Novellae.
1127 2387 1244 2467 nuper
1268 2370 1306 2441 in

124 2496 286 2571 biblioth.
335 2495 612 2571 Laurentianam
663 2498 869 2571 translatus.
923 2520 1014 2569 saec.
1046 2519 1124 2569 x1v.
1169 2498 1207 2568 in
1245 2497 1304 2568 fol.

122 2624 318 2698 membran.
345 2624 465 2696 verbis
491 2649 664 2723 perquam
689 2624 950 2722 compendiosis
977 2634 1156 2697 exaratus.

175 2750 267 2825 Hor.
297 2747 336 2826 O.
364 2748 450 2851 Ood.
480 2754 529 2824 34
554 2753 642 2851 plut.
672 2755 720 2825 64
747 2776 839 2824 saec.
865 2773 919 2824 xv
944 2752 981 2824 in
1009 2755 1033 2823 4
1058 2750 1253 2822 membran.

174 2877 266 2953 Iler.
293 2875 343 2951 D.
371 2875 457 2950 (lod.
486 2881 534 2950 33
560 2880 649 2976 plut.
678 2880 726 2950 64
752 2902 844 2950 saec.
870 2900 923 2950 xv
947 2878 986 2949 in
1013 2885 1037 2970 4
1063 2876 1280 2950 chartaceus.

91 3070 95 3078 .
176 3004 268 3080 Flac
295 3003 339 3078 E.
368 3001 455 3076 cod.
484 3007 531 3077 32
559 3005 647 3102 plut.
678 3006 726 3076 64
753 3026 844 3075 saec.
870 3024 924 3074 xv
948 3003 987 3074 in
1013 3004 1037 3073 4
1062 3002 1260 3074 membran.

176 3131 336 3206 1411111ῖῖ
364 3129 451 3211 Cod.
480 3133 526 3203 31
555 3132 643 3229 plut.
673 3132 918 3203 6411111111
942 3129 980 3202 in
1008 3131 1031 3200 4
1056 3128 1251 3202 membran.

177 3258 270 3333 Flor.
302 3242 360 3334 G.
374 3256 460 3332 Ood.
490 3261 538 3332 30
564 3259 652 3356 plut.
681 3259 730 3330 64
756 3281 847 3332 saec.
873 3279 926 3330 xv
952 3256 989 3329 in
1018 3259 1041 3328 4
1066 3259 1261 3332 membran.

176 3379 271 3460 Far.
297 3386 346 3462 H.
374 3384 461 3460 Cod.
490 3389 537 3459 29
564 3387 652 3484 plut.
682 3389 730 3459 64
756 3410 847 3458 saec.
873 3407 928 3457 xv
952 3385 990 3458 in
1017 3387 1041 3482 4
1066 3387 1260 3460 membran.

178 3511 273 3586 Flor.
304 3512 334 3587 Ι.
376 3510 463 3586 Ood.
491 3516 539 3586 28
566 3515 654 3612 plut.
683 3515 732 3585 64
757 3537 848 3587 saec.
874 3535 929 3585 xv
953 3512 990 3585 in
1017 3515 1041 3584 4
1067 3515 1262 3589 membran.

75 3650 114 3714 et
140 3637 214 3712 duo
238 3637 458 3714 Beruenses:
517 3701 520 3704 .

179 3767 286 3843 Baras.
313 3766 359 3842 A.
394 3767 556 3841 biblioth.
590 3769 687 3867 publ.
721 3765 826 3841 Bern.
862 3766 939 3871 cod.
973 3764 1016 3840 N.
1051 3768 1124 3840 451
1158 3793 1249 3841 saec.
1282 3794 1310 3842 x

128 3892 292 3990 quadrat.
318 3893 513 3968 membran.

22 4075 25 4078 >
179 4020 286 4096 Bora.
312 4021 359 4097 B.
387 4020 546 4095 eiusdem
570 4021 731 4096 biblioth.
758 4019 995 4096 1111111282
1023 4044 1114 4094 saec.
1131 4042 1185 4092 xv
1201 4046 1309 4095 mem·

127 4147 229 4220 bran.
255 4147 391 4222 formae
418 4173 509 4246 quae
533 4149 593 4221 sol.
619 4148 735 4222 minor
761 4148 899 4223 dicitur.
1245 4241 1249 4250 Ι

180 4272 330 4348 Praeter
355 4275 421 4349 hos
446 4299 578 4374 magno
603 4275 707 4349 nobis
732 4275 814 4348 usui
838 4277 984 4349 firerunt
1008 4271 1116 4345 trium
1139 4274 1311 4348 librorum

75 4425 162 4474 mss.
187 4400 225 4473 in
251 4388 469 4475 bibliotheca
492 4401 709 4476 Academiae
734 4401 917 4475 Leidensis
950 4409 1216 4493 asservatorum
1242 4401 1311 4473 col·
