2926 5174
206 305 282 375 494
702 322 736 384 o.
765 320 889 372 conrii
914 321 999 372 nuri

205 504 320 578 decim
352 504 448 577 milia
478 503 641 601 peditum
667 514 703 577 et
729 503 801 576 duo
834 504 930 576 milia
955 504 1142 600 equitum,
1185 530 1282 601 quae
1312 506 1429 580 inilsia

203 617 383 706 retineret,
411 616 491 712 eligi
517 615 629 705 iussit,
657 616 875 704 existimans,
907 615 1050 688 modico
1079 617 1254 688 exercitu
1280 618 1428 691 continere

203 752 309 824 posse
344 727 486 816 Asiam,
527 726 609 822 quia
647 726 808 824 pluribus
847 727 932 799 locis
971 727 1163 823 praesidia
1206 727 1426 825 disposuisset

204 863 388 934 nuperque
408 835 569 909 conditas
592 837 710 927 urbes,
738 863 826 935 quas
854 839 986 910 colonis
1013 839 1213 936 replesset,
1242 863 1301 912 res
1325 865 1427 913 novare

205 949 427 1046 cupientibus
455 948 598 1020 obstare
626 948 803 1021 credebat.
858 947 1024 1022 Ceterum
1052 951 1278 1048 priusquam
1304 971 1446 1026 secema-i

205 1069 270 1148 ret,
298 1084 387 1155 quos
410 1069 488 1131 erat
509 1068 724 1150 retenturus,
752 1057 874 1149 edixit,
901 1069 941 1132 ut
966 1085 1096 1132 omnes
1126 1061 1267 1134 milites
1293 1088 1348 1136 aes
1370 1063 1427 1136 alie

94 1173 97 1179 ’
203 1195 291 1242 nuin
324 1173 586 1268 profiterentur.
641 1167 759 1244 Grave
798 1170 974 1267 plerisque
1009 1197 1093 1244 esse
1133 1185 1372 1270 compererat,
1404 1186 1427 1246 et

205 1307 419 1378 quamquam
445 1283 604 1379 ipsorum
631 1283 720 1354 luxu
746 1292 968 1355 contractum
991 1294 1083 1372 erat,
1114 1283 1321 1358 dissolvere
1336 1296 1425 1358 tamen

204 1392 279 1490 ipse
307 1391 523 1465 decreverat.
576 1391 646 1482 llli,
679 1394 847 1489 temptari
871 1393 966 1490 ipsos
997 1395 1088 1485 rati,
1133 1421 1211 1493 quo
1244 1397 1371 1470 facilius
1396 1397 1452 1469 ibit

204 1504 352 1602 integris
379 1512 608 1599 sumptuosos
635 1501 863 1594 discerneret,
895 1505 1113 1600 prolatando
1145 1509 1366 1605 aliquantum
1385 1533 1424 1580 ei·

205 1623 392 1687 traxerant
418 1614 598 1712 temporis.
651 1612 699 1686 Et
724 1639 791 1688 rex
818 1616 902 1688 satis
928 1641 1081 1713 gnarus,
1119 1620 1340 1717 professioni
1361 1620 1425 1693 aerii

204 1724 380 1823 pudorem
387 1765 409 1816 ,-
430 1752 504 1798 non
537 1725 797 1798 contumaciam
830 1727 986 1818 obstare,
1021 1753 1178 1802 mensas
1212 1730 1302 1802 totis
1332 1729 1424 1803 castrii

204 1837 289 1935 poni
314 1838 427 1928 iussit,
455 1851 491 1909 et
517 1835 641 1909 decem
667 1836 762 1908 milia
784 1838 957 1910 talentum
983 1841 1154 1935 proferri.
1199 1840 1296 1914 Tum
1317 1840 1424 1914 demun
1433 1854 1449 1902 1¹

203 1947 276 2021 fide
302 1950 397 2022 facta
422 1949 573 2048 professi
600 1959 693 2038 sunt,
720 1972 786 2019 nec
804 1948 953 2044 amplius
972 1974 1018 2021 ex
1040 1960 1153 2023 tanta
1181 1953 1336 2050 pecunia
1350 1975 1425 2048 quui

205 2069 349 2132 centum
376 2071 412 2133 et
438 2061 585 2158 triginta
610 2061 746 2132 talenta
772 2061 987 2157 superfuere.
1035 2061 1150 2134 Adeo
1179 2063 1243 2137 ille
1272 2063 1424 2151 exercitui,

204 2178 261 2242 tot
288 2170 540 2244 ditissimarum
560 2170 721 2269 gentiimi
738 2169 863 2260 victor,
889 2173 969 2268 plus
987 2181 1114 2244 tamen
1132 2175 1327 2267 victoriae,
1350 2197 1425 2272 quati

205 2280 370 2377 praedae,
398 2281 603 2380 deportavit
630 2308 677 2355 ex
701 2280 800 2353 Asia.

157 2393 177 2462 9
309 2390 476 2464 Ceterum
502 2404 544 2466 ut
570 2395 752 2493 cognitmn
784 2402 854 2482 est,
890 2393 976 2464 alios
1007 2394 1150 2467 remitti
1187 2395 1335 2488 domos,
1365 2395 1448 2468 iiiiii

205 2502 364 2593 retineri,
403 2516 613 2601 perpetuam
651 2530 733 2577 eum
764 2503 867 2601 regni
899 2503 1018 2577 sedem
1049 2503 1090 2575 in
1125 2505 1224 2580 Asia
1256 2509 1428 2583 habiturum

205 2615 284 2705 rati,
310 2614 483 2689 vecordes
511 2626 547 2689 et
573 2616 779 2714 disciplinae
805 2615 964 2688 militaris
989 2616 1251 2711 immemoreS,
1285 2617 1428 2696 seditiosis

204 2872 289 2924 xvm,
303 2865 341 2911 17.
367 2854 473 2929 Reliqui
491 2858 573 2929 igitur
590 2867 720 2930 quattuor
736 2858 808 2912 milia
842 2858 901 2912 libri
919 2876 1007 2913 omnes
1019 2860 1168 2928 professio
1189 2874 1241 2932 est,
1260 2863 1338 2935 pauci
1352 2880 1365 2917 e
1378 2862 1428 2914 tite

205 2927 233 2979 iii
258 2927 352 2980 itinere
377 2927 500 2980 videntur
522 2929 676 2982 remansisse
699 2944 730 2980 ac
753 2928 809 2981 for·
842 2927 940 2980 riorum
952 2944 1061 2980 numero
1075 2934 1235 2996 promissio
1249 2944 1297 2988 est.
1323 2933 1427 2988 Setaea

204 3003 275 3048 tasse
300 2996 327 3048 in
353 2996 460 3049 coloniis
479 2995 586 3050 Graecis
607 2997 635 3050 in
661 3015 707 3050 ora
728 2997 808 3049 Asiae
842 2998 993 3050 emendasse
1011 3004 1087 3067 puto.

204 3063 261 3117 ⁸55⁸
279 3066 473 3146 ⁰⁰¹1⁵⁸d0¹⁸⁸¹1t2
523 3135 527 3146 ,
877 3083 1065 3135 ditissimorum
1082 3087 1222 3156 petatium]
1260 3078 1425 3142 Bemniiit

238 3149 281 3185 res
299 3151 395 3186 vacuare
413 3135 585 3203 captantibus]
623 3133 807 3188 Codd.omnes
842 3154 940 3203 νοω
966 3152 1197 3207 divitissimarum
1221 3158 1298 3227 quod
1318 3157 1375 3209 item
1387 3149 1425 3203 Ma

204 3218 386 3269 resreaovare,
397 3203 468 3272 quod
477 3220 535 3255 cum
544 3202 807 3257 hocsensuLatinum
842 3217 1189 3285 diusedjdjt3F10rentini
1207 3242 1302 3279 omnes
1318 3240 1369 3278 cum
1419 3253 1424 3265 .

204 3286 259 3322 non
276 3268 326 3336 sit,
350 3279 423 3324 recte
440 3271 495 3323 sine
513 3271 594 3325 dubio
611 3271 702 3324 Iunius
720 3288 806 3323 einen-
841 3286 1022 3353 consentiunt,
1051 3299 1168 3357 praeter
1196 3311 1283 3346 unum
1308 3293 1389 3346 librum
1418 3321 1424 3335 ,

204 3336 283 3457 gavit·
304 3356 412 3405 novare,
442 3339 588 3460 reliquique
617 3347 805 3420 propagarunt:
840 3360 935 3425 Itaque
957 3356 990 3408 ab
1013 3371 1046 3407 ea
1068 3360 1205 3414 recedere
1223 3380 1279 3416 non
1297 3370 1422 3415 animm

226 3405 259 3456 ed
276 3423 303 3456 in
320 3407 402 3460 verbo
426 3418 538 3476 cupienti
556 3427 587 3462 iis
609 3408 728 3478 plerique
745 3408 806 3461 libri
842 3424 883 3478 cf,
901 3425 935 3476 ad
951 3437 993 3490 Ν,
1012 3430 1028 3476 4
1046 3434 1121 3480 extr,

203 3489 265 3524 mss.
283 3481 310 3525 et
327 3474 440 3544 primum
459 3475 524 3528 editi
542 3476 645 3542 finiunt,
664 3495 717 3530 non
735 3476 806 3529 clau-

205 3541 282 3608 dunt,
293 3542 440 3596 orationem
449 3553 477 3596 et
485 3544 699 3616 interpunctione
708 3543 805 3598 maiore
876 3542 940 3614 Cap.
957 3550 985 3607 9,
1010 3545 1033 3610 ξ.
1050 3550 1094 3596 12.
1133 3549 1210 3602 alios
1236 3551 1334 3604 remitti
1353 3549 1416 3600 dimi

203 3610 274 3662 facta
298 3620 413 3681 pergunt
442 3613 568 3665 Ceterum.
603 3613 686 3666 Aldus
714 3630 805 3666 secun·
839 3611 929 3681 Vulgo
950 3610 1038 3664 editur
1058 3614 1131 3666 mitti
1151 3619 1264 3671 domum
1284 3619 1330 3671 sed

204 3679 268 3731 dum
289 3697 370 3732 unum
389 3681 447 3734 cod.
465 3688 584 3734 nostrum
601 3682 672 3735 Flor.
691 3681 717 3734 G
734 3681 805 3733 adie-
841 3683 928 3733 domos
950 3679 978 3732 in
999 3697 1062 3733 mss.
1086 3682 1124 3734 ad
1148 3701 1240 3738 unuin
1263 3683 1423 3804 01111111)ωῶ

205 3746 243 3800 cit
261 3749 376 3814 obstare,
403 3765 487 3818 eaque
509 3749 619 3819 vulgata
640 3750 719 3803 lectio
736 3750 806 3803 facta
840 3750 935 3801 remitti
960 3747 987 3800 in
1012 3747 1152 3818 plurimis,
1186 3753 1274 3808 utin
1295 3755 1362 3809 Flor.

204 3824 253 3869 est.
289 3816 342 3870 Sed
369 3817 450 3887 longe
474 3826 608 3887 praestat,
641 3837 700 3872 cum
725 3818 805 3871 semel
840 3817 956 3870 Bern.B
979 3817 1074 3869 dimitti
1093 3817 1150 3887 sit,
1186 3821 1218 3875 iii
1245 3823 1321 3878 nullo
1346 3814 1423 3889 iiiipl‘¹

204 3884 239 3938 ali
257 3884 303 3937 uid
312 3886 458 3938 addendum
469 3896 525 3938 esse
535 3887 718 3952 censuerimus,
730 3887 806 3957 sequi
840 3887 915 3938 mitti.

205 3953 805 4008 co'cesPal.1Flor.DFIetscribereob-
874 3955 903 4006 in
921 3956 987 4007 Asia
1004 3953 1173 4025 letdarum]
1209 3959 1345 4024 Quoniam
1358 3951 1422 4010 Μ

204 4031 276 4074 stare
294 4024 421 4075 credebat.
840 4021 941 4074 literam
963 4040 987 4074 m
1008 4020 1055 4072 ubi
1078 4027 1225 4081 sententis
1252 4027 1381 4082 manifesto
1396 4033 1422 4072 ¹*r

238 4093 312 4158 §.lu
349 4093 433 4144 decem
451 4092 525 4144 milio
543 4093 677 4161 talentum]
714 4091 804 4162 Vulgo
838 4099 953 4212 pugnat,
982 4087 1104 4141 additam
1122 4091 1200 4160 vidi,
1229 4113 1267 4151 nc
1285 4097 1335 4151 lioc
1349 4089 1422 4165 qudi·

204 4158 288 4210 edunt
306 4161 467 4213 talentorum.
498 4159 552 4212 Sed
565 4160 672 4212 alteram
685 4159 805 4227 formam,
849 4176 897 4213 oco
914 4175 1021 4212 moveor
1039 4159 1115 4226 quod
1133 4159 1165 4213 in
1185 4162 1266 4218 libris
1283 4160 1422 4236 piurimis

205 4243 257 4296 qua
277 4233 381 4280 veteres
402 4229 457 4281 fere
478 4236 603 4294 utuntur,
631 4229 706 4281 codd.
724 4227 805 4297 pleri·
840 4245 892 4298 que
909 4229 974 4280 adeo
983 4224 1088 4304 optimis
1109 4229 1140 4279 in
1151 4231 1258 4286 Asiam
1267 4232 1368 4305 ligius,
1380 4224 1422 4280 ⁸⁶⁸⁰

205 4309 257 4363 que
275 4312 376 4348 omnes:
399 4301 497 4350 talenta
514 4296 620 4350 FlorD
639 4299 750 4350 Vosst.
839 4305 869 4348 ut
886 4299 954 4349 Asia
972 4312 987 4347 a
1007 4311 1096 4363 prima
1120 4313 1212 4352 manu
1235 4320 1293 4356 non
1314 4301 1348 4356 sit
1361 4303 1422 4354 ruffi

239 4365 263 4440 5.
279 4372 318 4415 11.
343 4366 402 4443 fide
441 4376 501 4418 octo
518 4367 638 4435 professi
655 4368 724 4432 sant]
761 4365 805 4419 Sic
838 4364 908 4444 Flor.
927 4364 984 4444 ῌΗ.
1023 4361 1130 4416 vei-um
1146 4375 1195 4444 'ut
1224 4370 1285 4425 dixi
1308 4371 1337 4425 in
1358 4363 1421 4422 uid!

206 4445 303 4498 primus
312 4432 395 4485 edidit
435 4433 510 4487 odius
527 4435 561 4487 de
578 4433 734 4499 coniectura,
743 4451 805 4486 nam
838 4448 985 4504 saepissime
1000 4439 1115 4503 peccant
1133 4432 1257 4492 librarii.

73 4738 210 4864 'N
