2926 5174
480 254 684 340 nn‘onsrrs
710 289 820 342 nnnx.
847 292 897 360 vr,
926 291 966 338 11.
1273 275 1346 344 241

100 470 139 546 si
174 452 301 547 Venire
334 495 371 545 se
397 471 551 562 iuberet,
585 472 662 545 sine
694 482 793 546 metu
825 499 904 549 esse
936 486 1138 549 venturum.
1191 474 1274 549 Non
1305 468 1347 550 tiss

95 609 212 675 mere,
239 607 286 656 ne
310 579 416 654 fidem
443 579 566 661 datam
591 591 715 656 tantus
741 610 808 657 rex
833 586 1004 660 violaret:
1034 585 1122 659 deos
1145 610 1169 657 a
1186 584 1255 659 deo
1272 588 1346 660 falli

97 721 175 768 non
195 695 322 768 solere.
354 689 522 766 Ceterum
549 694 589 783 si,
616 695 674 766 cui
699 692 808 768 fidem
827 694 940 787 daret,
966 695 1151 770 videretur
1167 696 1346 796 indignus,

96 806 217 878 multa
252 805 358 878 exilia
387 814 512 903 patere
544 804 709 902 fugienti:
741 805 895 903 patriam
927 831 1024 896 esse,
1056 807 1260 904 ubicunque
1291 809 1348 880 vir

95 916 204 991 sortis
233 915 356 989 sedem
381 915 449 988 sibi
475 916 630 1014 elegerit.
677 914 752 990 Nec
778 915 960 990 dubitavit
993 916 1203 991 Alexander
1226 916 1346 1011 fidem,

96 1052 169 1125 quo
189 1026 328 1125 Persae
351 1026 460 1100 modo
487 1026 718 1124 accipiebant,
745 1025 842 1118 dare,
868 1028 1091 1119 inviolatum,
1118 1030 1148 1102 si
1175 1031 1334 1121 venisset

94 1139 186 1210 fore.
1222 1204 1225 1210 .

206 1245 393 1336 Quadrato
424 1258 546 1321 tamen
577 1248 719 1347 agmine
746 1259 783 1323 et
807 1249 1006 1347 composito
1031 1249 1123 1340 ibat,
1150 1252 1398 1347 speculato-12

95 1383 156 1431 res
183 1357 339 1430 subinde
364 1358 607 1456 praemittam,
635 1361 696 1457 qni
721 1362 952 1458 explorarent
977 1361 1065 1433 loca.
1099 1359 1207 1434 Levis
1234 1385 1347 1433 arma·

95 1481 182 1541 tura
211 1467 367 1541 ducebat
391 1493 530 1566 agmen,
557 1470 717 1567 phalanx
744 1494 823 1544 eam
850 1469 1077 1566 sequebatur,
1098 1480 1183 1568 post
1208 1469 1347 1569 pedites

96 1589 204 1652 erant
231 1576 494 1677 impedimenta.
541 1579 590 1651 Et
615 1605 704 1678 gens
731 1581 899 1654 bellicosa
925 1591 962 1656 et
986 1590 1138 1655 naturae
1164 1582 1254 1654 situs
1282 1581 1345 1654 dif-

95 1689 202 1762 ficilis
231 1688 330 1762 aditu
357 1715 480 1763 curam
505 1692 599 1789 regis
625 1691 839 1765 intenderat.
883 1689 1045 1788 Namque
1071 1702 1246 1790 perpetua
1272 1693 1346 1764 val·

94 1802 150 1874 les
188 1800 300 1892 iacet,
335 1827 449 1898 usque
482 1800 529 1874 ad
564 1827 663 1875 mare
698 1799 867 1899 Caspium
908 1811 1046 1900 patens.
1106 1801 1189 1876 Duo
1225 1815 1344 1877 terrae

97 1912 176 1984 eius
209 1911 311 1984 velut
343 1911 498 1985 brachia*
524 1923 738 1986 excurrunt:
771 1913 889 1986 media
923 1912 1020 1985 flexu
1053 1911 1194 1985 modico
1230 1914 1348 1986 sinum

96 2022 248 2111 faciunt,
276 2022 380 2095 lunae
406 2024 561 2098 maxime
588 2025 756 2114 similem,
790 2050 871 2097 cnm
907 2023 1064 2096 eminent
1089 2048 1233 2114 cornua,
1259 2050 1347 2097 non·

98 2134 190 2206 dum
216 2143 334 2206 totum
360 2134 485 2206 orbem
510 2134 626 2208 sidere
651 2135 831 2232 implente.
881 2131 1050 2208 Cercetae
1077 2145 1114 2209 et
1139 2133 1282 2234 Mosyni
1309 2144 1346 2208 et

99 2243 285 2344 Chalybes
312 2271 334 2316 a
358 2247 462 2318 laeva
487 2256 588 2336 sunt,
614 2245 660 2318 ab
688 2246 801 2318 altera
826 2255 929 2342 parte
955 2243 1149 2344 Leucosyri
1176 2255 1213 2318 et
1238 2247 1346 2319 Ama·

100 2381 237 2428 zonum
273 2357 402 2453 campi;
439 2367 475 2429 et
509 2357 589 2428 illos
616 2382 686 2453 qna
712 2357 830 2454 vergit
864 2354 911 2428 ad
938 2352 1243 2454 Septentrionem,
1276 2358 1344 2430 hos

98 2467 147 2539 ad
175 2491 345 2540 occasum
377 2492 552 2539 conversa
582 2476 798 2565 prospectat.
859 2465 959 2540 Mare
986 2466 1171 2566 Caspium,
1207 2465 1345 2540 dulcius

98 2578 242 2667 ceteris,
269 2576 422 2676 ingentis
449 2577 703 2675 magnitudinis
730 2588 914 2675 serpentes
941 2579 1019 2669 alit3
1056 2578 1205 2675 piscium
1236 2579 1274 2650 in
1301 2605 1344 2652 eo

132 2754 158 2820 ξ.
183 2759 226 2806 13.
264 2753 355 2806 Sedem
373 2755 424 2806 sibi
441 2754 556 2822 deperit]
591 2750 709 2804 Mediam
763 2751 835 2805 'lium
853 2752 920 2804 Aen.
938 2765 980 2820 x1,
997 2758 1047 2806 522
1067 2752 1154 2806 Servii
1171 2753 1251 2806 etiem
1269 2753 1346 2807 scho-

95 2836 194 2874 vocem
217 2819 280 2872 libri
295 2821 345 2873 mei
368 2821 473 2892 quidem
493 2835 584 2874 omnes
607 2820 709 2873 addunt
751 2815 835 2873 ”astae
864 2819 1015 2874 testimonio
1052 2827 1156 2888 tutum,
1192 2820 1347 2874 deminutivi

95 2888 198 2959 (Snak.
217 2887 294 2941 Leid.
311 2889 412 2943 Voss2
431 2893 642 2956 commemorat),
661 2888 709 2940 sed
743 2889 854 2942 formam
878 2905 929 2959 per
951 2887 1101 2942 evocalem
1118 2905 1175 2941 esse
1192 2890 1346 2943 valleculum

93 2957 174 3038 quod
207 2956 319 3010 Modius
350 2957 433 3012 edidit
464 2958 556 3027 legerit
581 2956 610 3009 in
635 2955 708 3009 nullo
742 2955 936 3010 contendentis.
972 2955 1203 3010 Commemoratur
1220 2957 1346 3011 eadema

93 3024 198 3079 mveni.
741 3024 850 3077 Valerio·
874 3024 965 3078 Probo
1012 3064 1018 3077 .
1044 3031 1110 3078 1470
1143 3023 1251 3078 Putseh.
1275 3025 1347 3079 inter

129 3097 155 3163 ξ.
178 3101 222 3147 14.
260 3110 309 3162 quo
327 3095 426 3147 Persae
443 3097 528 3162 ruodo]
564 3092 634 3147 Vide
652 3092 707 3145 Ne·
742 3093 806 3146 alias
833 3109 911 3145 voces
938 3043 1078 3163 dupliciter
1102 3091 1266 3145 terminatas.
1303 3093 1346 3148 cf.

92 3171 194 3234 potem
223 3161 252 3214 in
270 3162 326 3215 vita
350 3162 470 3216 Datamis
490 3170 521 3217 10
540 3163 657 3230 sifidem
676 3164 707 3214 de
742 3160 945 3214 Drakenborch.
963 3161 997 3213 ad
1014 3159 1123 3214 Lir.1v
1154 3166 1187 3214 25
1241 3178 1268 3231 g.
1287 3166 1346 3215 955.

91 3250 124 3286 ea
154 3248 186 3284 re
204 3247 280 3282 more
303 3232 445 3284 Persarum
471 3235 565 3285 dextra
583 3233 705 3296 dedisset,
743 3229 875 3283 Oudendo
910 3229 970 3282 ,ad
989 3227 1065 3283 Caes.
1082 3200 1189 3282 bellG
1227 3237 1344 3297 ,V11,4l

91 3300 188 3372 ibique
207 3298 321 3370 interpr.
337 3299 423 3352 Tacit.
436 3299 508 3353 Hist.
526 3313 548 3366 1,
559 3302 705 3352 5411111111
740 3316 838 3368 mayoc
855 3316 888 3350 oa
900 3300 945 3350 les.

91 3370 210 3423 mittere.
776 3370 799 3435 ξ.
828 3373 868 3418 17.
905 3376 928 3419 et
961 3365 1024 3420 Mos
1060 3368 1080 3435 1]
1126 3365 1347 3421 coniunctionem
1445 3377 1448 3383 '

124 3437 320 3507 Cap.12,§.
345 3444 385 3491 15.
420 3446 532 3490 naturae
549 3436 626 3503 situs]
662 3433 707 3488 Sic
742 3434 832 3489 addidi
849 3434 1003 3488 iubentibus
1039 3434 1102 3489 'bris
1124 3434 1221 3489 nostris
1258 3435 1347 3490 uidem

91 3505 154 3560 libri
174 3502 291 3585 optimi,
309 3505 389 3559 ceteri
405 3512 437 3558 ut
453 3505 534 3575 vulgo
551 3503 640 3557 editur
657 3522 706 3556 110-
741 3503 864 3558 omnibus
873 3511 901 3556 et
911 3502 992 3556 Snsk.
1003 3501 1079 3557 Leid.
1087 3504 1165 3558 Voss.
1177 3512 1201 3572 1,
1215 3454 1261 3558 sed
1271 3505 1346 3558 Mos·

91 3586 154 3629 tura
175 3583 250 3627 seras
270 3574 388 3641 difficilis
406 3576 489 3641 editu,
508 3581 539 3625 ut
557 3574 632 3638 situs,
648 3572 706 3643 opi·
741 3575 801 3626 sni
831 3571 953 3625 meliores
975 3571 1058 3640 libri,
1091 3573 1163 3644 quod
1195 3580 1347 3627 correxerat

91 3661 158 3710 ror,
189 3639 326 3711 genitivus
343 3648 419 3695 esset.
453 3642 555 3696 Verum
572 3642 640 3694 situs
657 3658 706 3693 110-
764 3640 934 3695 reinshemius
952 3642 1060 3694 brevem
1072 3657 1129 3694 esse
1137 3641 1250 3712 primam
1297 3641 1346 3695 lle·

91 3723 170 3766 uerae
195 3725 256 3762 non
284 3711 350 3763 male
376 3710 426 3764 diei
453 3711 560 3763 videtur
584 3726 635 3779 pro
654 3709 705 3763 situ
740 3709 1248 3783 bamdocensex'l'ibullow,1,147.
1291 3717 1347 3763 ete-

91 3777 235 3834 nturali:
263 3775 333 3831 infra
353 3779 397 3832 lib.
421 3793 479 3847 vn,
506 3785 537 3830 15
558 3780 705 3847 perducere
739 3777 940 3832 rumtotahaec
954 3777 1346 3857 paragraphusaCaspiimmis

91 3852 220 3902 {mutos
239 3846 271 3898 in
290 3847 344 3900 loca
361 3857 471 3900 naturae
488 3848 542 3900 situ
560 3849 639 3899 invia.
743 3845 921 3917 descriptione
953 3846 1039 3900 aliena
1068 3847 1105 3899 ed
1135 3845 1240 3899 Pontici
1267 3844 1346 3903 maris

121 3920 149 3985 ς.
177 3921 225 3968 16.
257 3925 385 3984 perpetua
412 3918 490 3969 valles
518 3917 594 3982 iacet]
630 3914 708 3968 Hanc
741 3923 845 3986 partem
862 3914 981 3968 intimam
998 3914 1121 3986 pertinet.
1139 3913 1209 3966 Vide
1227 3912 1346 3965 Schmie-

91 3984 164 4040 rocis
188 3983 310 4035 sormam
334 3984 475 4038 auctoritas
492 3983 619 4038 librorum
637 3983 707 4052 opti·
742 3983 799 4037 deri
821 3983 1001 4038 Commentar.
1030 4001 1055 4053 p.
1089 3987 1147 4036 183.
1188 3980 1347 4051 Diciturque

91 4069 206 4107 norum
232 4048 311 4102 Leid.
336 4052 442 4106 Vossl
467 4053 539 4106 Flor.
557 4051 607 4104 AB
625 4051 707 4104 Bern.
741 4052 846 4105 laevum
873 4059 900 4104 et
927 4051 1050 4104 dextrum
1072 4050 1141 4103 latus
1160 4048 1235 4117 qussi
1250 4048 1271 4100 si
1289 4050 1347 4120 quis

91 4124 114 4175 Δ
133 4127 250 4184 tuetur,
271 4133 356 4188 neque
373 4137 430 4175 eam
446 4138 502 4175 esse
520 4119 707 4190 negligendam
741 4121 807 4174 mari
825 4120 933 4174 accedat
951 4120 986 4171 ad
1003 4119 1075 4172 illam
1092 4134 1172 4172 oram.

91 4186 237 4252 censebis,
259 4184 283 4237 si
300 4189 437 4243 contuleris
456 4206 523 4260 quae
542 4187 707 4241 accuratissi·
776 4192 799 4257 ς.
819 4195 859 4242 18.
888 4189 1005 4259 piscium
1032 4189 1060 4239 in
1087 4203 1115 4239 eo
1133 4186 1208 4253 101190
1226 4186 1345 4240 diversus

91 4275 151 4310 mus
171 4252 343 4308 Foroellinus
360 4257 452 4312 inlex.
470 4257 587 4328 collegit.
621 4256 707 4309 Nimi-
742 4260 775 4311 01
802 4260 864 4311 aliis
888 4258 958 4309 color
977 4258 1025 4323 est]
1060 4254 1150 4324 Vulgo
1163 4255 1252 4322 pisces
1271 4256 1346 4325 lonpe

91 4344 153 4379 rum
173 4324 265 4376 valles
286 4325 439 4380 nominativo
456 4345 519 4381 casu
535 4334 564 4379 et
578 4326 707 4396 producta
742 4327 840 4379 diversi
862 4327 895 4378 ab
918 4326 981 4376 aliis
1005 4325 1114 4402 coloris²
1143 4322 1214 4392 qnod
1258 4322 1346 4377 uidem

91 4393 194 4447 ultima
213 4388 321 4459 syllaba
340 4393 434 4465 legitur
450 4396 531 4451 etiam
549 4395 621 4464 apud
638 4394 706 4448 Ver·
741 4393 768 4447 in
786 4394 859 4449 nullo
878 4391 969 4447 codice
986 4399 1162 4461 manuscripto
1176 4397 1225 4443 est.
1273 4399 1347 4450 ostra

1143 4482 1174 4530 16
