2926 5174
188 256 215 306 X
696 251 916 306 PRAEFATIO.

187 437 365 512 ctionibus
400 434 652 532 Bongarsianis
687 459 778 531 opus
812 445 890 506 erat
923 434 961 506 in
995 461 1055 525 ea,
1101 460 1171 532 qua
1204 436 1405 527 fiuebamur,

187 574 368 638 certorum
392 564 543 634 fontium
570 562 745 651 ubertate,
772 571 809 632 et
834 560 936 633 facile
961 561 1156 635 verendum
1184 573 1270 653 erat,
1295 589 1341 636 ne
1360 564 1407 636 bis

188 703 313 787 terque
340 688 491 762 eundem
526 688 685 761 codicem
709 712 775 759 ms.
807 688 1006 761 citaremus.
1058 687 1194 762 Eadem
1220 701 1410 781 causaest,

188 844 252 890 cur
277 816 533 888 Theocreniani
559 814 689 888 codicis
724 814 895 894 lectiones
928 815 966 887 in
998 816 1217 914 marginibus
1245 814 1412 915 Gryphia

187 969 316 1017 narum
350 940 431 1018 edd.
467 967 498 1014 a.
528 944 625 1014 1588
658 952 695 1015 et
724 944 821 1014 1597
862 953 1026 1015 enotatas
1061 954 1098 1017 et
1135 969 1158 1017 a
1189 941 1412 1017 Schmiedero

187 1072 321 1170 passim
353 1069 531 1142 adhibitas
562 1068 836 1166 neglexerimus.
887 1068 995 1143 Liber
1024 1070 1101 1161 ille,
1137 1095 1242 1167 quem
1268 1069 1413 1146 Benedi-

187 1209 265 1271 ctus
292 1197 520 1270 Theocrenus
545 1196 674 1284 Italus,
708 1205 920 1293 praeceptor
943 1196 1097 1269 filiorum
1121 1198 1215 1294 regis
1241 1196 1417 1271 Francisci

186 1324 222 1413 I,
254 1322 481 1421 possederat,
518 1333 555 1396 et
580 1321 723 1394 Italicus
750 1332 806 1394 est
832 1332 869 1395 et
894 1347 986 1395 unus
1013 1349 1060 1395 ex
1086 1322 1260 1398 deteriore
1285 1326 1418 1398 familia

186 1451 343 1547 nihilque
381 1448 492 1521 habet
529 1447 729 1546 proprium,
774 1447 872 1545 quod
911 1451 1141 1523 annotatione
1181 1450 1328 1548 dignum
1364 1454 1418 1525 sit.

186 1576 277 1649 Item
304 1575 375 1648 duo
403 1573 506 1647 codd.
534 1572 769 1665 Oxonienses,
795 1576 886 1648 alter
912 1574 999 1648 Coll.
1027 1575 1132 1675 Corp.
1160 1575 1300 1667 Christi,
1328 1580 1418 1652 alter

186 1702 412 1793 Bodleianus,
439 1727 591 1799 quorum
608 1702 751 1774 varians
778 1703 953 1800 scriptura
979 1715 1149 1802 excerpta
1175 1706 1285 1778 estin
1302 1704 1418 1780 Musei

189 1828 405 1905 Oxoniensis
431 1829 593 1901 litterarii
620 1840 814 1926 conspectu
841 1826 1004 1904 Oxoniae
1035 1834 1143 1904 1792.
1172 1833 1213 1921 8,
1240 1844 1276 1908 et
1302 1832 1419 1909 deter-

185 1958 265 2030 rimi
291 1966 376 2030 sunt
401 1957 541 2054 generis
568 1967 606 2030 et
631 1956 853 2054 negligenter
878 1958 1005 2029 collati.
1037 1955 1161 2054 Neque
1178 1959 1293 2032 codex
1309 1985 1420 2033 mem-

186 2084 383 2157 branaceus
422 2085 557 2156 formae
596 2095 665 2157 oct
730 2083 1018 2181 Vitebergensis,
1071 2087 1131 2182 qui
1169 2097 1310 2182 praeter
1352 2090 1421 2161 alia

187 2222 375 2309 excerptas
402 2236 422 2282 e
449 2208 620 2283 Curtiana
651 2211 800 2283 historia
834 2211 1014 2285 orationes
1040 2215 1213 2304 continet,
1251 2214 1318 2288 nisi
1346 2218 1419 2289 suis

186 2337 282 2410 vitiis
309 2363 331 2410 a
358 2337 573 2410 deteriorum
600 2347 698 2412 secta
722 2337 872 2411 recedit:
901 2339 1000 2412 cuius
1027 2341 1240 2438 scripturam
1265 2367 1288 2414 a
1312 2352 1418 2416 textu

187 2464 313 2561 prioris
340 2464 504 2537 editionis
539 2474 685 2537 nostrae
710 2463 826 2538 Berol
857 2467 954 2538 1826
990 2466 1250 2564 discrepantem
1277 2470 1418 2566 collegit

187 2589 399 2664 Wenschius
425 2593 463 2664 in
485 2592 830 2665 Zimmfflmanniano
855 2592 947 2664 libro
972 2604 1167 2684 menstruo,
1193 2594 1416 2685 „Zeitschrift

185 2719 244 2790 fiir
258 2718 315 2790 die
336 2719 828 2792 Alterthumswisscnschaft“
850 2746 881 2791 a.
904 2722 999 2792 1841
1016 2722 1147 2794 mensis
1168 2721 1321 2794 Ianuarii
1334 2750 1412 2822 pag.

189 2847 236 2918 60
263 2871 338 2942 sqq.
391 2845 633 2918 Parisinorum
665 2846 773 2918 trium
808 2845 970 2919 codicum
1003 2873 1086 2921 mss.
1120 2851 1277 2922 numeris
1307 2854 1412 2942 5716,

187 2976 297 3063 5717,
327 2975 424 3045 5718
452 2974 674 3070 signatorum
700 2974 879 3048 variantes
899 2976 1091 3073 scripturas
1110 2974 1157 3047 ad
1173 2986 1298 3050 vetera
1316 3004 1410 3076 capp.

184 3097 221 3170 V
247 3109 284 3172 et
309 3099 361 3172 Vl
387 3101 467 3171 libri
500 3101 640 3197 septimi
671 3101 742 3173 iam
775 3103 859 3173 olim
891 3127 913 3173 a
943 3102 1214 3176 familiarissimo
1246 3131 1327 3179 meo
1352 3105 1410 3178 Mi-

186 3225 307 3297 chaele
333 3225 458 3298 Beerio
484 3235 562 3298 tum
589 3224 732 3298 Parisiis
760 3239 1002 3303 commorante
1028 3240 1192 3328 acceptas
1218 3232 1343 3322 habui,
1378 3243 1410 3305 et

185 3350 361 3448 integram
396 3376 520 3423 eorum
546 3353 717 3426 librorum
748 3355 974 3428 collationem
1005 3382 1077 3429 non
1110 3357 1299 3432 difficulter
1329 3360 1410 3431 mihi

186 3501 392 3572 comparare
418 3478 632 3575 potuissem,
666 3481 704 3552 ni
735 3482 821 3554 satis
857 3507 904 3554 ex
936 3484 997 3557 illa
1022 3484 1139 3581 operis
1165 3486 1340 3582 particula
1365 3488 1409 3558 in-

185 3603 419 3694 tellexissem,
451 3606 537 3677 nihil
570 3607 608 3679 in
642 3608 684 3680 iis
718 3608 816 3680 libris
843 3608 1027 3684 deterioris
1053 3612 1205 3684 familiae
1232 3614 1409 3700 contineri,

186 3727 231 3801 de
257 3754 327 3825 quo
352 3756 425 3804 non
451 3732 594 3806 abunde
626 3760 673 3807 ex
698 3734 984 3810 Florentinorum
1015 3740 1279 3818 accuratissima
1311 3741 1408 3812 colla-

184 3856 281 3931 tione
321 3870 511 3933 constaret.
585 3860 658 3935 Sed
701 3863 940 3959 fragmentum
985 3864 1115 3939 codicis
1153 3866 1407 3939 membranacei

186 3980 476 4059 Darmstadiense
509 4013 528 4060 e
566 3989 647 4062 libri
677 3988 731 4061 IV
757 4014 831 4086 cap.
858 4000 930 4062 vet.
958 3995 979 4064 2
1012 3993 1089 4088 ipse
1123 3993 1270 4064 curiosis
1302 3991 1405 4064 oculis

185 4107 323 4204 inspexi
358 4129 394 4185 et
425 4115 617 4188 varietates
645 4116 841 4211 scripturae
873 4120 1032 4209 enotavi,
1071 4145 1145 4191 non
1180 4121 1255 4192 sine
1289 4118 1404 4191 dolore

184 4246 370 4330 praestans
396 4240 481 4311 olim
507 4241 690 4337 exemplar
715 4250 790 4313 tam
814 4242 919 4315 foede
944 4247 1088 4342 perisse.

287 4358 352 4434 His
377 4364 484 4461 igitur
518 4365 685 4440 subsidiis
719 4367 861 4440 interim
895 4374 1108 4470 comparatis
1148 4399 1229 4446 cum
1262 4368 1404 4446 subinde
