2926 5174
424 313 474 364 nn
501 312 627 366 onsrrs
653 313 762 364 annx.
789 313 825 383 v,
852 312 894 360 π.
1207 295 1279 367 201

70 525 169 574 murae
201 497 408 597 prominent
434 497 565 588 hirtae,
606 496 717 570 vestis
759 521 868 594 super
901 523 1019 596 genua
1039 508 1127 588 ·est;
1171 496 1282 573 funda

69 611 205 683 vinciunt
229 610 402 700 frontem,
427 611 496 683 hoc
522 617 557 681 et
585 615 837 682 ornamentum
864 611 989 708 capitis
1015 618 1054 683 ct
1079 610 1191 683 telum
1217 619 1280 683 est.

35 743 57 793 a
69 719 124 795 Sed
152 722 242 795 hanc
277 746 416 819 quoque
451 731 596 820 gentem
631 720 727 793 idem
761 719 928 794 fortunae
953 721 1107 820 impetus
1134 719 1281 793 domuit.

68 833 169 930 ltaque
200 831 381 929 trigesimo
408 831 483 923 die,
508 842 701 930 postquam
728 855 749 903 a
775 829 961 931 Persepoli
986 832 1168 930 profectus
1195 840 1281 921 erat,

34 943 172 1017 neodem
197 942 310 1017 rediit.
361 941 467 1016 Dona
492 942 622 1016 deinde
647 942 768 1016 amieis
795 944 994 1040 ceterisque
1019 968 1086 1040 pro
1099 941 1281 1039 'cuiusque

67 1055 171 1129 merito
197 1053 307 1128 dedit
358 1053 623 1153 Propemodum
649 1054 785 1144 omnia,
817 1055 971 1152 quaein
998 1079 1041 1128 ea
1067 1053 1156 1129 urbe
1182 1078 1282 1153 cepe·

67 1176 117 1258 rat,
141 1165 342 1260 distributa
408 1224 410 1228 .
1220 1230 1225 1239 .

34 1294 71 1344 vn.
152 1275 319 1351 Ceterum
342 1275 500 1373 ingentia
525 1273 633 1348 animi
657 1274 764 1367 bona,
777 1277 874 1350 illam
887 1275 1053 1366 indolem,
1068 1301 1138 1373 qua
1160 1265 1332 1351 omnes22

67 1413 147 1487 reges
177 1388 385 1477 antecessit,
419 1387 515 1459 illam
545 1386 583 1459 in
619 1380 814 1461 subeundis
840 1388 1006 1485 periculis
1035 1389 1281 1480 constantiam,

68 1499 95 1572 in
113 1501 213 1574 rebus
239 1498 426 1572 moliendis
454 1496 717 1595 efficiendisque
743 1499 988 1590 velocitatem,
1014 1500 1051 1572 in
1079 1498 1220 1575 deditos
1246 1503 1284 1575 fi-

69 1609 138 1702 dem,
161 1613 199 1685 in
225 1610 387 1708 captivos
414 1607 646 1698 clementiam,
665 1610 961 1707 inuoluptatibus
988 1612 1171 1710 permissis
1198 1639 1282 1710 quo·

51 1748 119 1818 que
142 1734 176 1800 et
201 1722 343 1796 usitatis
369 1719 650 1819 temperantiam,
664 1718 762 1792 haud
787 1722 963 1796 tolerabili
988 1723 1063 1796 vini
1089 1723 1283 1822 cupiditate

49 1831 212 1912 rfoedavit
277 1831 393 1908 Hoste
429 1842 467 1909 et
500 1831 639 1910 aemulo
678 1830 779 1928 regni
822 1843 1011 1930 reparante
1046 1835 1283 1909 cummaxime

70 1943 192 2036 bellum,
228 1970 344 2044 nuper
369 1944 525 2018 subactis
552 1967 642 2041 quos
669 1944 819 2033 vicerat,
838 1969 1061 2042 novumque
1095 1945 1283 2043 imperium

69 2057 326 2153 aspernantibus,
348 2055 393 2137 de
419 2055 477 2135 die
502 2057 615 2130 inibat
641 2055 816 2145 convivia,
844 2055 973 2151 quibus
998 2056 1150 2133 feminae
1176 2057 1282 2133 interf

71 2179 163 2260 erant,
188 2195 263 2242 non
277 2157 432 2266 'quidem
458 2193 546 2266 quas
572 2167 699 2240 violari
724 2166 824 2239 nefas
852 2175 957 2256 esset,
972 2167 1102 2264 quippe
1129 2168 1282 2266 pellices,

49 2275 205 2353 attentus
239 2298 360 2378 quam
379 2279 534 2371 decebat⁸
563 2304 644 2352 cum
679 2287 817 2351 armato
849 2277 972 2351 vivere
998 2287 1174 2352 assuetae.
1224 2277 1282 2353 Ex

70 2385 108 2492 bis
134 2417 205 2465 una
232 2390 356 2482 Thais,
388 2400 425 2465 et
455 2392 534 2490 ipsa
567 2391 780 2480 temulenta,
815 2390 1010 2462 maximam
1036 2390 1132 2490 apud
1159 2416 1282 2466 onmes

70 2566 162 2639 tlt.
199 2577 333 2646 tripesimo
356 2576 425 2694 disp!
451 2574 550 2629 Mirum
573 2574 645 2697 quod
679 2581 801 2628 extrema
814 2572 931 2642 Medius,
948 2574 1061 2629 multum
1077 2575 1158 2630 irrisis
1174 2575 1283 2646 reliquis

68 2642 127 2696 ludit
149 2644 232 2698 Snak.
253 2644 281 2698 in
303 2643 378 2698 Leid.
424 2663 474 2699 oss.
495 2650 550 2698 1.2
596 2644 645 2698 lor.
679 2641 833 2710 editoribus,
851 2661 911 2696 cum
929 2643 1017 2697 afficta
1033 2653 1152 2698 censeret
1169 2644 1282 2711 auctori,

10 2756 12 2761 .
68 2704 146 2766 fluuii
159 2712 213 2783 legi
222 2714 360 2780 tricesimo,
378 2730 437 2767 cum
455 2711 521 2766 nihil
537 2730 644 2782 prorsus
679 2711 781 2779 omisit,
804 2729 962 2783 quamquam
979 2711 1107 2766 librorum
1124 2713 1283 2766 auctoritate

67 2781 213 2836 samana
244 2782 304 2834 edd.
329 2780 459 2852 scriptura
484 2782 644 2850 tripesimum
678 2780 785 2834 abunde
807 2780 917 2833 munita
952 2780 1049 2851 Neque
1070 2799 1124 2835 non
1146 2789 1214 2850 puto
1236 2781 1283 2833 de·

66 2843 175 2904 livonum
192 2867 208 2902 e
225 2849 320 2904 nostris
333 2851 407 2904 codd.
420 2857 552 2905 enotetur.
569 2849 644 2903 Alio-
678 2848 752 2902 fendi
767 2865 855 2918 posse;
873 2849 973 2902 vicerat
986 2849 1055 2902 enim
1065 2857 1157 2919 gentes
1165 2848 1282 2901 Alexan-

66 2916 111 2982 quin
133 2937 184 2990 ego
206 2917 312 2989 quidem
332 2919 445 2983 sormam
460 2920 597 2972 vicesimus
616 2925 645 2972 et
679 2918 727 2970 der
743 2916 859 2998 proelio,
883 2918 1025 2986 subegerat
1046 2918 1124 2970 armis
1146 2916 1282 2970 circumfe-

10 3008 13 3013 ·
64 2986 188 3041 tricesimus
206 2987 286 3057 longe
302 2987 503 3058 praeferendam
515 2994 644 3057 putarem.
679 2986 777 3051 rendre,
795 2984 911 3037 nondum
929 2993 1018 3039 tamen
1035 2985 1106 3056 pacis
1124 3003 1172 3038 usn
1189 2993 1218 3038 et
1233 2985 1283 3037 hu-

64 3047 102 3107 Sed
115 3075 176 3127 mox
189 3066 329 3127 postquam
341 3075 390 3126 pro
397 3055 469 3126 vulg.
472 3065 566 3136 postea
583 3073 645 3126 uam
679 3053 808 3106 munitate
825 3060 973 3123 pacaverat.

63 3134 131 3178 onnes
154 3123 240 3179 nostri
268 3131 296 3176 et
322 3123 402 3178 Snak.
425 3125 534 3178 codices.
596 3142 645 3176 um
715 3125 738 3190 §-
761 3128 786 3175 t.
826 3138 857 3172 ea
883 3123 924 3173 tis
947 3139 1001 3174 uno
1027 3122 1120 3191 Τίιοίο]
1162 3121 1206 3175 Sic
1228 3140 1283 3176 non

60 3194 194 3248 rutenos
212 3199 253 3245 est
269 3191 532 3259 sinistrosum,
550 3190 644 3262 reliqui
679 3190 764 3243 solum
787 3189 867 3241 Bern.
889 3190 915 3241 A
940 3189 1012 3244 Flor.
1039 3189 1103 3253 AB,
1130 3191 1177 3243 sed
1204 3190 1283 3244 etiam

59 3263 163 3316 aaut.
182 3260 265 3315 Snak.
282 3263 357 3315 redit.
390 3261 492 3315 Verum
512 3259 644 3331 praesenti
677 3258 748 3312 Flor.
762 3257 820 3325 OG,
855 3275 948 3311 uorum
965 3258 1062 3311 similes
1078 3258 1139 3312 libri
1150 3277 1211 3312 mss.
1220 3259 1284 3314 olim

56 3329 156 3402 tempori
174 3330 202 3382 h.
220 3329 239 3382 l.
256 3329 327 3383 inter
341 3328 487 3401 praeterite
503 3346 556 3382 non
573 3328 645 3381 vide·
680 3326 792 3397 principi
821 3325 917 3379 e'tori
951 3327 986 3379 ad
1021 3345 1126 3380 manum
1159 3327 1284 3382 videntur

56 3397 92 3451 bn
106 3416 162 3452 esse
181 3398 263 3452 locus.
680 3396 767 3449 fuisse.
802 3394 909 3465 Reliqui
934 3411 998 3449 vero
1020 3395 1092 3450 Flor.
1115 3404 1144 3450 et
1160 3397 1282 3450 Bern.B

81 3467 145 3538 Cap.
164 3474 210 3533 22,
231 3470 256 3532 s.
273 3471 297 3521 1.
331 3467 359 3519 in
382 3467 482 3520 deditos
495 3465 594 3532 fidem,
617 3466 646 3518 in
681 3472 708 3517 et
725 3465 802 3518 Voss.
820 3470 835 3516 2
859 3482 890 3516 eu
912 3466 952 3517 bis
974 3465 1056 3518 Ytais
1080 3475 1104 3518 et
1125 3467 1185 3534 ipsa
1203 3476 1283 3520 temu-

52 3538 159 3606 captivos
178 3535 338 3589 clementiam
383 3533 554 3588 Accusativos
579 3534 606 3587 h.
627 3532 645 3586 l.
680 3531 1109 3587 lemannaDeThaideAtticacf.
1117 3535 1284 3588 Athenaeum

50 3615 133 3659 omnes
158 3602 215 3657 mei
241 3609 269 3655 et
293 3602 331 3656 Sn
366 3602 492 3656 .oodiees
509 3601 645 3666 exhibent,
681 3601 726 3655 lib.
744 3615 814 3668 xm,
836 3619 858 3655 c.
876 3608 927 3668 37,
953 3619 979 3672 p.
1004 3609 1053 3656 tlt
1076 3608 1140 3677 περὶ
1162 3594 1195 3668 ἧς
1217 3623 1284 3674 φησι

46 3669 111 3733 sieut
128 3690 173 3727 res
195 3670 254 3740 ipse
274 3669 355 3724 iubet,
388 3670 464 3725 Editi
480 3678 570 3724 mmen
587 3669 648 3723 libri
681 3668 851 3742 Κλείταρχος
872 3667 910 3725 uis
934 3674 1024 3727 αἰτίας
1051 3677 1205 3742 γενομένης
1231 3679 1284 3724 τοῦ

64 3739 238 3796 ηθσθτΜοᾶ.
253 3746 281 3792 et
298 3741 391 3794 deditis
408 3747 437 3793 et
454 3736 647 3808 captivisexhi-
682 3741 880 3811 ἐμπρησθῆναι
903 3737 939 3791 τοὶ
959 3745 990 3792 ίν
1008 3738 1180 3813 Περσεπόλει
1200 3743 1282 3805 βασί-

42 3751 115 3874 λεῃῑ,
132 3806 308 3879 similitudine
321 3825 378 3861 cum
392 3807 551 3878 praegressis
565 3805 647 3860 abusi.
682 3805 752 3858 λεια.
786 3804 866 3871 Αίίτη
895 3803 925 3859 δὲ
949 3807 965 3873 ἡ
986 3809 1053 3863 &ais
1077 3815 1123 3860 καί
1141 3806 1212 3874 μετὰ
1230 3813 1282 3858 τοῦ

75 3874 105 3948 ὗί
118 3885 146 3933 2.
184 3885 325 3945 reparante
351 3878 519 3930 cummaxime
542 3877 646 3946 bellum]
675 3870 859 3947 Ἀλεξάνδρου
885 3876 1019 3929 θάνατον
1042 3881 1089 3927 καί
1113 3872 1282 3941 Πτολεμαίῳ

41 3937 187 4003 Rdmstur
203 3943 285 4014 vulgo
302 3942 363 3998 olim
380 3955 432 3999 lum
449 3945 571 4010 maxime,
589 3951 648 4013 post
683 3943 811 4014 ἐγαμήθη
829 3949 870 4010 τῷ
889 3945 993 4017 πρώτῳ
1012 3941 1211 4010 βασιλεύσαντι
1227 3944 1282 3994 Αί-

40 4004 168 4070 Μοᾶίιιπι
182 4022 238 4067 lum
246 4015 420 4080 cummaxime,
433 4011 649 4066 neeelterutrum
682 4011 807 4084 γύπτου,
832 4017 878 4064 καί
900 4018 1049 4085 ἐγέννησεν
1071 4010 1151 4081 ,αὐτῷ
1180 4013 1283 4061 τέκνον

41 4084 210 4148 mndemnm
229 4080 275 4134 sed
291 4080 352 4134 libri
367 4089 455 4135 tamen
473 4087 502 4134 et
519 4081 608 4150 plures
621 4087 649 4133 et
682 4085 861 4134 Λεοντίσκον
884 4087 930 4134 καὶ
946 4080 1061 4151 Λάγον,
1084 4080 1228 4162 θυγατέρα
1252 4073 1283 4129 δὲ

90 4149 218 4207 batiores
243 4151 419 4220 cummaxime,
446 4159 532 4203 tumm.
559 4148 650 4202 estin
683 4148 816 4218 Εἰρήνην,
842 4145 878 4212 ἢν
900 4153 1000 4221 ἔγημεν
1018 4147 1168 4206 Εὔνοστος,
1188 4166 1202 4198 ο
1221 4151 1282 4197 τῶν

67 4225 157 4274 osam
187 4216 261 4271 Flor.
276 4216 339 4291 BE,
365 4229 417 4273 tum
434 4219 604 4273 cummaxime
620 4217 649 4270 in
682 4216 787 4272 Σόλων
804 4222 865 4270 τῶν
884 4221 915 4269 ἐν
933 4217 1038 4288 Κύπρῳ
1053 4212 1195 4335 puellaris.

40 4288 117 4343 nullo
135 4302 191 4341 nee
206 4300 321 4339 meorum
338 4304 386 4341 nec
402 4294 559 4353 ceterorum,
578 4284 649 4357 quod
717 4287 791 4355 apud
807 4302 893 4338 omnes
906 4285 1034 4354 Graecos]
1067 4281 1191 4336 nsohtum
1208 4298 1282 4334 mon-

40 4355 171 4428 squidem
190 4352 279 4407 sciam.
313 4353 355 4409 cf.
370 4356 404 4409 ad
422 4369 466 4423 111,
485 4361 510 4422 5,
531 4361 572 4408 17.
682 4361 766 4409 strum
783 4353 864 4423 vulgo
881 4354 986 4408 fovetur
1003 4371 1020 4406 α
1058 4353 1178 4404 domme
1199 4350 1283 4402 Grae-

37 4476 41 4485 ,
78 4441 166 4496 nuper
194 4422 307 4477 sabaeis
337 4441 398 4496 quos
421 4425 532 4495 τίσεται]
574 4422 648 4479 Haec
682 4442 784 4493 corum,
808 4422 880 4496 quod
896 4422 966 4478 sicut
983 4440 1002 4475 n
1029 4419 1062 4474 lis
1078 4415 1192 4493 antiquis
1208 4416 1283 4490 testig
