2926 5174
428 281 478 331 nn
505 276 630 333 ansms
656 279 766 332 max.
793 279 870 349 vm,
898 277 921 325 e.
1225 264 1302 337 ‘369

54 465 218 538 futurum
248 487 287 537 se
312 463 349 536 in
374 464 466 561 regis
492 475 671 562 potestate
693 462 889 564 respondit,
917 487 1027 536 uuum
1053 476 1230 563 precatus,
1255 493 1302 562 ne

55 576 286 650 voluntatem
313 586 349 673 et
375 575 558 669 consilium
583 578 707 652 matris
735 603 821 650 suae
847 574 1031 675 proderet,
1071 603 1142 674 quo
1169 577 1304 650 facilius

17 708 40 757 ³1
56 689 160 762 venia
186 687 242 759 illi
271 713 410 785 quoque
436 686 696 785 impetraretur.
749 687 991 762 Praemissum
1017 688 1127 785 igitur
1140 685 1303 763 Oxarten

57 822 134 872 cum
160 809 285 872 matre
311 799 499 895 liberisque
519 809 556 871 et
575 800 685 873 totius
705 798 928 898 cognationis
947 824 1056 897 grege
1076 800 1303 897 sequebatur,

56 935 97 984 ne
123 919 325 1008 expectato
344 909 486 1007 quidem
505 910 587 984 fidei
606 912 764 1009 pignore,
792 909 889 1008 quod
904 908 1060 985 Oxartes
1080 912 1302 1010 promiserat
1340 976 1345 984 .

20 1041 44 1091 a
58 1015 143 1113 Reii,
171 1022 298 1119 equite
323 1021 534 1120 praemisso,
561 1023 621 1119 qui
646 1023 780 1096 reverti
806 1047 868 1095 eos
894 1023 1050 1112 iuberet,
1077 1023 1303 1120 opperirique

57 1133 302 1234 praesentiam
334 1133 459 1231 ipsius,
499 1136 723 1231 supervenit;
770 1146 808 1209 et
848 1134 1000 1207 victimis
1035 1132 1219 1207 Minervae
1261 1150 1303 1206 ac·

10 1303 12 1307 -
59 1245 242 1320 Victoriae
269 1244 394 1333 caesia,
419 1244 607 1342 imperium
633 1243 835 1345 Sysimithri
860 1245 1034 1335 restituit,
1069 1271 1132 1344 spe
1158 1244 1302 1318 maioris

62 1358 162 1431 etium
188 1355 397 1454 provinciae
414 1357 519 1447 facta,
547 1357 576 1430 si
595 1382 676 1456 cum
694 1358 765 1432 fide
785 1357 976 1430 amicitiam
994 1357 1105 1455 ipsius
1126 1359 1302 1430 coluisset.

29 1466 153 1542 sslluos
191 1468 246 1540 illi
279 1467 425 1541 iuvenes
457 1478 560 1565 patre
591 1456 772 1561 tradente,
809 1493 929 1542 secum
961 1468 1178 1566 militaturos
1203 1469 1303 1566 sequi
1400 1462 1406 1481 ’

63 1578 167 1653 iussit.
1103 1609 1113 1655 ,·

156 1689 304 1764 Relicta
325 1689 452 1764 deinde
471 1691 658 1790 phalange,
684 1689 731 1763 ad
750 1689 977 1789 subigendos,
1005 1692 1064 1789 qui
1084 1689 1350 1783 defecerantlo

24 1819 135 1875 secum
173 1801 299 1906 equite
338 1792 521 1899 processit.
579 1801 746 1875 Arduum
780 1812 817 1875 et
857 1801 1068 1901 impeditum
1103 1804 1200 1876 saxis
1234 1803 1303 1877 iter

29 1914 170 2012 ·prim0
207 1923 393 2009 utcunque
427 1915 640 1987 tolerabant.
701 1912 790 1987 Mox
831 1918 1005 2012 equorum
1044 1922 1116 1986 non
1158 1915 1300 2014 ungulis

23 2088 27 2093 .
59 2024 163 2098 modo
191 2025 339 2115 attritis,
365 2025 429 2098 sed
455 2025 663 2124 corporibus
690 2025 798 2098 etiam
823 2025 990 2124 fatigatis,
1017 2026 1119 2124 sequi
1144 2028 1302 2125 plerique

58 2162 125 2211 non
151 2146 340 2236 poterant,
367 2147 404 2209 et
428 2136 543 2210 rarius
570 2135 722 2210 subinde
750 2161 877 2235 agmen
903 2138 1023 2227 fiebat,
1049 2136 1234 2235 pudorem,
1261 2149 1303 2210 ut

24 2247 126 2322 solere
152 2248 217 2338 fit,
255 2246 445 2320 immodico
478 2248 601 2322 labore
634 2248 809 2321 vincente.
862 2247 942 2321 Rex
976 2260 1116 2340 tamen,
1151 2249 1302 2323 subinde

10 2408 31 2449 ,-
55 2383 164 2456 equos
207 2369 373 2448 mutans,
412 2359 488 2433 sine
527 2360 789 2433 intermissione
823 2360 1000 2457 fugientes
1039 2361 1302 2457 insequebatur.

57 2467 201 2544 Nobiles
229 2471 380 2543 iuvenes
406 2471 568 2544 comitari
594 2496 676 2544 eum
703 2471 798 2545 soliti
824 2471 1028 2544 defecerant
1053 2483 1196 2570 praeter
1221 2471 1303 2546 Phi·

58 2581 202 2681 hppum.
259 2580 463 2680 Lysimachi
490 2594 568 2655 erat
593 2584 718 2675 frater,
760 2593 837 2683 tum
869 2582 1023 2680 primum
1056 2582 1219 2672 adultus,
1255 2595 1302 2674 et,

19 2693 149 2789 equod
178 2693 289 2766 facile
314 2704 519 2792 appareret,
553 2693 683 2767 indolis
709 2719 821 2767 rarae.
874 2692 909 2765 ls
936 2692 1063 2790 pedes,
1097 2693 1302 2768 incredibile

60 2801 172 2896 dictu,
217 2829 288 2903 per
319 2827 345 2876 n
378 2806 494 2880 stadia
527 2817 672 2880 vectum
705 2830 828 2904 regem
862 2790 1051 2877 comitatus
1087 2814 1160 2896 est,
1196 2830 1303 2904 saepe
1367 2791 1369 2799 ¹

90 3025 111 3092 5.
119 3029 164 3079 30.
202 3039 289 3077 anum
300 3027 436 3093 precatus]
473 3022 664 3079 Ouddomnes
698 3044 756 3080 sam
773 3041 868 3093 agmen
885 3021 973 3075 fiebat.
1009 3020 1054 3074 Sic
1071 3023 1304 3089 rv,54‚14eide-

10 3082 22 3111 *
60 3096 156 3146 erest.
167 3090 306 3145 editiones
322 3092 487 3160 imprecatus,
502 3110 603 3164 quapro
623 3101 665 3147 ter
700 3097 734 3148 tis
756 3095 860 3147 ordines
878 3108 969 3155 raros,
992 3098 1020 3143 et
1037 3108 1059 3143 c.
1069 3096 1102 3144 58
1125 3093 1214 3144 rarior
1232 3093 1302 3144 acies

59 3158 182 3215 Heinsius
216 3177 301 3213 anam
330 3161 360 3214 id
383 3170 508 3241 precatus
540 3113 664 3216 malebat.
699 3173 756 3216 arat
773 3164 802 3215 in
821 3164 911 3213 deatro
929 3177 1009 3212 corae
1023 3159 1175 3213 Persarum.
1210 3158 1263 3212 Adi
1281 3158 1303 3212 si

10 3274 13 3279 .
35 3284 38 3293 ,
59 3229 140 3283 Aliam
165 3227 321 3300 explicandi
341 3237 473 3282 rotronem
494 3229 552 3285 iniit
573 3248 664 3300 margo
698 3232 774 3303 plura
792 3229 866 3300 cupis
884 3227 1083 3282 Drakenborch.
1098 3229 1132 3282 ed
1146 3228 1204 3282 Liv.
1213 3243 1244 3294 11,
1259 3234 1302 3281 47.

58 3294 124 3352 Flor.
139 3298 168 3353 G
191 3297 357 3368 „Imprecari
374 3315 423 3368 pro
440 3297 518 3351 valde
534 3299 663 3370 preeari.“
734 3304 757 3368 §.
776 3305 817 3353 35.
853 3299 923 3369 qaod
938 3296 1022 3367 facile
1044 3301 1194 3367 appareret]
1230 3297 1303 3352 Con·

59 3363 110 3420 toa
124 3367 238 3421 ridetur
261 3365 361 3434 syllaba
382 3365 487 3420 initialis
509 3384 664 3438 praegresso
698 3368 829 3422 iunctivus
847 3374 986 3437 appareret
1003 3364 1030 3417 in
1048 3365 1169 3420 omnibus
1182 3384 1242 3419 mss.
1254 3375 1303 3419 est.

57 3437 183 3489 vocabulo
198 3432 333 3504 originem
346 3435 454 3502 debere,
473 3443 502 3488 ut
510 3450 562 3503 vn,
573 3443 616 3503 27,
630 3443 664 3490 20
699 3438 754 3491 Sed
775 3437 897 3517 princeps
919 3433 1006 3486 editor
1026 3434 1139 3487 fortasse
1161 3436 1231 3507 quod
1249 3452 1304 3488 non

58 3503 152 3558 fseurm
172 3511 228 3558 est.
698 3505 869 3575 intelhgeret,
887 3512 997 3573 apparet
1015 3503 1088 3556 dedit
1105 3503 1186 3574 idque
1203 3512 1231 3557 et
1242 3504 1304 3557 Me·

86 3575 162 3641 §.th
205 3573 336 3638 Oxarten]
353 3571 443 3642 Vulgo
465 3573 598 3638 Oeartem,
616 3573 664 3625 sed
698 3576 757 3628 rula
774 3582 803 3626 et
821 3572 904 3625 Aldus
921 3570 1041 3637 retinuit,
1064 3571 1157 3625 Iunius
1176 3581 1304 3642 appareat

58 3637 185 3696 Graecam
203 3640 330 3705 formam,
348 3658 430 3713 quarn
440 3640 521 3694 Snak.
533 3651 664 3722 perpetuo
700 3642 823 3708 correxit,
836 3641 912 3706 falso,
922 3641 1031 3692 sednon
1040 3639 1202 3710 ineptissime
1211 3657 1304 3723 quem·

57 3710 189 3780 sequitur,
213 3707 272 3762 h.l.
290 3716 318 3760 et
337 3707 385 3776 ipsi
407 3709 526 3762 dedimus
548 3727 609 3781 quia
631 3711 665 3763 sd
699 3713 839 3766 admodum
852 3707 959 3762 Modius
976 3707 1128 3762 insectatur.
1155 3709 1208 3761 Hic
1221 3708 1304 3777 rgitur

57 3774 170 3833 BernA
189 3776 328 3831 accedunt
344 3777 416 3832 Flor.
426 3777 485 3831 AB.
700 3781 771 3834 nullo
794 3777 903 3849 negotio
924 3793 1016 3829 verum
1033 3793 1067 3829 ex
1089 3777 1161 3830 libris
1182 3775 1303 3847 protulit.

61 3850 161 3916 .§.82.
191 3846 363 3916 opperirique
374 3847 554 3916 praesentiam
569 3847 664 3916 ipsias]
700 3849 825 3903 Ceterum
850 3848 883 3899 de
905 3846 956 3899 hoc
982 3843 1149 3898 coniunctivo
1173 3843 1304 3913 coniunge

55 3911 164 3971 Placent
187 3915 274 3979 haec,
300 3930 349 3969 nec
368 3913 503 3968 varietatis
525 3913 665 3985 quicquam
700 3917 816 3971 Gramm.
838 3923 944 3969 nostrae
967 3915 989 3980 ς.
1003 3919 1053 3966 528
1077 3930 1135 3966 cum
1158 3915 1181 3980 ξ.
1196 3918 1246 3965 558
1264 3929 1303 3983 sq.

56 3978 345 4041 laada-nostrimet.
379 3982 486 4037 Modius
503 3989 593 4036 temen
610 3984 665 4037 edi·
699 3986 790 4057 Nepos
799 3986 876 4038 Eum.
886 3988 1059 4036 c.2mortaas
1069 3990 1126 4033 erat
1134 3981 1303 4048 Hephaestio,
1405 4047 1407 4054 .

56 4048 90 4106 dit
108 4055 156 4126 qai
181 4051 284 4107 reverti
307 4068 349 4104 eos
371 4053 469 4105 iuberet
491 4055 663 4124 opperirique,
699 4072 860 4126 qaemuaam
870 4052 1031 4129 Alexander,
1049 4051 1119 4118 qaod
1128 4049 1304 4116 facileiatel·

72 4119 603 4245 Whilfflml'lldllim
617 4139 664 4175 ⁰²¹·
699 4117 1118 4255 llill⁸⁸⁶²’.l²lllladi⁶⁷llt
1136 4201 1188 4237 a..
1207 4190 1304 4237 am..

85 4207 217 4330 callo,
237 4226 317 4323 sis.
350 4229 440 4310 raiae
463 4227 554 4326 aaa
567 4260 663 4326 fleta,
697 4197 775 4315 nolis
793 4231 822 4313 ἐι
839 4209 939 4320 plures,
957 4251 1039 4306 rai
1059 4253 1130 4307 rur.
1142 4224 1208 4305 nsi
1221 4269 1272 4321 pa
1284 4267 1303 4304 ι,

39 4324 152 4399 ·‚quippe
171 4339 287 4394 exque
310 4324 397 4404 plures
419 4324 529 4378 subinde
551 4328 663 4381 decede·
698 4332 797 4395 stadia,
815 4277 951 4381 FlhrAEH
969 4321 1074 4375 Bernt
1088 4321 1169 4402 Voss.
1185 4335 1231 4374 mn
1249 4331 1305 4401 sta-

57 4403 119 4464 rent,
136 4411 199 4467 quo
215 4389 346 4462 psuhtm
361 4393 446 4448 minus
461 4409 493 4446 ae
506 4395 590 4450 minus
600 4400 663 4451 den·
698 4400 744 4452 dia
756 4397 824 4470 (sine
834 4396 907 4466 per).
929 4391 1056 4461 Apparet
1071 4390 1306 4460 qarapeatestedur
