<?xml version="1.0" encoding="UTF-8"?>
<!DOCTYPE html PUBLIC "-//W3C//DTD XHTML 1.0 Transitional//EN"
    "http://www.w3.org/TR/xhtml1/DTD/xhtml1-transitional.dtd">
<html xmlns="http://www.w3.org/1999/xhtml" xml:lang="en" lang="en">
 <head>
  <title>
</title>
<meta http-equiv="Content-Type" content="text/html;charset=utf-8" />
  <meta name='ocr-system' content='tesseract 3.04.00' />
  <meta name='ocr-capabilities' content='ocr_page ocr_carea ocr_par ocr_line ocrx_word'/>
</head>
<body>
  <div class='ocr_page' id='page_1' title='image "./qcurtiirufidege01rufugoog_0367.png"; bbox 0 0 2926 5174; ppageno 0'>
   <div class='ocr_carea' id='block_1_1' title="bbox 114 307 877 388">
    <p class='ocr_par' dir='ltr' id='par_1_1' title="bbox 114 307 877 388">
     <span class='ocr_line' id='line_1_1' title="bbox 114 307 877 388; baseline -0.005 -10"><span class='ocrx_word' id='word_1_1' title='bbox 114 307 186 378; x_wconf 83' lang='lat'><strong>336</strong></span> <span class='ocrx_word' id='word_1_2' title='bbox 583 326 616 388; x_wconf 84' lang='lat' dir='ltr'><strong>o.</strong></span> <span class='ocrx_word' id='word_1_3' title='bbox 643 323 767 376; x_wconf 83' lang='lat' dir='ltr'><strong>cuarrr</strong></span> <span class='ocrx_word' id='word_1_4' title='bbox 791 325 877 376; x_wconf 84' lang='lat' dir='ltr'><strong>aurr</strong></span> 
     </span>
    </p>
   </div>
   <div class='ocr_carea' id='block_1_2' title="bbox 5 494 1357 1498">
    <p class='ocr_par' dir='ltr' id='par_1_2' title="bbox 5 494 1357 1498">
     <span class='ocr_line' id='line_1_2' title="bbox 111 494 1328 608; baseline -0.006 -25"><span class='ocrx_word' id='word_1_5' title='bbox 111 509 230 583; x_wconf 93' lang='lat' dir='ltr'><strong>omnia</strong></span> <span class='ocrx_word' id='word_1_6' title='bbox 255 504 484 606; x_wconf 88' lang='lat' dir='ltr'><strong>aptaverant,</strong></span> <span class='ocrx_word' id='word_1_7' title='bbox 520 533 601 582; x_wconf 94' lang='lat' dir='ltr'><strong>cum</strong></span> <span class='ocrx_word' id='word_1_8' title='bbox 626 510 734 607; x_wconf 82' lang='lat' dir='ltr'><strong>legati</strong></span> <span class='ocrx_word' id='word_1_9' title='bbox 761 506 976 608; x_wconf 80' lang='lat' dir='ltr'><strong>Scytharum</strong></span> <span class='ocrx_word' id='word_1_10' title='bbox 1000 531 1070 597; x_wconf 72' lang='lat' dir='ltr'><strong>xa,</strong></span> <span class='ocrx_word' id='word_1_11' title='bbox 1104 498 1206 578; x_wconf 90' lang='lat' dir='ltr'><strong>more</strong></span> <span class='ocrx_word' id='word_1_12' title='bbox 1231 494 1328 602; x_wconf 85' lang='lat' dir='ltr'><strong>gentis</strong></span> 
     </span>
     <span class='ocr_line' id='line_1_3' title="bbox 110 612 1329 718; baseline -0.006 -25"><span class='ocrx_word' id='word_1_13' title='bbox 110 645 175 718; x_wconf 87' lang='lat' dir='ltr'><strong>per</strong></span> <span class='ocrx_word' id='word_1_14' title='bbox 201 630 319 693; x_wconf 89' lang='lat' dir='ltr'><strong>castra</strong></span> <span class='ocrx_word' id='word_1_15' title='bbox 345 620 443 716; x_wconf 88' lang='lat' dir='ltr'><strong>aquis</strong></span> <span class='ocrx_word' id='word_1_16' title='bbox 469 621 572 710; x_wconf 80' lang='lat' dir='ltr'><strong>vecti,</strong></span> <span class='ocrx_word' id='word_1_17' title='bbox 599 622 763 693; x_wconf 89' lang='lat' dir='ltr'><strong>nuntiare</strong></span> <span class='ocrx_word' id='word_1_18' title='bbox 789 620 915 693; x_wconf 90' lang='lat' dir='ltr'><strong>iubent</strong></span> <span class='ocrx_word' id='word_1_19' title='bbox 939 619 1022 716; x_wconf 86' lang='lat' dir='ltr'><strong>regi,</strong></span> <span class='ocrx_word' id='word_1_20' title='bbox 1056 616 1153 690; x_wconf 92' lang='lat' dir='ltr'><strong>velle</strong></span> <span class='ocrx_word' id='word_1_21' title='bbox 1179 616 1272 713; x_wconf 84' lang='lat' dir='ltr'><strong>ipsos</strong></span> <span class='ocrx_word' id='word_1_22' title='bbox 1293 612 1329 686; x_wconf 85' lang='lat' dir='ltr'><strong>cd</strong></span> 
     </span>
     <span class='ocr_line' id='line_1_4' title="bbox 111 726 1349 829; baseline -0.008 -24"><span class='ocrx_word' id='word_1_23' title='bbox 111 757 193 806; x_wconf 92' lang='lat' dir='ltr'><strong>eum</strong></span> <span class='ocrx_word' id='word_1_24' title='bbox 219 731 389 804; x_wconf 92' lang='lat' dir='ltr'><strong>mandata</strong></span> <span class='ocrx_word' id='word_1_25' title='bbox 415 733 597 829; x_wconf 45' lang='lat' dir='ltr'><strong>perferres</strong></span> <span class='ocrx_word' id='word_1_26' title='bbox 632 731 790 804; x_wconf 80' lang='lat' dir='ltr'>Admissi</span> <span class='ocrx_word' id='word_1_27' title='bbox 825 731 862 803; x_wconf 91' lang='lat' dir='ltr'><strong>in</strong></span> <span class='ocrx_word' id='word_1_28' title='bbox 896 729 1169 803; x_wconf 88' lang='lat' dir='ltr'><strong>tabernaculum</strong></span> <span class='ocrx_word' id='word_1_29' title='bbox 1194 726 1349 822; x_wconf 79' lang='lat' dir='ltr'><strong>iussiquet</strong></span> 
     </span>
     <span class='ocr_line' id='line_1_5' title="bbox 111 837 1327 941; baseline -0.005 -25"><span class='ocrx_word' id='word_1_30' title='bbox 111 843 295 916; x_wconf 89' lang='lat' dir='ltr'><strong>considere</strong></span> <span class='ocrx_word' id='word_1_31' title='bbox 331 844 369 915; x_wconf 93' lang='lat' dir='ltr'><strong>in</strong></span> <span class='ocrx_word' id='word_1_32' title='bbox 409 844 512 916; x_wconf 93' lang='lat' dir='ltr'><strong>vultu</strong></span> <span class='ocrx_word' id='word_1_33' title='bbox 552 844 646 941; x_wconf 84' lang='lat' dir='ltr'><strong>regis</strong></span> <span class='ocrx_word' id='word_1_34' title='bbox 685 842 886 916; x_wconf 86' lang='lat' dir='ltr'><strong>defixerant</strong></span> <span class='ocrx_word' id='word_1_35' title='bbox 922 841 1059 931; x_wconf 92' lang='lat' dir='ltr'><strong>oculos;</strong></span> <span class='ocrx_word' id='word_1_36' title='bbox 1111 838 1223 912; x_wconf 88' lang='lat' dir='ltr'><strong>credo</strong></span> <span class='ocrx_word' id='word_1_37' title='bbox 1259 837 1327 934; x_wconf 87' lang='lat' dir='ltr'><strong>quis,</strong></span> 
     </span>
     <span class='ocr_line' id='line_1_6' title="bbox 111 947 1328 1053; baseline -0.006 -25"><span class='ocrx_word' id='word_1_38' title='bbox 111 953 354 1053; x_wconf 81' lang='lat' dir='ltr'>magnitudine</span> <span class='ocrx_word' id='word_1_39' title='bbox 381 954 539 1053; x_wconf 88' lang='lat' dir='ltr'><strong>corporis</strong></span> <span class='ocrx_word' id='word_1_40' title='bbox 566 954 723 1027; x_wconf 93' lang='lat' dir='ltr'><strong>animum</strong></span> <span class='ocrx_word' id='word_1_41' title='bbox 748 952 1027 1043; x_wconf 82' lang='lat' dir='ltr'><strong>aestimantibus,</strong></span> <span class='ocrx_word' id='word_1_42' title='bbox 1060 949 1229 1024; x_wconf 89' lang='lat' dir='ltr'><strong>modicus</strong></span> <span class='ocrx_word' id='word_1_43' title='bbox 1252 947 1328 1023; x_wconf 86' lang='lat' dir='ltr'><strong>habi·</strong></span> 
     </span>
     <span class='ocr_line' id='line_1_7' title="bbox 111 1053 1357 1163; baseline -0.008 -23"><span class='ocrx_word' id='word_1_44' title='bbox 111 1078 169 1140; x_wconf 90' lang='lat' dir='ltr'><strong>tus</strong></span> <span class='ocrx_word' id='word_1_45' title='bbox 194 1064 471 1162; x_wconf 84' lang='lat' dir='ltr'><strong>haudquaquam</strong></span> <span class='ocrx_word' id='word_1_46' title='bbox 496 1065 611 1139; x_wconf 87' lang='lat' dir='ltr'><strong>famae</strong></span> <span class='ocrx_word' id='word_1_47' title='bbox 634 1090 700 1163; x_wconf 92' lang='lat' dir='ltr'><strong>par</strong></span> <span class='ocrx_word' id='word_1_48' title='bbox 718 1064 917 1138; x_wconf 90' lang='lat' dir='ltr'><strong>videbatur.</strong></span> <span class='ocrx_word' id='word_1_49' title='bbox 957 1060 1102 1163; x_wconf 86' lang='lat' dir='ltr'><strong>Scythis</strong></span> <span class='ocrx_word' id='word_1_50' title='bbox 1123 1053 1248 1136; x_wconf 89' lang='lat' dir='ltr'><strong>autern</strong></span> <span class='ocrx_word' id='word_1_51' title='bbox 1266 1084 1327 1149; x_wconf 91' lang='lat' dir='ltr'><strong>non,</strong></span> <span class='ocrx_word' id='word_1_52' title='bbox 1339 1067 1357 1123; x_wconf 82' lang='lat'><strong>1⁰</strong></span> 
     </span>
     <span class='ocr_line' id='line_1_8' title="bbox 5 1166 1335 1271; baseline -0.006 -20"><span class='ocrx_word' id='word_1_53' title='bbox 5 1166 8 1173; x_wconf 40' lang='lat'><strong>¹</strong></span> <span class='ocrx_word' id='word_1_54' title='bbox 110 1185 153 1250; x_wconf 92' lang='lat' dir='ltr'><strong>ut</strong></span> <span class='ocrx_word' id='word_1_55' title='bbox 178 1177 304 1249; x_wconf 89' lang='lat' dir='ltr'><strong>ceteris</strong></span> <span class='ocrx_word' id='word_1_56' title='bbox 330 1174 502 1266; x_wconf 92' lang='lat' dir='ltr'><strong>barbaris,</strong></span> <span class='ocrx_word' id='word_1_57' title='bbox 528 1175 627 1248; x_wconf 92' lang='lat' dir='ltr'><strong>rudis</strong></span> <span class='ocrx_word' id='word_1_58' title='bbox 654 1186 692 1249; x_wconf 90' lang='lat' dir='ltr'><strong>et</strong></span> <span class='ocrx_word' id='word_1_59' title='bbox 716 1175 918 1249; x_wconf 91' lang='lat' dir='ltr'><strong>inconditus</strong></span> <span class='ocrx_word' id='word_1_60' title='bbox 945 1198 1071 1247; x_wconf 91' lang='lat' dir='ltr'><strong>sensus</strong></span> <span class='ocrx_word' id='word_1_61' title='bbox 1102 1184 1180 1248; x_wconf 84' lang='lat' dir='ltr'><strong>est:</strong></span> <span class='ocrx_word' id='word_1_62' title='bbox 1208 1169 1335 1271; x_wconf 77' lang='lat' dir='ltr'><strong>quidun</strong></span> 
     </span>
     <span class='ocr_line' id='line_1_9' title="bbox 111 1285 1329 1386; baseline -0.005 -24"><span class='ocrx_word' id='word_1_63' title='bbox 111 1313 234 1362; x_wconf 91' lang='lat' dir='ltr'><strong>eorum</strong></span> <span class='ocrx_word' id='word_1_64' title='bbox 261 1288 471 1386; x_wconf 86' lang='lat' dir='ltr'><strong>sapientiam</strong></span> <span class='ocrx_word' id='word_1_65' title='bbox 497 1311 632 1384; x_wconf 85' lang='lat' dir='ltr'><strong>capere</strong></span> <span class='ocrx_word' id='word_1_66' title='bbox 651 1285 827 1378; x_wconf 89' lang='lat' dir='ltr'><strong>dicuntur,</strong></span> <span class='ocrx_word' id='word_1_67' title='bbox 854 1295 1172 1384; x_wconf 83' lang='lat' dir='ltr'><strong>quantamcunque</strong></span> <span class='ocrx_word' id='word_1_68' title='bbox 1190 1309 1275 1384; x_wconf 84' lang='lat' dir='ltr'><strong>gens</strong></span> <span class='ocrx_word' id='word_1_69' title='bbox 1289 1299 1329 1356; x_wconf 54' lang='lat' dir='ltr'><strong>ca¹¹</strong></span> 
     </span>
     <span class='ocr_line' id='line_1_10' title="bbox 111 1394 1350 1498; baseline -0.003 -27"><span class='ocrx_word' id='word_1_70' title='bbox 111 1401 164 1498; x_wconf 91' lang='lat' dir='ltr'><strong>pit</strong></span> <span class='ocrx_word' id='word_1_71' title='bbox 189 1424 329 1497; x_wconf 89' lang='lat' dir='ltr'><strong>semper</strong></span> <span class='ocrx_word' id='word_1_72' title='bbox 356 1409 502 1472; x_wconf 91' lang='lat' dir='ltr'><strong>armata.</strong></span> <span class='ocrx_word' id='word_1_73' title='bbox 556 1394 683 1495; x_wconf 85' lang='lat' dir='ltr'><strong>Sicque</strong></span> <span class='ocrx_word' id='word_1_74' title='bbox 708 1400 846 1471; x_wconf 91' lang='lat' dir='ltr'><strong>locutos</strong></span> <span class='ocrx_word' id='word_1_75' title='bbox 881 1422 958 1470; x_wconf 90' lang='lat' dir='ltr'><strong>esse</strong></span> <span class='ocrx_word' id='word_1_76' title='bbox 989 1396 1090 1496; x_wconf 93' lang='lat' dir='ltr'><strong>apud</strong></span> <span class='ocrx_word' id='word_1_77' title='bbox 1124 1422 1251 1496; x_wconf 83' lang='lat' dir='ltr'><strong>regern</strong></span> <span class='ocrx_word' id='word_1_78' title='bbox 1278 1409 1327 1468; x_wconf 73' lang='lat' dir='ltr'><strong>me‘</strong></span> <span class='ocrx_word' id='word_1_79' title='bbox 1335 1408 1350 1458; x_wconf 87' lang='lat'><strong>1¹</strong></span> 
     </span>
    </p>
   </div>
   <div class='ocr_carea' id='block_1_3' title="bbox 111 1623 1330 1816">
    <p class='ocr_par' dir='ltr' id='par_1_3' title="bbox 111 1623 1330 1816">
     <span class='ocr_line' id='line_1_11' title="bbox 111 1623 1330 1695; baseline -0.003 -16"><span class='ocrx_word' id='word_1_80' title='bbox 111 1629 183 1679; x_wconf 80' lang='lat' dir='ltr'><strong>intra</strong></span> <span class='ocrx_word' id='word_1_81' title='bbox 201 1627 315 1680; x_wconf 83' lang='lat' dir='ltr'><strong>triduum</strong></span> <span class='ocrx_word' id='word_1_82' title='bbox 332 1625 558 1693; x_wconf 83' lang='lat' dir='ltr'><strong>manifestumest,</strong></span> <span class='ocrx_word' id='word_1_83' title='bbox 576 1624 712 1678; x_wconf 87' lang='lat' dir='ltr'><strong>insolitum</strong></span> <span class='ocrx_word' id='word_1_84' title='bbox 746 1623 912 1695; x_wconf 86' lang='lat' dir='ltr'><strong>antiquarum</strong></span> <span class='ocrx_word' id='word_1_85' title='bbox 929 1631 957 1679; x_wconf 87' lang='lat' dir='ltr'><strong>et</strong></span> <span class='ocrx_word' id='word_1_86' title='bbox 973 1623 1056 1678; x_wconf 79' lang='lat' dir='ltr'><strong>codd.</strong></span> <span class='ocrx_word' id='word_1_87' title='bbox 1067 1631 1195 1678; x_wconf 87' lang='lat' dir='ltr'><strong>veterum</strong></span> <span class='ocrx_word' id='word_1_88' title='bbox 1217 1623 1330 1679; x_wconf 73' lang='lat' dir='ltr'><strong>lectionem</strong></span> 
     </span>
     <span class='ocr_line' id='line_1_12' title="bbox 111 1689 1328 1816; baseline -0.003 -69"><span class='ocrx_word' id='word_1_89' title='bbox 111 1703 201 1747; x_wconf 84' lang='lat' dir='ltr'><strong>tamen</strong></span> <span class='ocrx_word' id='word_1_90' title='bbox 222 1694 328 1747; x_wconf 85' lang='lat' dir='ltr'><strong>ridetur</strong></span> <span class='ocrx_word' id='word_1_91' title='bbox 348 1701 376 1746; x_wconf 93' lang='lat' dir='ltr'><strong>et</strong></span> <span class='ocrx_word' id='word_1_92' title='bbox 397 1693 453 1746; x_wconf 90' lang='lat' dir='ltr'><strong>sine</strong></span> <span class='ocrx_word' id='word_1_93' title='bbox 469 1693 564 1748; x_wconf 92' lang='lat' dir='ltr'><strong>idoneo</strong></span> <span class='ocrx_word' id='word_1_94' title='bbox 582 1693 711 1814; x_wconf 73' lang='lat' dir='ltr'><strong>exemlplo.</strong></span> <span class='ocrx_word' id='word_1_95' title='bbox 741 1695 818 1816; x_wconf 70' lang='lat' dir='ltr'><strong>quis,</strong></span> <span class='ocrx_word' id='word_1_96' title='bbox 842 1711 891 1774; x_wconf 76' lang='lat' dir='ltr'><strong>pro</strong></span> <span class='ocrx_word' id='word_1_97' title='bbox 910 1710 961 1763; x_wconf 88' lang='lat' dir='ltr'><strong>qua</strong></span> <span class='ocrx_word' id='word_1_98' title='bbox 984 1699 1046 1762; x_wconf 87' lang='lat' dir='ltr'><strong>post</strong></span> <span class='ocrx_word' id='word_1_99' title='bbox 1063 1691 1169 1746; x_wconf 77' lang='lat' dir='ltr'><strong>Aldum</strong></span> <span class='ocrx_word' id='word_1_100' title='bbox 1194 1689 1328 1750; x_wconf 78' lang='lat' dir='ltr'><strong>demumst</strong></span> 
     </span>
    </p>
   </div>
   <div class='ocr_carea' id='block_1_4' title="bbox 1 1760 1368 4497">
    <p class='ocr_par' dir='ltr' id='par_1_4' title="bbox 1 1760 1368 4497">
     <span class='ocr_line' id='line_1_13' title="bbox 145 1760 1330 1884; baseline -0.004 -68"><span class='ocrx_word' id='word_1_101' title='bbox 145 1765 267 1816; x_wconf 85' lang='lat' dir='ltr'><strong>nuntiare</strong></span> <span class='ocrx_word' id='word_1_102' title='bbox 284 1763 371 1815; x_wconf 83' lang='lat' dir='ltr'><strong>iubent</strong></span> <span class='ocrx_word' id='word_1_103' title='bbox 388 1765 452 1832; x_wconf 73' lang='lat' dir='ltr'><strong>reqi.</strong></span> <span class='ocrx_word' id='word_1_104' title='bbox 487 1762 532 1816; x_wconf 79' lang='lat' dir='ltr'><strong>Sic</strong></span> <span class='ocrx_word' id='word_1_105' title='bbox 549 1761 635 1815; x_wconf 84' lang='lat' dir='ltr'><strong>nostri</strong></span> <span class='ocrx_word' id='word_1_106' title='bbox 672 1760 712 1815; x_wconf 90' lang='lat' dir='ltr'><strong>bri</strong></span> <span class='ocrx_word' id='word_1_107' title='bbox 760 1761 822 1815; x_wconf 92' lang='lat' dir='ltr'><strong>unio</strong></span> <span class='ocrx_word' id='word_1_108' title='bbox 835 1763 878 1814; x_wconf 78' lang='lat' dir='ltr'><strong>edi</strong></span> <span class='ocrx_word' id='word_1_109' title='bbox 891 1769 1010 1831; x_wconf 89' lang='lat' dir='ltr'><strong>coeptum</strong></span> <span class='ocrx_word' id='word_1_110' title='bbox 1024 1768 1067 1814; x_wconf 87' lang='lat' dir='ltr'><strong>est</strong></span> <span class='ocrx_word' id='word_1_111' title='bbox 1079 1763 1158 1831; x_wconf 79' lang='lat' dir='ltr'><strong>quia,</strong></span> <span class='ocrx_word' id='word_1_112' title='bbox 1174 1762 1263 1817; x_wconf 88' lang='lat' dir='ltr'><strong>nescio</strong></span> <span class='ocrx_word' id='word_1_113' title='bbox 1274 1775 1330 1884; x_wconf 72' lang='lat' dir='ltr'><strong>qqun</strong></span> 
     </span>
     <span class='ocr_line' id='line_1_14' title="bbox 111 1830 1330 1901; baseline -0.003 -17"><span class='ocrx_word' id='word_1_114' title='bbox 111 1849 171 1884; x_wconf 89' lang='lat' dir='ltr'><strong>mss.</strong></span> <span class='ocrx_word' id='word_1_115' title='bbox 194 1847 284 1885; x_wconf 89' lang='lat' dir='ltr'><strong>omnes</strong></span> <span class='ocrx_word' id='word_1_116' title='bbox 311 1830 381 1883; x_wconf 90' lang='lat' dir='ltr'><strong>edidi</strong></span> <span class='ocrx_word' id='word_1_117' title='bbox 412 1848 445 1884; x_wconf 90' lang='lat' dir='ltr'><strong>ue</strong></span> <span class='ocrx_word' id='word_1_118' title='bbox 471 1830 587 1884; x_wconf 91' lang='lat' dir='ltr'><strong>Modius.</strong></span> <span class='ocrx_word' id='word_1_119' title='bbox 621 1831 712 1901; x_wconf 84' lang='lat' dir='ltr'><strong>Vulgo</strong></span> <span class='ocrx_word' id='word_1_120' title='bbox 746 1832 780 1886; x_wconf 91' lang='lat' dir='ltr'><strong>ob</strong></span> <span class='ocrx_word' id='word_1_121' title='bbox 799 1849 914 1898; x_wconf 83' lang='lat' dir='ltr'><strong>causam,</strong></span> <span class='ocrx_word' id='word_1_122' title='bbox 936 1847 997 1883; x_wconf 82' lang='lat' dir='ltr'><strong>nam</strong></span> <span class='ocrx_word' id='word_1_123' title='bbox 1014 1833 1092 1883; x_wconf 86' lang='lat' dir='ltr'><strong>credo</strong></span> <span class='ocrx_word' id='word_1_124' title='bbox 1109 1833 1209 1901; x_wconf 83' lang='lat' dir='ltr'><strong>quibus</strong></span> <span class='ocrx_word' id='word_1_125' title='bbox 1222 1834 1276 1885; x_wconf 75' lang='lat' dir='ltr'><strong>eride</strong></span> <span class='ocrx_word' id='word_1_126' title='bbox 1301 1837 1330 1880; x_wconf 84' lang='lat' dir='ltr'><strong>tur</strong></span> 
     </span>
     <span class='ocr_line' id='line_1_15' title="bbox 111 1839 1325 1970; baseline -0.001 -18"><span class='ocrx_word' id='word_1_127' title='bbox 111 1902 243 1967; x_wconf 84' lang='lat' dir='ltr'><strong>nuntiari,</strong></span> <span class='ocrx_word' id='word_1_128' title='bbox 261 1900 344 1970; x_wconf 88' lang='lat' dir='ltr'><strong>quod,</strong></span> <span class='ocrx_word' id='word_1_129' title='bbox 368 1839 608 1969; x_wconf 61' lang='lat' dir='ltr'><strong>sianakenburgio</strong></span> <span class='ocrx_word' id='word_1_130' title='bbox 624 1898 712 1952; x_wconf 88' lang='lat' dir='ltr'><strong>silenti</strong></span> <span class='ocrx_word' id='word_1_131' title='bbox 746 1899 867 1953; x_wconf 88' lang='lat' dir='ltr'><strong>facillime</strong></span> <span class='ocrx_word' id='word_1_132' title='bbox 884 1898 946 1953; x_wconf 91' lang='lat' dir='ltr'><strong>coit.</strong></span> <span class='ocrx_word' id='word_1_133' title='bbox 1319 1962 1325 1970; x_wconf 34' lang='grc'><strong>,</strong></span> 
     </span>
     <span class='ocr_line' id='line_1_16' title="bbox 111 1967 1330 2040; baseline -0.002 -19"><span class='ocrx_word' id='word_1_134' title='bbox 111 1969 189 2022; x_wconf 89' lang='lat' dir='ltr'><strong>fidem</strong></span> <span class='ocrx_word' id='word_1_135' title='bbox 206 1969 312 2035; x_wconf 86' lang='lat' dir='ltr'><strong>habeas,</strong></span> <span class='ocrx_word' id='word_1_136' title='bbox 330 1967 358 2020; x_wconf 93' lang='lat' dir='ltr'><strong>in</strong></span> <span class='ocrx_word' id='word_1_137' title='bbox 374 1967 556 2023; x_wconf 82' lang='lat' dir='ltr'><strong>LeidVossl</strong></span> <span class='ocrx_word' id='word_1_138' title='bbox 576 1967 711 2021; x_wconf 89' lang='lat' dir='ltr'><strong>inventum</strong></span> <span class='ocrx_word' id='word_1_139' title='bbox 780 1972 802 2036; x_wconf 84' lang='lat'><strong>§.</strong></span> <span class='ocrx_word' id='word_1_140' title='bbox 822 1975 863 2022; x_wconf 91' lang='lat'><strong>11.</strong></span> <span class='ocrx_word' id='word_1_141' title='bbox 896 1969 990 2037; x_wconf 51' lang='lat' dir='ltr'><strong>*Sisque</strong></span> <span class='ocrx_word' id='word_1_142' title='bbox 1007 1969 1108 2022; x_wconf 82' lang='lat' dir='ltr'><strong>locutos</strong></span> <span class='ocrx_word' id='word_1_143' title='bbox 1128 1970 1199 2040; x_wconf 88' lang='lat' dir='ltr'><strong>esse]</strong></span> <span class='ocrx_word' id='word_1_144' title='bbox 1230 1967 1330 2022; x_wconf 75' lang='lat' dir='ltr'><strong>volun</strong></span> 
     </span>
     <span class='ocr_line' id='line_1_17' title="bbox 111 2035 1330 2106; baseline -0.002 -16"><span class='ocrx_word' id='word_1_145' title='bbox 111 2054 168 2091; x_wconf 89' lang='lat' dir='ltr'><strong>esse</strong></span> <span class='ocrx_word' id='word_1_146' title='bbox 186 2054 299 2090; x_wconf 87' lang='lat' dir='ltr'><strong>censeas.</strong></span> <span class='ocrx_word' id='word_1_147' title='bbox 335 2035 388 2089; x_wconf 88' lang='lat' dir='ltr'><strong>Sed</strong></span> <span class='ocrx_word' id='word_1_148' title='bbox 406 2054 468 2090; x_wconf 85' lang='lat' dir='ltr'><strong>care</strong></span> <span class='ocrx_word' id='word_1_149' title='bbox 489 2036 565 2089; x_wconf 83' lang='lat' dir='ltr'><strong>faxis.</strong></span> <span class='ocrx_word' id='word_1_150' title='bbox 600 2036 712 2090; x_wconf 76' lang='lat' dir='ltr'><strong>Solitum</strong></span> <span class='ocrx_word' id='word_1_151' title='bbox 746 2044 838 2091; x_wconf 87' lang='lat' dir='ltr'><strong>auctor</strong></span> <span class='ocrx_word' id='word_1_152' title='bbox 854 2044 915 2106; x_wconf 89' lang='lat' dir='ltr'><strong>post</strong></span> <span class='ocrx_word' id='word_1_153' title='bbox 935 2037 984 2090; x_wconf 91' lang='lat' dir='ltr'><strong>hoc</strong></span> <span class='ocrx_word' id='word_1_154' title='bbox 1005 2035 1084 2090; x_wconf 87' lang='lat' dir='ltr'><strong>colon</strong></span> <span class='ocrx_word' id='word_1_155' title='bbox 1109 2037 1262 2091; x_wconf 86' lang='lat' dir='ltr'><strong>orationem</strong></span> <span class='ocrx_word' id='word_1_156' title='bbox 1279 2035 1330 2105; x_wconf 78' lang='lat' dir='ltr'><strong>legr-</strong></span> 
     </span>
     <span class='ocr_line' id='line_1_18' title="bbox 35 2103 1330 2175; baseline -0.002 -17"><span class='ocrx_word' id='word_1_157' title='bbox 35 2103 41 2111; x_wconf 81' lang='grc'><em>’</em></span> <span class='ocrx_word' id='word_1_158' title='bbox 112 2105 215 2160; x_wconf 89' lang='lat' dir='ltr'><strong>dicendi</strong></span> <span class='ocrx_word' id='word_1_159' title='bbox 240 2104 368 2158; x_wconf 88' lang='lat' dir='ltr'><strong>rationem</strong></span> <span class='ocrx_word' id='word_1_160' title='bbox 394 2104 581 2159; x_wconf 88' lang='lat' dir='ltr'><strong>illustravimus</strong></span> <span class='ocrx_word' id='word_1_161' title='bbox 607 2106 641 2157; x_wconf 81' lang='lat' dir='ltr'><strong>ad</strong></span> <span class='ocrx_word' id='word_1_162' title='bbox 666 2119 710 2171; x_wconf 92' lang='lat'><strong>111,</strong></span> <span class='ocrx_word' id='word_1_163' title='bbox 745 2113 832 2159; x_wconf 92' lang='lat' dir='ltr'><strong>torum</strong></span> <span class='ocrx_word' id='word_1_164' title='bbox 844 2103 967 2175; x_wconf 88' lang='lat' dir='ltr'><strong>incipere,</strong></span> <span class='ocrx_word' id='word_1_165' title='bbox 979 2105 1025 2156; x_wconf 88' lang='lat' dir='ltr'><strong>sed</strong></span> <span class='ocrx_word' id='word_1_166' title='bbox 1033 2105 1265 2174; x_wconf 86' lang='lat' dir='ltr'><strong>praemittendam</strong></span> <span class='ocrx_word' id='word_1_167' title='bbox 1276 2111 1330 2175; x_wconf 77' lang='lat' dir='ltr'><strong>pun</strong></span> 
     </span>
     <span class='ocr_line' id='line_1_19' title="bbox 113 2169 1330 2244; baseline -0.001 -17"><span class='ocrx_word' id='word_1_168' title='bbox 113 2182 155 2239; x_wconf 85' lang='lat'><strong>19,</strong></span> <span class='ocrx_word' id='word_1_169' title='bbox 175 2181 188 2226; x_wconf 80' lang='lat'><strong>7</strong></span> <span class='ocrx_word' id='word_1_170' title='bbox 207 2181 236 2226; x_wconf 89' lang='lat' dir='ltr'><strong>et</strong></span> <span class='ocrx_word' id='word_1_171' title='bbox 252 2187 296 2240; x_wconf 91' lang='lat'><strong>111,</strong></span> <span class='ocrx_word' id='word_1_172' title='bbox 315 2178 401 2239; x_wconf 73' lang='lat' dir='ltr'><strong>30,‘t.</strong></span> <span class='ocrx_word' id='word_1_173' title='bbox 745 2173 786 2227; x_wconf 87' lang='lat' dir='ltr'><strong>vit</strong></span> <span class='ocrx_word' id='word_1_174' title='bbox 803 2172 1013 2244; x_wconf 86' lang='lat' dir='ltr'><strong>deprecationem</strong></span> <span class='ocrx_word' id='word_1_175' title='bbox 1030 2173 1140 2243; x_wconf 86' lang='lat' dir='ltr'><strong>generis</strong></span> <span class='ocrx_word' id='word_1_176' title='bbox 1154 2173 1259 2229; x_wconf 87' lang='lat' dir='ltr'><strong>dicendi</strong></span> <span class='ocrx_word' id='word_1_177' title='bbox 1273 2169 1330 2243; x_wconf 75' lang='lat' dir='ltr'><strong>prule</strong></span> 
     </span>
     <span class='ocr_line' id='line_1_20' title="bbox 147 2239 1330 2362; baseline -0.001 -67"><span class='ocrx_word' id='word_1_178' title='bbox 147 2245 170 2362; x_wconf 58' lang='lat' dir='ltr'><strong>q.</strong></span> <span class='ocrx_word' id='word_1_179' title='bbox 181 2249 204 2295; x_wconf 85' lang='lat'><strong>9.</strong></span> <span class='ocrx_word' id='word_1_180' title='bbox 226 2244 255 2293; x_wconf 87' lang='lat' dir='ltr'><strong>r&#39;n</strong></span> <span class='ocrx_word' id='word_1_181' title='bbox 268 2244 339 2295; x_wconf 87' lang='lat' dir='ltr'><strong>uultu</strong></span> <span class='ocrx_word' id='word_1_182' title='bbox 351 2244 422 2312; x_wconf 65' lang='lat' dir='ltr'><strong>repis</strong></span> <span class='ocrx_word' id='word_1_183' title='bbox 437 2243 522 2311; x_wconf 69' lang='lat' dir='ltr'><strong>defin]</strong></span> <span class='ocrx_word' id='word_1_184' title='bbox 544 2239 713 2295; x_wconf 79' lang='lat' dir='ltr'><strong>FlanEFGI</strong></span> <span class='ocrx_word' id='word_1_185' title='bbox 746 2241 932 2308; x_wconf 83' lang='lat' dir='ltr'><strong>insolentioris,</strong></span> <span class='ocrx_word' id='word_1_186' title='bbox 951 2243 996 2294; x_wconf 91' lang='lat' dir='ltr'><strong>sed</strong></span> <span class='ocrx_word' id='word_1_187' title='bbox 1012 2241 1160 2297; x_wconf 84' lang='lat' dir='ltr'><strong>artificiose</strong></span> <span class='ocrx_word' id='word_1_188' title='bbox 1170 2245 1206 2297; x_wconf 88' lang='lat' dir='ltr'><strong>ad</strong></span> <span class='ocrx_word' id='word_1_189' title='bbox 1222 2239 1330 2313; x_wconf 74' lang='lat' dir='ltr'><strong>ingenim</strong></span> 
     </span>
     <span class='ocr_line' id='line_1_21' title="bbox 112 2280 1368 2378; baseline 0.003 -16"><span class='ocrx_word' id='word_1_190' title='bbox 112 2310 199 2362; x_wconf 86' lang='lat' dir='ltr'><strong>Pa.1</strong></span> <span class='ocrx_word' id='word_1_191' title='bbox 219 2313 246 2362; x_wconf 83' lang='lat' dir='ltr'><strong>in</strong></span> <span class='ocrx_word' id='word_1_192' title='bbox 268 2312 379 2376; x_wconf 87' lang='lat' dir='ltr'><strong>vultum,</strong></span> <span class='ocrx_word' id='word_1_193' title='bbox 406 2318 437 2363; x_wconf 92' lang='lat' dir='ltr'><strong>ut</strong></span> <span class='ocrx_word' id='word_1_194' title='bbox 459 2319 500 2364; x_wconf 90' lang='lat' dir='ltr'><strong>est</strong></span> <span class='ocrx_word' id='word_1_195' title='bbox 521 2325 563 2378; x_wconf 78' lang='lat' dir='ltr'><strong>nr,</strong></span> <span class='ocrx_word' id='word_1_196' title='bbox 591 2318 621 2363; x_wconf 85' lang='lat'><strong>11</strong></span> <span class='ocrx_word' id='word_1_197' title='bbox 645 2320 712 2363; x_wconf 85' lang='lat' dir='ltr'><strong>metu</strong></span> <span class='ocrx_word' id='word_1_198' title='bbox 746 2311 918 2364; x_wconf 83' lang='lat' dir='ltr'><strong>barbarorum</strong></span> <span class='ocrx_word' id='word_1_199' title='bbox 935 2309 1093 2377; x_wconf 86' lang='lat' dir='ltr'><strong>constructi,</strong></span> <span class='ocrx_word' id='word_1_200' title='bbox 1122 2313 1261 2366; x_wconf 79' lang='lat' dir='ltr'><strong>turbatam</strong></span> <span class='ocrx_word' id='word_1_201' title='bbox 1279 2305 1330 2378; x_wconf 68' lang='lat' dir='ltr'><strong>equ&#39;r</strong></span> <span class='ocrx_word' id='word_1_202' title='bbox 1365 2280 1368 2357; x_wconf 69' lang='lat' dir='ltr'><strong>l</strong></span> 
     </span>
     <span class='ocr_line' id='line_1_22' title="bbox 112 2377 1368 2450; baseline -0.001 -19"><span class='ocrx_word' id='word_1_203' title='bbox 112 2379 216 2432; x_wconf 78' lang='lat' dir='ltr'><strong>attoniti</strong></span> <span class='ocrx_word' id='word_1_204' title='bbox 232 2380 260 2430; x_wconf 81' lang='lat' dir='ltr'><strong>in</strong></span> <span class='ocrx_word' id='word_1_205' title='bbox 278 2388 374 2430; x_wconf 87' lang='lat' dir='ltr'><strong>terrum</strong></span> <span class='ocrx_word' id='word_1_206' title='bbox 392 2381 603 2448; x_wconf 80' lang='lat' dir='ltr'><strong>oradefiaerant.</strong></span> <span class='ocrx_word' id='word_1_207' title='bbox 629 2379 712 2433; x_wconf 86' lang='lat' dir='ltr'><strong>Utra·</strong></span> <span class='ocrx_word' id='word_1_208' title='bbox 746 2380 806 2432; x_wconf 90' lang='lat' dir='ltr'><strong>dem</strong></span> <span class='ocrx_word' id='word_1_209' title='bbox 823 2378 929 2432; x_wconf 90' lang='lat' dir='ltr'><strong>minime</strong></span> <span class='ocrx_word' id='word_1_210' title='bbox 945 2377 1056 2432; x_wconf 87' lang='lat' dir='ltr'><strong>dixerim</strong></span> <span class='ocrx_word' id='word_1_211' title='bbox 1073 2379 1241 2448; x_wconf 87' lang='lat' dir='ltr'><strong>orationem,</strong></span> <span class='ocrx_word' id='word_1_212' title='bbox 1264 2393 1330 2450; x_wconf 79' lang='lat' dir='ltr'><strong>quum·</strong></span> <span class='ocrx_word' id='word_1_213' title='bbox 1366 2390 1368 2395; x_wconf 88' lang='lat'>&#39;</span> 
     </span>
     <span class='ocr_line' id='line_1_23' title="bbox 113 2443 1330 2519; baseline 0 -19"><span class='ocrx_word' id='word_1_214' title='bbox 113 2463 164 2518; x_wconf 90' lang='lat' dir='ltr'><strong>que</strong></span> <span class='ocrx_word' id='word_1_215' title='bbox 180 2445 282 2500; x_wconf 83' lang='lat' dir='ltr'><strong>ratione</strong></span> <span class='ocrx_word' id='word_1_216' title='bbox 301 2445 387 2500; x_wconf 90' lang='lat' dir='ltr'><strong>dicere</strong></span> <span class='ocrx_word' id='word_1_217' title='bbox 405 2445 475 2500; x_wconf 87' lang='lat' dir='ltr'><strong>licet.</strong></span> <span class='ocrx_word' id='word_1_218' title='bbox 511 2448 551 2503; x_wconf 89' lang='lat' dir='ltr'><strong>Cf.</strong></span> <span class='ocrx_word' id='word_1_219' title='bbox 570 2448 604 2500; x_wconf 85' lang='lat' dir='ltr'><strong>ad</strong></span> <span class='ocrx_word' id='word_1_220' title='bbox 620 2453 712 2513; x_wconf 81' lang='lat' dir='ltr'><strong>rv,88.</strong></span> <span class='ocrx_word' id='word_1_221' title='bbox 747 2465 824 2519; x_wconf 85' lang='lat' dir='ltr'><strong>quam</strong></span> <span class='ocrx_word' id='word_1_222' title='bbox 845 2449 954 2500; x_wconf 86' lang='lat' dir='ltr'><strong>verbum</strong></span> <span class='ocrx_word' id='word_1_223' title='bbox 975 2449 1118 2501; x_wconf 75' lang='lat' dir='ltr'><strong>abhorrent</strong></span> <span class='ocrx_word' id='word_1_224' title='bbox 1140 2467 1197 2502; x_wconf 89' lang='lat' dir='ltr'><strong>non</strong></span> <span class='ocrx_word' id='word_1_225' title='bbox 1219 2450 1292 2502; x_wconf 85' lang='lat' dir='ltr'><strong>habet</strong></span> <span class='ocrx_word' id='word_1_226' title='bbox 1307 2443 1330 2496; x_wconf 81' lang='lat' dir='ltr'><strong>td</strong></span> 
     </span>
     <span class='ocr_line' id='line_1_24' title="bbox 146 2511 1368 2587; baseline -0.002 -19"><span class='ocrx_word' id='word_1_227' title='bbox 146 2518 263 2569; x_wconf 84' lang='lat' dir='ltr'><strong>modicus</strong></span> <span class='ocrx_word' id='word_1_228' title='bbox 280 2517 383 2568; x_wconf 82' lang='lat' dir='ltr'><strong>babitus</strong></span> <span class='ocrx_word' id='word_1_229' title='bbox 401 2518 497 2586; x_wconf 83' lang='lat' dir='ltr'><strong>baudq.</strong></span> <span class='ocrx_word' id='word_1_230' title='bbox 506 2519 601 2587; x_wconf 81' lang='lat' dir='ltr'><strong>fernae</strong></span> <span class='ocrx_word' id='word_1_231' title='bbox 609 2517 713 2585; x_wconf 83' lang='lat' dir='ltr'><strong>parui·</strong></span> <span class='ocrx_word' id='word_1_232' title='bbox 748 2517 819 2587; x_wconf 94' lang='lat' dir='ltr'><strong>quod</strong></span> <span class='ocrx_word' id='word_1_233' title='bbox 837 2517 995 2570; x_wconf 86' lang='lat' dir='ltr'><strong>antecedens</strong></span> <span class='ocrx_word' id='word_1_234' title='bbox 1012 2514 1118 2571; x_wconf 86' lang='lat' dir='ltr'><strong>directo</strong></span> <span class='ocrx_word' id='word_1_235' title='bbox 1136 2519 1281 2584; x_wconf 86' lang='lat' dir='ltr'><strong>referatur,</strong></span> <span class='ocrx_word' id='word_1_236' title='bbox 1298 2511 1330 2566; x_wconf 83' lang='lat' dir='ltr'><strong>sel</strong></span> <span class='ocrx_word' id='word_1_237' title='bbox 1366 2550 1368 2579; x_wconf 88' lang='lat'><strong>,</strong></span> 
     </span>
     <span class='ocr_line' id='line_1_25' title="bbox 113 2582 1368 2657; baseline -0.002 -20"><span class='ocrx_word' id='word_1_238' title='bbox 113 2585 230 2638; x_wconf 83' lang='lat' dir='ltr'><strong>debatur.</strong></span> <span class='ocrx_word' id='word_1_239' title='bbox 271 2582 346 2636; x_wconf 91' lang='lat' dir='ltr'><strong>Libri</strong></span> <span class='ocrx_word' id='word_1_240' title='bbox 368 2601 457 2638; x_wconf 90' lang='lat' dir='ltr'><strong>omnes</strong></span> <span class='ocrx_word' id='word_1_241' title='bbox 483 2593 590 2655; x_wconf 86' lang='lat' dir='ltr'><strong>praeter</strong></span> <span class='ocrx_word' id='word_1_242' title='bbox 615 2600 712 2654; x_wconf 86' lang='lat' dir='ltr'><strong>paucos</strong></span> <span class='ocrx_word' id='word_1_243' title='bbox 747 2584 907 2654; x_wconf 82' lang='lat' dir='ltr'><strong>cogitatione</strong></span> <span class='ocrx_word' id='word_1_244' title='bbox 929 2583 1092 2653; x_wconf 83' lang='lat' dir='ltr'><strong>intelligatur</strong></span> <span class='ocrx_word' id='word_1_245' title='bbox 1115 2601 1152 2638; x_wconf 85' lang='lat' dir='ltr'><strong>ex</strong></span> <span class='ocrx_word' id='word_1_246' title='bbox 1174 2603 1208 2640; x_wconf 91' lang='lat' dir='ltr'><strong>eo</strong></span> <span class='ocrx_word' id='word_1_247' title='bbox 1227 2585 1330 2657; x_wconf 83' lang='lat' dir='ltr'><strong>quodut</strong></span> <span class='ocrx_word' id='word_1_248' title='bbox 1366 2598 1368 2603; x_wconf 93' lang='lat'>·</span> 
     </span>
     <span class='ocr_line' id='line_1_26' title="bbox 112 2652 1329 2725; baseline 0.002 -20"><span class='ocrx_word' id='word_1_249' title='bbox 112 2653 236 2706; x_wconf 90' lang='lat' dir='ltr'><strong>mendose</strong></span> <span class='ocrx_word' id='word_1_250' title='bbox 245 2652 356 2723; x_wconf 92' lang='lat' dir='ltr'><strong>scriptos</strong></span> <span class='ocrx_word' id='word_1_251' title='bbox 364 2656 481 2708; x_wconf 84' lang='lat' dir='ltr'><strong>modicus</strong></span> <span class='ocrx_word' id='word_1_252' title='bbox 490 2656 547 2707; x_wconf 87' lang='lat' dir='ltr'><strong>ani</strong></span> <span class='ocrx_word' id='word_1_253' title='bbox 552 2672 625 2706; x_wconf 86' lang='lat' dir='ltr'><strong>mus.</strong></span> <span class='ocrx_word' id='word_1_254' title='bbox 635 2653 712 2717; x_wconf 83' lang='lat' dir='ltr'><strong>Quod</strong></span> <span class='ocrx_word' id='word_1_255' title='bbox 747 2656 786 2707; x_wconf 86' lang='lat' dir='ltr'><strong>sic</strong></span> <span class='ocrx_word' id='word_1_256' title='bbox 803 2661 831 2706; x_wconf 92' lang='lat' dir='ltr'><strong>et</strong></span> <span class='ocrx_word' id='word_1_257' title='bbox 849 2653 1002 2724; x_wconf 85' lang='lat' dir='ltr'><strong>suppleatur</strong></span> <span class='ocrx_word' id='word_1_258' title='bbox 1014 2668 1049 2704; x_wconf 85' lang='lat' dir='ltr'><strong>ex</strong></span> <span class='ocrx_word' id='word_1_259' title='bbox 1066 2652 1270 2725; x_wconf 88' lang='lat' dir='ltr'><strong>insequentibus</strong></span> <span class='ocrx_word' id='word_1_260' title='bbox 1283 2665 1329 2724; x_wconf 75' lang='lat' dir='ltr'><strong>punt</strong></span> 
     </span>
     <span class='ocr_line' id='line_1_27' title="bbox 112 2714 1368 2792; baseline 0 -18"><span class='ocrx_word' id='word_1_261' title='bbox 112 2721 222 2774; x_wconf 90' lang='lat' dir='ltr'><strong>verbum</strong></span> <span class='ocrx_word' id='word_1_262' title='bbox 243 2738 301 2774; x_wconf 91' lang='lat' dir='ltr'><strong>curn</strong></span> <span class='ocrx_word' id='word_1_263' title='bbox 324 2720 461 2775; x_wconf 89' lang='lat' dir='ltr'><strong>eiecissent</strong></span> <span class='ocrx_word' id='word_1_264' title='bbox 477 2723 584 2776; x_wconf 92' lang='lat' dir='ltr'><strong>Modius</strong></span> <span class='ocrx_word' id='word_1_265' title='bbox 600 2737 712 2791; x_wconf 89' lang='lat' dir='ltr'><strong>eumque</strong></span> <span class='ocrx_word' id='word_1_266' title='bbox 746 2755 781 2763; x_wconf 91' lang='lat'>—</span> <span class='ocrx_word' id='word_1_267' title='bbox 792 2723 983 2791; x_wconf 82' lang='lat' dir='ltr'><strong>praeferemus.</strong></span> <span class='ocrx_word' id='word_1_268' title='bbox 1000 2720 1189 2792; x_wconf 81' lang='lat' dir='ltr'><strong>interruptam</strong></span> <span class='ocrx_word' id='word_1_269' title='bbox 1197 2720 1329 2777; x_wconf 76' lang='lat' dir='ltr'><strong>sententium</strong></span> <span class='ocrx_word' id='word_1_270' title='bbox 1366 2714 1368 2767; x_wconf 88' lang='lat' dir='ltr'><strong>l</strong></span> 
     </span>
     <span class='ocr_line' id='line_1_28' title="bbox 1 2788 1329 2862; baseline -0.002 -19"><span class='ocrx_word' id='word_1_271' title='bbox 1 2802 10 2821; x_wconf 91' lang='lat'><strong>·</strong></span> <span class='ocrx_word' id='word_1_272' title='bbox 113 2789 197 2844; x_wconf 92' lang='lat' dir='ltr'><strong>secuti</strong></span> <span class='ocrx_word' id='word_1_273' title='bbox 214 2788 381 2857; x_wconf 88' lang='lat' dir='ltr'><strong>recentiores,</strong></span> <span class='ocrx_word' id='word_1_274' title='bbox 400 2790 532 2845; x_wconf 87' lang='lat' dir='ltr'><strong>sententia</strong></span> <span class='ocrx_word' id='word_1_275' title='bbox 544 2790 636 2843; x_wconf 87' lang='lat' dir='ltr'><strong>extitit</strong></span> <span class='ocrx_word' id='word_1_276' title='bbox 653 2805 712 2860; x_wconf 86' lang='lat' dir='ltr'><strong>per·</strong></span> <span class='ocrx_word' id='word_1_277' title='bbox 748 2790 822 2860; x_wconf 85' lang='lat' dir='ltr'><strong>quasi</strong></span> <span class='ocrx_word' id='word_1_278' title='bbox 839 2789 918 2843; x_wconf 84' lang='lat' dir='ltr'><strong>sarcit</strong></span> <span class='ocrx_word' id='word_1_279' title='bbox 935 2791 1028 2859; x_wconf 67' lang='lat' dir='ltr'><strong>luitur.</strong></span> <span class='ocrx_word' id='word_1_280' title='bbox 1055 2788 1102 2842; x_wconf 84' lang='lat' dir='ltr'><strong>sic</strong></span> <span class='ocrx_word' id='word_1_281' title='bbox 1116 2792 1208 2845; x_wconf 82' lang='lat' dir='ltr'><strong>omnia</strong></span> <span class='ocrx_word' id='word_1_282' title='bbox 1222 2800 1329 2862; x_wconf 86' lang='lat' dir='ltr'><strong>apteoon·</strong></span> 
     </span>
     <span class='ocr_line' id='line_1_29' title="bbox 112 2856 1328 2928; baseline -0.004 -15"><span class='ocrx_word' id='word_1_283' title='bbox 112 2876 195 2913; x_wconf 87' lang='lat' dir='ltr'><strong>versa.</strong></span> <span class='ocrx_word' id='word_1_284' title='bbox 231 2857 303 2922; x_wconf 85' lang='lat' dir='ltr'><strong>Quid</strong></span> <span class='ocrx_word' id='word_1_285' title='bbox 329 2858 418 2912; x_wconf 83' lang='lat' dir='ltr'><strong>enim?</strong></span> <span class='ocrx_word' id='word_1_286' title='bbox 445 2859 578 2912; x_wconf 90' lang='lat' dir='ltr'><strong>animusne</strong></span> <span class='ocrx_word' id='word_1_287' title='bbox 595 2858 712 2911; x_wconf 84' lang='lat' dir='ltr'><strong>Alexan·</strong></span> <span class='ocrx_word' id='word_1_288' title='bbox 747 2866 847 2912; x_wconf 83' lang='lat' dir='ltr'><strong>structe</strong></span> <span class='ocrx_word' id='word_1_289' title='bbox 863 2856 925 2910; x_wconf 89' lang='lat' dir='ltr'><strong>mihi</strong></span> <span class='ocrx_word' id='word_1_290' title='bbox 943 2857 1047 2928; x_wconf 90' lang='lat' dir='ltr'><strong>quidem</strong></span> <span class='ocrx_word' id='word_1_291' title='bbox 1064 2858 1208 2928; x_wconf 86' lang='lat' dir='ltr'><strong>videntur,</strong></span> <span class='ocrx_word' id='word_1_292' title='bbox 1231 2861 1273 2913; x_wconf 92' lang='lat' dir='ltr'><strong>sed</strong></span> <span class='ocrx_word' id='word_1_293' title='bbox 1287 2856 1328 2911; x_wconf 88' lang='lat' dir='ltr'><strong>llo·</strong></span> 
     </span>
     <span class='ocr_line' id='line_1_30' title="bbox 112 2925 1343 3007; baseline -0.003 -27"><span class='ocrx_word' id='word_1_294' title='bbox 112 2928 153 2981; x_wconf 90' lang='lat' dir='ltr'><strong>dri</strong></span> <span class='ocrx_word' id='word_1_295' title='bbox 178 2927 284 2997; x_wconf 86' lang='lat' dir='ltr'><strong>Scythis</strong></span> <span class='ocrx_word' id='word_1_296' title='bbox 315 2926 431 2981; x_wconf 89' lang='lat' dir='ltr'><strong>modicus</strong></span> <span class='ocrx_word' id='word_1_297' title='bbox 462 2939 486 2982; x_wconf 91' lang='lat' dir='ltr'><strong>et</strong></span> <span class='ocrx_word' id='word_1_298' title='bbox 515 2928 599 2980; x_wconf 86' lang='lat' dir='ltr'><strong>famae</strong></span> <span class='ocrx_word' id='word_1_299' title='bbox 629 2926 713 3007; x_wconf 86' lang='lat' dir='ltr'><strong>imper</strong></span> <span class='ocrx_word' id='word_1_300' title='bbox 745 2927 804 2983; x_wconf 65' lang='lat' dir='ltr'><strong>,dius</strong></span> <span class='ocrx_word' id='word_1_301' title='bbox 833 2925 943 2981; x_wconf 86' lang='lat' dir='ltr'><strong>orationi</strong></span> <span class='ocrx_word' id='word_1_302' title='bbox 969 2928 1178 2980; x_wconf 83' lang='lat' dir='ltr'><strong>succurrendum</strong></span> <span class='ocrx_word' id='word_1_303' title='bbox 1205 2937 1275 2982; x_wconf 85' lang='lat' dir='ltr'><strong>ratus</strong></span> <span class='ocrx_word' id='word_1_304' title='bbox 1295 2925 1343 2978; x_wconf 80' lang='lat' dir='ltr'><strong>ab·</strong></span> 
     </span>
     <span class='ocr_line' id='line_1_31' title="bbox 112 2994 1328 3076; baseline 0.001 -27"><span class='ocrx_word' id='word_1_305' title='bbox 112 2996 193 3049; x_wconf 79' lang='lat' dir='ltr'><strong>videri</strong></span> <span class='ocrx_word' id='word_1_306' title='bbox 215 2996 340 3076; x_wconf 84' lang='lat' dir='ltr'><strong>poterat?</strong></span> <span class='ocrx_word' id='word_1_307' title='bbox 368 2996 440 3050; x_wconf 89' lang='lat' dir='ltr'><strong>cuius</strong></span> <span class='ocrx_word' id='word_1_308' title='bbox 462 3004 505 3050; x_wconf 92' lang='lat' dir='ltr'><strong>tot</strong></span> <span class='ocrx_word' id='word_1_309' title='bbox 522 3004 550 3049; x_wconf 90' lang='lat' dir='ltr'><strong>et</strong></span> <span class='ocrx_word' id='word_1_310' title='bbox 567 3003 644 3049; x_wconf 83' lang='lat' dir='ltr'><strong>tanta</strong></span> <span class='ocrx_word' id='word_1_311' title='bbox 661 3012 712 3047; x_wconf 86' lang='lat' dir='ltr'><strong>ram</strong></span> <span class='ocrx_word' id='word_1_312' title='bbox 747 2998 877 3049; x_wconf 77' lang='lat' dir='ltr'><strong>horrentia</strong></span> <span class='ocrx_word' id='word_1_313' title='bbox 895 2994 969 3047; x_wconf 91' lang='lat' dir='ltr'><strong>dedit</strong></span> <span class='ocrx_word' id='word_1_314' title='bbox 985 3012 1033 3064; x_wconf 91' lang='lat' dir='ltr'><strong>pro</strong></span> <span class='ocrx_word' id='word_1_315' title='bbox 1056 2996 1213 3061; x_wconf 77' lang='lat' dir='ltr'><strong>abhorrent,</strong></span> <span class='ocrx_word' id='word_1_316' title='bbox 1240 2997 1328 3050; x_wconf 69' lang='lat' dir='ltr'><strong>forum</strong></span> 
     </span>
     <span class='ocr_line' id='line_1_32' title="bbox 114 3062 1342 3136; baseline -0.002 -18"><span class='ocrx_word' id='word_1_317' title='bbox 114 3072 299 3136; x_wconf 85' lang='lat' dir='ltr'><strong>cognovrssent</strong></span> <span class='ocrx_word' id='word_1_318' title='bbox 316 3066 485 3119; x_wconf 81' lang='lat' dir='ltr'><strong>documenta</strong></span> <span class='ocrx_word' id='word_1_319' title='bbox 520 3065 591 3118; x_wconf 89' lang='lat' dir='ltr'><strong>Nam</strong></span> <span class='ocrx_word' id='word_1_320' title='bbox 608 3066 712 3117; x_wconf 85' lang='lat' dir='ltr'><strong>unimus</strong></span> <span class='ocrx_word' id='word_1_321' title='bbox 766 3065 818 3118; x_wconf 90' lang='lat' dir='ltr'><strong>uod</strong></span> <span class='ocrx_word' id='word_1_322' title='bbox 836 3064 864 3116; x_wconf 92' lang='lat' dir='ltr'><strong>in</strong></span> <span class='ocrx_word' id='word_1_323' title='bbox 898 3063 970 3116; x_wconf 84' lang='lat' dir='ltr'><strong>aucis</strong></span> <span class='ocrx_word' id='word_1_324' title='bbox 988 3062 1124 3135; x_wconf 87' lang='lat' dir='ltr'><strong>codicibus</strong></span> <span class='ocrx_word' id='word_1_325' title='bbox 1143 3062 1342 3134; x_wconf 80' lang='lat' dir='ltr'><strong>(vossasseru&#39;</strong></span> 
     </span>
     <span class='ocr_line' id='line_1_33' title="bbox 112 3082 1328 3253; baseline -0.002 -66"><span class='ocrx_word' id='word_1_326' title='bbox 112 3142 183 3187; x_wconf 89' lang='lat' dir='ltr'><strong>certe</strong></span> <span class='ocrx_word' id='word_1_327' title='bbox 201 3151 231 3185; x_wconf 89' lang='lat' dir='ltr'><strong>su</strong></span> <span class='ocrx_word' id='word_1_328' title='bbox 249 3134 359 3203; x_wconf 89' lang='lat' dir='ltr'><strong>plendus</strong></span> <span class='ocrx_word' id='word_1_329' title='bbox 377 3134 439 3200; x_wconf 90' lang='lat' dir='ltr'><strong>erit,</strong></span> <span class='ocrx_word' id='word_1_330' title='bbox 465 3133 515 3187; x_wconf 91' lang='lat' dir='ltr'><strong>nisi</strong></span> <span class='ocrx_word' id='word_1_331' title='bbox 532 3134 614 3199; x_wconf 89' lang='lat' dir='ltr'><strong>forte,</strong></span> <span class='ocrx_word' id='word_1_332' title='bbox 641 3131 713 3204; x_wconf 90' lang='lat' dir='ltr'><strong>quod</strong></span> <span class='ocrx_word' id='word_1_333' title='bbox 746 3082 913 3253; x_wconf 51' lang='lat' dir='ltr'><strong>brioci}</strong></span> <span class='ocrx_word' id='word_1_334' title='bbox 931 3134 1110 3185; x_wconf 75' lang='lat' dir='ltr'><strong>abhorrentem</strong></span> <span class='ocrx_word' id='word_1_335' title='bbox 1128 3151 1187 3187; x_wconf 90' lang='lat' dir='ltr'><strong>esse</strong></span> <span class='ocrx_word' id='word_1_336' title='bbox 1205 3134 1230 3187; x_wconf 90' lang='lat' dir='ltr'><strong>ei</strong></span> <span class='ocrx_word' id='word_1_337' title='bbox 1246 3133 1328 3207; x_wconf 69' lang='grc' dir='ltr'><strong>11111011·Ι</strong></span> 
     </span>
     <span class='ocr_line' id='line_1_34' title="bbox 111 3199 1327 3273; baseline -0.001 -19"><span class='ocrx_word' id='word_1_338' title='bbox 111 3202 201 3272; x_wconf 91' lang='lat' dir='ltr'><strong>inepte</strong></span> <span class='ocrx_word' id='word_1_339' title='bbox 237 3209 318 3254; x_wconf 83' lang='lat' dir='ltr'><strong>retum</strong></span> <span class='ocrx_word' id='word_1_340' title='bbox 335 3210 412 3268; x_wconf 89' lang='lat' dir='ltr'><strong>esset,</strong></span> <span class='ocrx_word' id='word_1_341' title='bbox 436 3202 494 3273; x_wconf 85' lang='lat' dir='ltr'><strong>ipsa</strong></span> <span class='ocrx_word' id='word_1_342' title='bbox 511 3201 581 3271; x_wconf 84' lang='lat' dir='ltr'><strong>regis</strong></span> <span class='ocrx_word' id='word_1_343' title='bbox 599 3217 713 3272; x_wconf 87' lang='lat' dir='ltr'><strong>persona</strong></span> <span class='ocrx_word' id='word_1_344' title='bbox 747 3208 815 3264; x_wconf 88' lang='lat' dir='ltr'><strong>erat,</strong></span> <span class='ocrx_word' id='word_1_345' title='bbox 836 3208 865 3253; x_wconf 92' lang='lat' dir='ltr'><strong>et</strong></span> <span class='ocrx_word' id='word_1_346' title='bbox 904 3199 1073 3254; x_wconf 85' lang='lat' dir='ltr'><strong>reinshemius</strong></span> <span class='ocrx_word' id='word_1_347' title='bbox 1096 3200 1197 3256; x_wconf 84' lang='lat' dir='ltr'><strong>abusus</strong></span> <span class='ocrx_word' id='word_1_348' title='bbox 1220 3201 1267 3257; x_wconf 86' lang='lat' dir='ltr'><strong>scri</strong></span> <span class='ocrx_word' id='word_1_349' title='bbox 1283 3208 1327 3253; x_wconf 73' lang='lat' dir='ltr'><strong>tum</strong></span> 
     </span>
     <span class='ocr_line' id='line_1_35' title="bbox 112 3262 1328 3340; baseline 0.002 -18"><span class='ocrx_word' id='word_1_350' title='bbox 112 3270 358 3340; x_wconf 83' lang='lat' dir='ltr'><strong>intelligetur,·nec</strong></span> <span class='ocrx_word' id='word_1_351' title='bbox 380 3271 456 3325; x_wconf 82' lang='lat' dir='ltr'><strong>facile</strong></span> <span class='ocrx_word' id='word_1_352' title='bbox 478 3271 506 3324; x_wconf 92' lang='lat' dir='ltr'><strong>in</strong></span> <span class='ocrx_word' id='word_1_353' title='bbox 527 3271 577 3323; x_wconf 90' lang='lat' dir='ltr'><strong>hac</strong></span> <span class='ocrx_word' id='word_1_354' title='bbox 594 3269 712 3323; x_wconf 84' lang='lat' dir='ltr'><strong>oratione</strong></span> <span class='ocrx_word' id='word_1_355' title='bbox 745 3269 888 3322; x_wconf 91' lang='lat' dir='ltr'><strong>infidelium</strong></span> <span class='ocrx_word' id='word_1_356' title='bbox 906 3268 1024 3322; x_wconf 89' lang='lat' dir='ltr'><strong>codicum</strong></span> <span class='ocrx_word' id='word_1_357' title='bbox 1042 3267 1100 3321; x_wconf 86' lang='lat' dir='ltr'><strong>Pal</strong></span> <span class='ocrx_word' id='word_1_358' title='bbox 1113 3271 1221 3327; x_wconf 85' lang='lat' dir='ltr'><strong>l-Flor.</strong></span> <span class='ocrx_word' id='word_1_359' title='bbox 1237 3275 1261 3324; x_wconf 91' lang='lat' dir='ltr'>D</span> <span class='ocrx_word' id='word_1_360' title='bbox 1317 3262 1328 3317; x_wconf 81' lang='grc' dir='ltr'>Ι</span> 
     </span>
     <span class='ocr_line' id='line_1_36' title="bbox 112 3335 1368 3410; baseline -0.001 -19"><span class='ocrx_word' id='word_1_361' title='bbox 112 3337 260 3391; x_wconf 88' lang='lat' dir='ltr'><strong>coniunctio</strong></span> <span class='ocrx_word' id='word_1_362' title='bbox 278 3347 301 3390; x_wconf 87' lang='lat' dir='ltr'><strong>et</strong></span> <span class='ocrx_word' id='word_1_363' title='bbox 318 3337 405 3392; x_wconf 87' lang='lat' dir='ltr'><strong>omitti</strong></span> <span class='ocrx_word' id='word_1_364' title='bbox 425 3347 523 3410; x_wconf 92' lang='lat' dir='ltr'><strong>potest.</strong></span> <span class='ocrx_word' id='word_1_365' title='bbox 558 3338 653 3409; x_wconf 87' lang='lat' dir='ltr'><strong>Itaque</strong></span> <span class='ocrx_word' id='word_1_366' title='bbox 670 3355 711 3390; x_wconf 90' lang='lat' dir='ltr'><strong>re-</strong></span> <span class='ocrx_word' id='word_1_367' title='bbox 745 3341 822 3408; x_wconf 85' lang='lat' dir='ltr'><strong>siqua</strong></span> <span class='ocrx_word' id='word_1_368' title='bbox 839 3356 887 3408; x_wconf 92' lang='lat' dir='ltr'><strong>pro</strong></span> <span class='ocrx_word' id='word_1_369' title='bbox 904 3339 991 3407; x_wconf 80' lang='lat' dir='ltr'><strong>sicque</strong></span> <span class='ocrx_word' id='word_1_370' title='bbox 1014 3335 1051 3390; x_wconf 92' lang='lat' dir='ltr'><strong>sic</strong></span> <span class='ocrx_word' id='word_1_371' title='bbox 1069 3337 1246 3393; x_wconf 82' lang='lat' dir='ltr'><strong>ordinandam</strong></span> <span class='ocrx_word' id='word_1_372' title='bbox 1261 3335 1326 3410; x_wconf 83' lang='lat' dir='ltr'><strong>perio·</strong></span> <span class='ocrx_word' id='word_1_373' title='bbox 1365 3340 1368 3353; x_wconf 93' lang='lat'>&#39;</span> 
     </span>
     <span class='ocr_line' id='line_1_37' title="bbox 113 3401 1327 3485; baseline 0.001 -26"><span class='ocrx_word' id='word_1_374' title='bbox 113 3406 228 3475; x_wconf 88' lang='lat' dir='ltr'><strong>cepimus</strong></span> <span class='ocrx_word' id='word_1_375' title='bbox 249 3408 321 3485; x_wconf 86' lang='lat' dir='ltr'><strong>quod</strong></span> <span class='ocrx_word' id='word_1_376' title='bbox 343 3407 494 3462; x_wconf 89' lang='lat' dir='ltr'><strong>coniectura</strong></span> <span class='ocrx_word' id='word_1_377' title='bbox 515 3409 652 3460; x_wconf 88' lang='lat' dir='ltr'><strong>inventum</strong></span> <span class='ocrx_word' id='word_1_378' title='bbox 670 3414 711 3459; x_wconf 90' lang='lat' dir='ltr'><strong>est</strong></span> <span class='ocrx_word' id='word_1_379' title='bbox 745 3407 807 3459; x_wconf 90' lang='lat' dir='ltr'><strong>dum</strong></span> <span class='ocrx_word' id='word_1_380' title='bbox 824 3405 941 3477; x_wconf 83' lang='lat' dir='ltr'><strong>putavit:</strong></span> <span class='ocrx_word' id='word_1_381' title='bbox 960 3406 1000 3473; x_wconf 78' lang='lat' dir='ltr'><strong>Si,</strong></span> <span class='ocrx_word' id='word_1_382' title='bbox 1013 3423 1080 3476; x_wconf 82' lang='lat' dir='ltr'><strong>quae</strong></span> <span class='ocrx_word' id='word_1_383' title='bbox 1093 3408 1195 3473; x_wconf 80' lang='lat' dir='ltr'><strong>locutos</strong></span> <span class='ocrx_word' id='word_1_384' title='bbox 1208 3425 1261 3462; x_wconf 82' lang='lat' dir='ltr'><strong>esse</strong></span> <span class='ocrx_word' id='word_1_385' title='bbox 1273 3401 1327 3474; x_wconf 74' lang='lat' dir='ltr'><strong>apul</strong></span> 
     </span>
     <span class='ocr_line' id='line_1_38' title="bbox 113 3470 1368 3545; baseline 0.002 -18"><span class='ocrx_word' id='word_1_386' title='bbox 113 3474 147 3527; x_wconf 83' lang='lat' dir='ltr'><strong>ab</strong></span> <span class='ocrx_word' id='word_1_387' title='bbox 166 3474 301 3527; x_wconf 79' lang='lat' dir='ltr'><strong>Acidalio:</strong></span> <span class='ocrx_word' id='word_1_388' title='bbox 328 3479 443 3529; x_wconf 80' lang='lat' dir='ltr'><strong>modicus</strong></span> <span class='ocrx_word' id='word_1_389' title='bbox 462 3479 579 3542; x_wconf 80' lang='lat' dir='ltr'><strong>habitus,</strong></span> <span class='ocrx_word' id='word_1_390' title='bbox 607 3493 659 3545; x_wconf 92' lang='lat' dir='ltr'><strong>quo</strong></span> <span class='ocrx_word' id='word_1_391' title='bbox 683 3482 711 3528; x_wconf 86' lang='lat' dir='ltr'><strong>et</strong></span> <span class='ocrx_word' id='word_1_392' title='bbox 745 3493 830 3544; x_wconf 66' lang='lat' dir='ltr'><strong>repent</strong></span> <span class='ocrx_word' id='word_1_393' title='bbox 847 3476 983 3526; x_wconf 70' lang='lat' dir='ltr'><strong>mansoriae</strong></span> <span class='ocrx_word' id='word_1_394' title='bbox 994 3477 1132 3542; x_wconf 81' lang='lat' dir='ltr'><strong>proditum</strong></span> <span class='ocrx_word' id='word_1_395' title='bbox 1146 3487 1195 3542; x_wconf 86' lang='lat' dir='ltr'><strong>est,</strong></span> <span class='ocrx_word' id='word_1_396' title='bbox 1213 3474 1326 3530; x_wconf 69' lang='lat' dir='ltr'><strong>attan</strong></span> <span class='ocrx_word' id='word_1_397' title='bbox 1366 3470 1368 3489; x_wconf 90' lang='lat'>&#39;</span> 
     </span>
     <span class='ocr_line' id='line_1_39' title="bbox 113 3541 1368 3613; baseline 0.004 -18"><span class='ocrx_word' id='word_1_398' title='bbox 113 3541 260 3596; x_wconf 85' lang='lat' dir='ltr'><strong>sententiae</strong></span> <span class='ocrx_word' id='word_1_399' title='bbox 291 3550 318 3595; x_wconf 90' lang='lat' dir='ltr'><strong>et</strong></span> <span class='ocrx_word' id='word_1_400' title='bbox 348 3543 474 3598; x_wconf 86' lang='lat' dir='ltr'><strong>orationis</strong></span> <span class='ocrx_word' id='word_1_401' title='bbox 503 3546 602 3598; x_wconf 88' lang='lat' dir='ltr'><strong>formae</strong></span> <span class='ocrx_word' id='word_1_402' title='bbox 633 3544 711 3597; x_wconf 89' lang='lat' dir='ltr'><strong>unice</strong></span> <span class='ocrx_word' id='word_1_403' title='bbox 736 3545 858 3613; x_wconf 79' lang='lat' dir='ltr'><strong>forsitan</strong></span> <span class='ocrx_word' id='word_1_404' title='bbox 874 3544 988 3595; x_wconf 85' lang='lat' dir='ltr'><strong>moribus</strong></span> <span class='ocrx_word' id='word_1_405' title='bbox 1010 3544 1109 3596; x_wconf 85' lang='lat' dir='ltr'><strong>nostris</strong></span> <span class='ocrx_word' id='word_1_406' title='bbox 1128 3573 1165 3584; x_wconf 88' lang='grc'><strong>-</strong></span> <span class='ocrx_word' id='word_1_407' title='bbox 1182 3544 1326 3609; x_wconf 62' lang='lat' dir='ltr'><strong>corruat</strong></span> <span class='ocrx_word' id='word_1_408' title='bbox 1366 3590 1368 3599; x_wconf 94' lang='lat'><strong>.</strong></span> 
     </span>
     <span class='ocr_line' id='line_1_40' title="bbox 114 3609 1368 3694; baseline 0 -31"><span class='ocrx_word' id='word_1_409' title='bbox 114 3609 266 3664; x_wconf 90' lang='lat' dir='ltr'><strong>consulitur.</strong></span> <span class='ocrx_word' id='word_1_410' title='bbox 301 3611 458 3666; x_wconf 88' lang='lat' dir='ltr'><strong>Hominibus</strong></span> <span class='ocrx_word' id='word_1_411' title='bbox 483 3613 529 3694; x_wconf 83' lang='lat' dir='ltr'><strong>qui</strong></span> <span class='ocrx_word' id='word_1_412' title='bbox 546 3612 661 3665; x_wconf 87' lang='lat' dir='ltr'><strong>animum</strong></span> <span class='ocrx_word' id='word_1_413' title='bbox 677 3628 711 3664; x_wconf 87' lang='lat' dir='ltr'><strong>ex</strong></span> <span class='ocrx_word' id='word_1_414' title='bbox 739 3613 826 3680; x_wconf 82' lang='lat' dir='ltr'><strong>possit</strong></span> <span class='ocrx_word' id='word_1_415' title='bbox 843 3613 925 3664; x_wconf 81' lang='lat' dir='ltr'><strong>oratio</strong></span> <span class='ocrx_word' id='word_1_416' title='bbox 942 3628 1029 3663; x_wconf 87' lang='lat' dir='ltr'><strong>eorum</strong></span> <span class='ocrx_word' id='word_1_417' title='bbox 1051 3614 1146 3680; x_wconf 82' lang='lat' dir='ltr'><strong>sperni</strong></span> <span class='ocrx_word' id='word_1_418' title='bbox 1163 3621 1214 3666; x_wconf 85' lang='lat' dir='ltr'><strong>cet.</strong></span> <span class='ocrx_word' id='word_1_419' title='bbox 1247 3612 1324 3665; x_wconf 77' lang='lat' dir='ltr'><strong>vena</strong></span> <span class='ocrx_word' id='word_1_420' title='bbox 1366 3628 1368 3639; x_wconf 91' lang='lat'>·</span> 
     </span>
     <span class='ocr_line' id='line_1_41' title="bbox 113 3678 1368 3760; baseline -0.003 -26"><span class='ocrx_word' id='word_1_421' title='bbox 113 3679 229 3751; x_wconf 87' lang='lat' dir='ltr'><strong>eorporis</strong></span> <span class='ocrx_word' id='word_1_422' title='bbox 246 3679 425 3760; x_wconf 79' lang='lat' dir='ltr'><strong>magnitudine</strong></span> <span class='ocrx_word' id='word_1_423' title='bbox 448 3681 563 3736; x_wconf 83' lang='lat' dir='ltr'><strong>iudrcare</strong></span> <span class='ocrx_word' id='word_1_424' title='bbox 589 3680 711 3746; x_wconf 87' lang='lat' dir='ltr'><strong>solerent,</strong></span> <span class='ocrx_word' id='word_1_425' title='bbox 746 3679 789 3733; x_wconf 90' lang='lat' dir='ltr'><strong>hic</strong></span> <span class='ocrx_word' id='word_1_426' title='bbox 805 3679 905 3750; x_wconf 84' lang='lat' dir='ltr'><strong>ingenii</strong></span> <span class='ocrx_word' id='word_1_427' title='bbox 923 3678 993 3732; x_wconf 92' lang='lat' dir='ltr'><strong>lusus</strong></span> <span class='ocrx_word' id='word_1_428' title='bbox 1016 3678 1126 3733; x_wconf 89' lang='lat' dir='ltr'><strong>videtur</strong></span> <span class='ocrx_word' id='word_1_429' title='bbox 1147 3696 1213 3735; x_wconf 86' lang='lat' dir='ltr'><strong>esse.</strong></span> <span class='ocrx_word' id='word_1_430' title='bbox 1246 3679 1325 3733; x_wconf 81' lang='lat' dir='ltr'><strong>Dere-</strong></span> <span class='ocrx_word' id='word_1_431' title='bbox 1366 3688 1368 3693; x_wconf 89' lang='lat'>&#39;</span> 
     </span>
     <span class='ocr_line' id='line_1_42' title="bbox 112 3747 1324 3820; baseline 0.001 -18"><span class='ocrx_word' id='word_1_432' title='bbox 112 3749 229 3802; x_wconf 89' lang='lat' dir='ltr'><strong>modicus</strong></span> <span class='ocrx_word' id='word_1_433' title='bbox 245 3765 316 3818; x_wconf 80' lang='lat' dir='ltr'><strong>regis</strong></span> <span class='ocrx_word' id='word_1_434' title='bbox 333 3749 548 3820; x_wconf 84' lang='lat' dir='ltr'><strong>habitus&#39;parum</strong></span> <span class='ocrx_word' id='word_1_435' title='bbox 565 3748 712 3802; x_wconf 85' lang='lat' dir='ltr'><strong>consentire</strong></span> <span class='ocrx_word' id='word_1_436' title='bbox 745 3749 818 3818; x_wconf 91' lang='lat' dir='ltr'><strong>liquo</strong></span> <span class='ocrx_word' id='word_1_437' title='bbox 840 3749 954 3800; x_wconf 84' lang='lat' dir='ltr'><strong>moribus</strong></span> <span class='ocrx_word' id='word_1_438' title='bbox 977 3765 1029 3801; x_wconf 90' lang='lat' dir='ltr'><strong>non</strong></span> <span class='ocrx_word' id='word_1_439' title='bbox 1051 3755 1093 3801; x_wconf 86' lang='lat' dir='ltr'><strong>est</strong></span> <span class='ocrx_word' id='word_1_440' title='bbox 1114 3748 1167 3803; x_wconf 91' lang='lat' dir='ltr'><strong>nisi</strong></span> <span class='ocrx_word' id='word_1_441' title='bbox 1190 3749 1218 3803; x_wconf 90' lang='lat' dir='ltr'><strong>in</strong></span> <span class='ocrx_word' id='word_1_442' title='bbox 1234 3747 1324 3803; x_wconf 67' lang='lat' dir='ltr'><strong>vost</strong></span> 
     </span>
     <span class='ocr_line' id='line_1_43' title="bbox 112 3815 1368 3887; baseline 0.001 -17"><span class='ocrx_word' id='word_1_443' title='bbox 112 3817 253 3870; x_wconf 88' lang='lat' dir='ltr'><strong>videbatur</strong></span> <span class='ocrx_word' id='word_1_444' title='bbox 275 3835 333 3870; x_wconf 90' lang='lat' dir='ltr'><strong>cum</strong></span> <span class='ocrx_word' id='word_1_445' title='bbox 354 3818 422 3870; x_wconf 85' lang='lat' dir='ltr'><strong>lama</strong></span> <span class='ocrx_word' id='word_1_446' title='bbox 444 3835 532 3871; x_wconf 89' lang='lat' dir='ltr'><strong>rerum</strong></span> <span class='ocrx_word' id='word_1_447' title='bbox 554 3818 588 3869; x_wconf 86' lang='lat' dir='ltr'><strong>ab</strong></span> <span class='ocrx_word' id='word_1_448' title='bbox 611 3835 642 3870; x_wconf 93' lang='lat' dir='ltr'><strong>eo</strong></span> <span class='ocrx_word' id='word_1_449' title='bbox 666 3833 711 3887; x_wconf 83' lang='lat' dir='ltr'><strong>ge·</strong></span> <span class='ocrx_word' id='word_1_450' title='bbox 746 3817 825 3870; x_wconf 91' lang='lat' dir='ltr'><strong>Bern.</strong></span> <span class='ocrx_word' id='word_1_451' title='bbox 843 3816 866 3869; x_wconf 95' lang='lat' dir='ltr'>B</span> <span class='ocrx_word' id='word_1_452' title='bbox 884 3815 956 3868; x_wconf 84' lang='lat' dir='ltr'><strong>Flor.</strong></span> <span class='ocrx_word' id='word_1_453' title='bbox 973 3816 1040 3882; x_wconf 83' lang='grc' dir='ltr'><strong>ΕΗ,</strong></span> <span class='ocrx_word' id='word_1_454' title='bbox 1063 3815 1112 3869; x_wconf 89' lang='lat' dir='ltr'><strong>reli</strong></span> <span class='ocrx_word' id='word_1_455' title='bbox 1135 3816 1163 3870; x_wconf 93' lang='lat' dir='ltr'><strong>ui</strong></span> <span class='ocrx_word' id='word_1_456' title='bbox 1186 3817 1325 3885; x_wconf 62' lang='lat' dir='ltr'><strong>moritum</strong></span> <span class='ocrx_word' id='word_1_457' title='bbox 1366 3874 1368 3885; x_wconf 64' lang='grc'>,</span> 
     </span>
     <span class='ocr_line' id='line_1_44' title="bbox 113 3834 1324 3955; baseline 0 -17"><span class='ocrx_word' id='word_1_458' title='bbox 113 3894 221 3952; x_wconf 87' lang='lat' dir='ltr'><strong>starum,</strong></span> <span class='ocrx_word' id='word_1_459' title='bbox 240 3903 292 3955; x_wconf 86' lang='lat' dir='ltr'><strong>qua</strong></span> <span class='ocrx_word' id='word_1_460' title='bbox 306 3903 434 3938; x_wconf 89' lang='lat' dir='ltr'><strong>summum</strong></span> <span class='ocrx_word' id='word_1_461' title='bbox 446 3903 502 3940; x_wconf 90' lang='lat' dir='ltr'><strong>esse</strong></span> <span class='ocrx_word' id='word_1_462' title='bbox 515 3884 584 3938; x_wconf 89' lang='lat' dir='ltr'><strong>illius</strong></span> <span class='ocrx_word' id='word_1_463' title='bbox 597 3885 712 3938; x_wconf 87' lang='lat' dir='ltr'><strong>animum</strong></span> <span class='ocrx_word' id='word_1_464' title='bbox 745 3886 854 3952; x_wconf 90' lang='lat' dir='ltr'><strong>habent,</strong></span> <span class='ocrx_word' id='word_1_465' title='bbox 872 3901 924 3955; x_wconf 88' lang='lat' dir='ltr'><strong>qua</strong></span> <span class='ocrx_word' id='word_1_466' title='bbox 940 3883 1053 3937; x_wconf 86' lang='lat' dir='ltr'><strong>lectione</strong></span> <span class='ocrx_word' id='word_1_467' title='bbox 1068 3834 1134 3955; x_wconf 76' lang='lat' dir='ltr'><strong>quid</strong></span> <span class='ocrx_word' id='word_1_468' title='bbox 1147 3879 1324 3940; x_wconf 74' lang='lat' dir='ltr'><strong>faciamuacia</strong></span> 
     </span>
     <span class='ocr_line' id='line_1_45' title="bbox 113 3952 1323 4024; baseline -0.002 -18"><span class='ocrx_word' id='word_1_469' title='bbox 113 3964 141 4006; x_wconf 91' lang='lat' dir='ltr'><strong>et</strong></span> <span class='ocrx_word' id='word_1_470' title='bbox 157 3953 291 4024; x_wconf 88' lang='lat' dir='ltr'><strong>ingenium</strong></span> <span class='ocrx_word' id='word_1_471' title='bbox 312 3953 465 4007; x_wconf 85' lang='lat' dir='ltr'><strong>didicerant.</strong></span> <span class='ocrx_word' id='word_1_472' title='bbox 500 3958 601 4007; x_wconf 88' lang='lat' dir='ltr'><strong>Vocem</strong></span> <span class='ocrx_word' id='word_1_473' title='bbox 623 3961 712 4006; x_wconf 84' lang='lat' dir='ltr'><strong>autern</strong></span> <span class='ocrx_word' id='word_1_474' title='bbox 747 3953 815 4005; x_wconf 84' lang='lat' dir='ltr'><strong>Tum</strong></span> <span class='ocrx_word' id='word_1_475' title='bbox 833 3970 882 4022; x_wconf 92' lang='lat' dir='ltr'><strong>pro</strong></span> <span class='ocrx_word' id='word_1_476' title='bbox 899 3952 970 4022; x_wconf 89' lang='lat' dir='ltr'><strong>vulg.</strong></span> <span class='ocrx_word' id='word_1_477' title='bbox 988 3953 1088 4005; x_wconf 83' lang='lat' dir='ltr'><strong>tradita</strong></span> <span class='ocrx_word' id='word_1_478' title='bbox 1105 3962 1323 4008; x_wconf 72' lang='lat' dir='ltr'><strong>suarnascxnn</strong></span> 
     </span>
     <span class='ocr_line' id='line_1_46' title="bbox 113 4021 1323 4091; baseline -0.003 -17"><span class='ocrx_word' id='word_1_479' title='bbox 113 4023 225 4075; x_wconf 70' lang='lat' dir='ltr'><strong>tarnum</strong></span> <span class='ocrx_word' id='word_1_480' title='bbox 242 4040 258 4073; x_wconf 89' lang='lat' dir='ltr'><strong>a</strong></span> <span class='ocrx_word' id='word_1_481' title='bbox 272 4022 365 4080; x_wconf 84' lang='lat' dir='ltr'><strong>Curtio</strong></span> <span class='ocrx_word' id='word_1_482' title='bbox 383 4023 465 4076; x_wconf 91' lang='lat' dir='ltr'><strong>solere</strong></span> <span class='ocrx_word' id='word_1_483' title='bbox 481 4022 509 4074; x_wconf 88' lang='lat' dir='ltr'><strong>in</strong></span> <span class='ocrx_word' id='word_1_484' title='bbox 525 4022 574 4074; x_wconf 86' lang='lat' dir='ltr'><strong>hac</strong></span> <span class='ocrx_word' id='word_1_485' title='bbox 590 4021 711 4091; x_wconf 87' lang='lat' dir='ltr'><strong>frequen·</strong></span> <span class='ocrx_word' id='word_1_486' title='bbox 765 4021 877 4091; x_wconf 90' lang='lat' dir='ltr'><strong>lerisque</strong></span> <span class='ocrx_word' id='word_1_487' title='bbox 894 4031 954 4074; x_wconf 86' lang='lat' dir='ltr'><strong>sunt</strong></span> <span class='ocrx_word' id='word_1_488' title='bbox 971 4022 1071 4074; x_wconf 85' lang='lat' dir='ltr'><strong>traditu</strong></span> <span class='ocrx_word' id='word_1_489' title='bbox 1084 4021 1215 4088; x_wconf 85' lang='lat' dir='ltr'><strong>dedimus,</strong></span> <span class='ocrx_word' id='word_1_490' title='bbox 1232 4022 1323 4074; x_wconf 76' lang='lat' dir='ltr'><strong>damn</strong></span> 
     </span>
     <span class='ocr_line' id='line_1_47' title="bbox 112 4040 1322 4159; baseline 0.002 -16"><span class='ocrx_word' id='word_1_491' title='bbox 112 4089 213 4143; x_wconf 88' lang='lat' dir='ltr'><strong>tissima</strong></span> <span class='ocrx_word' id='word_1_492' title='bbox 230 4090 361 4144; x_wconf 84' lang='lat' dir='ltr'><strong>sententia</strong></span> <span class='ocrx_word' id='word_1_493' title='bbox 377 4090 504 4156; x_wconf 85' lang='lat' dir='ltr'><strong>adhiberi,</strong></span> <span class='ocrx_word' id='word_1_494' title='bbox 522 4089 634 4142; x_wconf 84' lang='lat' dir='ltr'><strong>laudatis</strong></span> <span class='ocrx_word' id='word_1_495' title='bbox 648 4089 711 4142; x_wconf 90' lang='lat' dir='ltr'><strong>locis</strong></span> <span class='ocrx_word' id='word_1_496' title='bbox 744 4040 809 4159; x_wconf 80' lang='lat' dir='ltr'><strong>liqui</strong></span> <span class='ocrx_word' id='word_1_497' title='bbox 826 4089 901 4143; x_wconf 90' lang='lat' dir='ltr'><strong>codd.</strong></span> <span class='ocrx_word' id='word_1_498' title='bbox 920 4091 1032 4158; x_wconf 70' lang='lat' dir='ltr'><strong>(Vosst</strong></span> <span class='ocrx_word' id='word_1_499' title='bbox 1045 4089 1162 4143; x_wconf 84' lang='lat' dir='ltr'><strong>BernB</strong></span> <span class='ocrx_word' id='word_1_500' title='bbox 1176 4082 1322 4146; x_wconf 67' lang='lat' dir='ltr'><strong>masculi)</strong></span> 
     </span>
     <span class='ocr_line' id='line_1_48' title="bbox 111 4157 1322 4228; baseline 0 -18"><span class='ocrx_word' id='word_1_501' title='bbox 111 4172 153 4223; x_wconf 78' lang='lat' dir='ltr'><strong>xv,</strong></span> <span class='ocrx_word' id='word_1_502' title='bbox 172 4166 197 4225; x_wconf 90' lang='lat'><strong>4,</strong></span> <span class='ocrx_word' id='word_1_503' title='bbox 216 4165 256 4212; x_wconf 83' lang='lat'><strong>25.</strong></span> <span class='ocrx_word' id='word_1_504' title='bbox 283 4165 356 4226; x_wconf 77' lang='lat' dir='ltr'><strong>V,8,</strong></span> <span class='ocrx_word' id='word_1_505' title='bbox 376 4166 406 4213; x_wconf 88' lang='lat'><strong>13</strong></span> <span class='ocrx_word' id='word_1_506' title='bbox 431 4166 457 4211; x_wconf 90' lang='lat' dir='ltr'><strong>et</strong></span> <span class='ocrx_word' id='word_1_507' title='bbox 480 4157 559 4228; x_wconf 86' lang='lat' dir='ltr'><strong>paulo</strong></span> <span class='ocrx_word' id='word_1_508' title='bbox 580 4158 712 4227; x_wconf 88' lang='lat' dir='ltr'><strong>posthoc</strong></span> <span class='ocrx_word' id='word_1_509' title='bbox 745 4176 800 4211; x_wconf 90' lang='lat' dir='ltr'><strong>non</strong></span> <span class='ocrx_word' id='word_1_510' title='bbox 817 4157 868 4211; x_wconf 84' lang='lat' dir='ltr'><strong>alio</strong></span> <span class='ocrx_word' id='word_1_511' title='bbox 885 4157 944 4211; x_wconf 88' lang='lat' dir='ltr'><strong>loco</strong></span> <span class='ocrx_word' id='word_1_512' title='bbox 961 4165 1063 4228; x_wconf 88' lang='lat' dir='ltr'><strong>ponunt</strong></span> <span class='ocrx_word' id='word_1_513' title='bbox 1079 4169 1156 4226; x_wconf 85' lang='lat' dir='ltr'><strong>sunt,</strong></span> <span class='ocrx_word' id='word_1_514' title='bbox 1256 4164 1322 4210; x_wconf 76' lang='grc'><strong>101111</strong></span> 
     </span>
     <span class='ocr_line' id='line_1_49' title="bbox 113 4175 1321 4345; baseline 0.002 -67"><span class='ocrx_word' id='word_1_515' title='bbox 113 4225 170 4295; x_wconf 91' lang='lat' dir='ltr'><strong>ipso</strong></span> <span class='ocrx_word' id='word_1_516' title='bbox 187 4244 243 4296; x_wconf 84' lang='lat' dir='ltr'><strong>cap.</strong></span> <span class='ocrx_word' id='word_1_517' title='bbox 263 4230 285 4294; x_wconf 66' lang='grc' dir='ltr'><strong>ξ.</strong></span> <span class='ocrx_word' id='word_1_518' title='bbox 296 4234 326 4280; x_wconf 83' lang='lat'><strong>12</strong></span> <span class='ocrx_word' id='word_1_519' title='bbox 346 4227 529 4281; x_wconf 89' lang='lat' dir='ltr'><strong>Schmiederus</strong></span> <span class='ocrx_word' id='word_1_520' title='bbox 551 4226 641 4291; x_wconf 88' lang='lat' dir='ltr'><strong>docet,</strong></span> <span class='ocrx_word' id='word_1_521' title='bbox 663 4226 711 4278; x_wconf 90' lang='lat' dir='ltr'><strong>im·</strong></span> <span class='ocrx_word' id='word_1_522' title='bbox 746 4226 881 4279; x_wconf 89' lang='lat' dir='ltr'><strong>omittunt.</strong></span> <span class='ocrx_word' id='word_1_523' title='bbox 915 4225 1039 4296; x_wconf 89' lang='lat' dir='ltr'><strong>Denique</strong></span> <span class='ocrx_word' id='word_1_524' title='bbox 1055 4227 1130 4297; x_wconf 87' lang='lat' dir='ltr'><strong>quod</strong></span> <span class='ocrx_word' id='word_1_525' title='bbox 1146 4175 1321 4345; x_wconf 47' lang='lat' dir='ltr'><strong>vulgale&amp;</strong></span> 
     </span>
     <span class='ocr_line' id='line_1_50' title="bbox 113 4292 1250 4362; baseline 0.002 -16"><span class='ocrx_word' id='word_1_526' title='bbox 113 4292 205 4362; x_wconf 90' lang='lat' dir='ltr'><strong>primis</strong></span> <span class='ocrx_word' id='word_1_527' title='bbox 223 4294 352 4349; x_wconf 89' lang='lat' dir='ltr'><strong>simillimo</strong></span> <span class='ocrx_word' id='word_1_528' title='bbox 370 4306 411 4362; x_wconf 85' lang='lat' dir='ltr'><strong>vr,</strong></span> <span class='ocrx_word' id='word_1_529' title='bbox 423 4303 463 4361; x_wconf 89' lang='lat'><strong>10,</strong></span> <span class='ocrx_word' id='word_1_530' title='bbox 473 4302 505 4349; x_wconf 83' lang='lat'><strong>29</strong></span> <span class='ocrx_word' id='word_1_531' title='bbox 524 4295 638 4347; x_wconf 76' lang='lat' dir='ltr'><strong>babitans</strong></span> <span class='ocrx_word' id='word_1_532' title='bbox 655 4297 711 4347; x_wconf 84' lang='lat' dir='ltr'><strong>etus</strong></span> <span class='ocrx_word' id='word_1_533' title='bbox 745 4297 802 4348; x_wconf 72' lang='lat' dir='ltr'><strong>ita!</strong></span> <span class='ocrx_word' id='word_1_534' title='bbox 821 4304 929 4361; x_wconf 86' lang='lat' dir='ltr'><strong>acutum,</strong></span> <span class='ocrx_word' id='word_1_535' title='bbox 956 4294 1107 4348; x_wconf 88' lang='lat' dir='ltr'><strong>sustulimus</strong></span> <span class='ocrx_word' id='word_1_536' title='bbox 1126 4296 1165 4349; x_wconf 81' lang='lat' dir='ltr'><strong>ita</strong></span> <span class='ocrx_word' id='word_1_537' title='bbox 1181 4294 1250 4348; x_wconf 85' lang='lat' dir='ltr'><strong>iussu</strong></span> 
     </span>
     <span class='ocr_line' id='line_1_51' title="bbox 113 4361 1265 4434; baseline 0.001 -21"><span class='ocrx_word' id='word_1_538' title='bbox 113 4364 314 4431; x_wconf 77' lang='lat' dir='ltr'><strong>haudquaquam</strong></span> <span class='ocrx_word' id='word_1_539' title='bbox 332 4382 418 4417; x_wconf 87' lang='lat' dir='ltr'><strong>rerum</strong></span> <span class='ocrx_word' id='word_1_540' title='bbox 431 4366 528 4434; x_wconf 84' lang='lat' dir='ltr'><strong>famae</strong></span> <span class='ocrx_word' id='word_1_541' title='bbox 539 4380 634 4431; x_wconf 82' lang='lat' dir='ltr'><strong>parem</strong></span> <span class='ocrx_word' id='word_1_542' title='bbox 652 4381 712 4416; x_wconf 90' lang='lat' dir='ltr'><strong>ocu·</strong></span> <span class='ocrx_word' id='word_1_543' title='bbox 745 4363 823 4418; x_wconf 89' lang='lat' dir='ltr'><strong>Voss.</strong></span> <span class='ocrx_word' id='word_1_544' title='bbox 841 4363 919 4417; x_wconf 88' lang='lat' dir='ltr'><strong>Bem.</strong></span> <span class='ocrx_word' id='word_1_545' title='bbox 937 4364 963 4416; x_wconf 85' lang='grc' dir='ltr'><strong>Α</strong></span> <span class='ocrx_word' id='word_1_546' title='bbox 979 4361 1136 4417; x_wconf 63' lang='lat' dir='ltr'><strong>mortuo</strong></span> <span class='ocrx_word' id='word_1_547' title='bbox 1154 4362 1265 4419; x_wconf 81' lang='lat' dir='ltr'><strong>aliorum.</strong></span> 
     </span>
     <span class='ocr_line' id='line_1_52' title="bbox 116 4426 711 4497; baseline 0.002 -15"><span class='ocrx_word' id='word_1_548' title='bbox 116 4426 150 4482; x_wconf 73' lang='lat' dir='ltr'><strong>lta</strong></span> <span class='ocrx_word' id='word_1_549' title='bbox 165 4432 342 4497; x_wconf 82' lang='lat' dir='ltr'><strong>perlustrans.</strong></span> <span class='ocrx_word' id='word_1_550' title='bbox 378 4431 503 4486; x_wconf 88' lang='lat' dir='ltr'><strong>Ceterum</strong></span> <span class='ocrx_word' id='word_1_551' title='bbox 525 4429 630 4485; x_wconf 83' lang='lat' dir='ltr'><strong>restitui</strong></span> <span class='ocrx_word' id='word_1_552' title='bbox 652 4432 711 4484; x_wconf 89' lang='lat' dir='ltr'><strong>edd.</strong></span> 
     </span>
    </p>
   </div>
   <div class='ocr_carea' id='block_1_5' title="bbox 0 0 1468 5174">
    <p class='ocr_par' dir='ltr' id='par_1_5' title="bbox 0 0 1468 5174">
     <span class='ocr_line' id='line_1_53' title="bbox 0 0 1468 5174; baseline 0 0"><span class='ocrx_word' id='word_1_553' title='bbox 0 0 1468 5174; x_wconf 95' lang='lat' dir='ltr'><strong> </strong></span> 
     </span>
    </p>
   </div>
  </div>
 </body>
</html>
