2926 5174
280 320 311 384 Q·
326 319 449 373 auara
467 320 553 373 auri
571 321 620 372 ma
640 320 765 374 anans
784 321 892 375 Anax.
914 321 999 376 Aac.
1012 321 1111 375 uuam
1127 322 1177 374 rx.
1264 301 1338 374 427

107 499 208 553 milites
227 501 304 553 duces
322 517 382 553 suos
401 499 537 554 intuentes
554 501 726 571 pertinaciter
743 502 864 569 silerent,
890 519 991 572 rexque
1012 501 1053 556 ira
1071 509 1099 555 et
1116 501 1210 555 dolore
1227 501 1340 554 exarde-

108 595 200 645 scens,
224 578 307 630 solum
323 576 404 647 igitur
421 595 451 630 se
470 578 568 631 iturum
585 578 780 646 confirmasset,
804 578 926 633 lacrimae
944 578 1066 633 omnibus
1083 579 1167 631 fluere
1185 586 1339 648 coeperunt,

108 672 157 708 nec
175 653 233 725 ipse
250 671 297 707 rex
315 653 396 707 oculis
413 662 566 725 temperare
583 655 677 725 potuit.
713 661 770 722 (12)
794 656 864 708 Tum
882 655 989 710 Coenus
1006 673 1056 726 pro
1075 655 1195 710 exercitu
1213 654 1293 721 dicit,
1311 671 1340 708 se

107 738 217 801 paratos
236 730 339 800 quidem
357 747 416 783 esse
434 732 511 803 sequi
530 748 687 802 quocunque
704 731 834 799 voluerit,
857 733 905 785 sed
924 731 1124 802 amplitudinem
1142 732 1198 785 eius
1216 730 1341 786 consilio-

109 827 165 860 ram
184 825 239 860 non
256 824 362 877 capere,
384 808 528 861 exhaustos
547 807 609 878 ipsis
627 807 758 862 victoriis:
780 825 859 879 posse
875 825 967 878 regem
984 810 1018 861 ad
1037 808 1173 863 Oceanum
1190 825 1239 879 per
1255 816 1340 861 terras

109 887 141 938 ad
162 883 305 937 Meridiem
328 891 469 954 vergentes
497 893 653 954 penetrare,
681 884 702 937 si
725 884 800 937 illum
822 893 954 955 temptare
978 885 1076 955 cupiat.
1112 890 1169 954 (13)
1199 883 1290 939 Ceteri
1313 891 1341 938 et

111 962 190 1014 duces
209 969 237 1013 et
252 959 348 1013 milites
367 959 461 1014 Coeno
480 961 581 1014 assensi
603 977 694 1030 regem
715 961 837 1031 precibus
855 969 964 1032 urgent,
991 961 1086 1031 quibus
1103 962 1187 1016 victus
1207 963 1241 1014 de
1257 961 1340 1014 tribu·

111 1038 162 1091 nali
181 1037 295 1104 desiluit,
313 1044 341 1089 et
359 1053 417 1089 cum
435 1054 485 1107 per
501 1036 611 1089 biduum
629 1037 656 1089 in
674 1036 749 1107 regia
766 1036 879 1091 inclusus
896 1038 982 1091 dolori
1000 1054 1029 1090 se
1047 1038 1172 1106 dedisset,
1196 1038 1276 1091 tertio
1295 1037 1340 1090 die

111 1123 136 1167 ut
157 1114 204 1166 ille
226 1113 285 1166 finis
310 1112 489 1183 expeditionis
514 1112 622 1166 indicae
648 1114 803 1181 haberetur,
830 1114 882 1170 aris
908 1113 1017 1184 positis,
1044 1115 1182 1170 concessit.
1218 1115 1341 1169 Indead

112 1191 249 1244 Acesinem
267 1192 356 1260 (eoque
373 1200 506 1259 superato,
525 1193 549 1242 ai
561 1190 646 1257 fidem
663 1192 788 1244 historiae
805 1193 878 1261 sequi
895 1193 1019 1257 volamus,
1038 1195 1113 1245 etiam
1130 1196 1168 1246 ad
1183 1193 1340 1260 Hydaspen)

113 1276 136 1320 et
153 1266 265 1320 classem
283 1265 311 1317 in
328 1283 360 1319 eo
377 1274 556 1320 constructam
572 1265 721 1320 revertitur.
757 1267 954 1338 Supplementis
975 1267 1088 1322 militum
1105 1270 1184 1322 domo
1202 1267 1341 1321 missorum

113 1352 211 1410 auctus,
236 1341 310 1395 Poro
334 1351 362 1396 et
386 1343 484 1396 Taxile
509 1342 616 1412 regibus
639 1342 709 1395 inter
731 1361 760 1396 se
787 1344 977 1411 reconciliatis,
1004 1346 1166 1416 urbibusque
1190 1344 1292 1399 Nicaea
1314 1351 1342 1398 et

112 1419 260 1490 Bucephala
278 1418 420 1485 absolutis,
443 1427 623 1488 campartem
645 1419 775 1473 exercitus
801 1418 830 1472 in
851 1438 932 1474 naves
957 1423 1139 1493 imposuisset,
1166 1430 1195 1475 et
1211 1420 1342 1491 reliquum

112 1514 201 1567 agmen
219 1497 248 1550 in
265 1504 376 1565 utraque
393 1495 452 1566 ripa
469 1495 600 1566 proficisci
618 1495 747 1564 iussisset,-
765 1499 883 1551 secundo
897 1515 974 1552 amne
987 1499 1112 1570 navigare
1125 1499 1222 1569 coepit,
1241 1505 1341 1565 becac-

112 1578 167 1627 dam
184 1575 340 1627 Strabonem
358 1584 464 1626 exeunte
475 1574 539 1642 fere
556 1591 642 1627 meare
662 1574 766 1627 Octobri
783 1592 808 1627 a.
818 1592 843 1628 n.
857 1575 982 1630 Chanar.
992 1579 1064 1646 326).
1390 1577 1392 1581 ’

175 1655 233 1718 (14)
258 1650 337 1704 Circa
359 1650 525 1703 confluentes
547 1648 682 1720 Hydaspis
706 1658 734 1703 et
755 1651 877 1705 Acesinis
899 1652 928 1707 in
948 1654 1014 1706 fines
1036 1653 1161 1707 Siborum
1183 1649 1340 1717 decucurrit,

110 1726 168 1780 iude
187 1729 222 1780 ad
240 1728 320 1780 aliam
337 1733 445 1795 gentem
464 1727 707 1795 (Agalasseasiam,
728 1729 847 1782 Diodoro
866 1737 937 1795 teste)
954 1730 1041 1798 venit,
1064 1729 1136 1784 euius
1154 1731 1246 1800 fugato
1264 1744 1343 1781 exer·

111 1803 160 1857 citu
177 1805 286 1870 urbem,
316 1810 396 1872 caput
412 1801 545 1872 regionis,
573 1803 703 1862 obsedit.¹
722 1804 790 1856 Eam
812 1805 863 1876 ipsi
885 1807 988 1861 incolae
1009 1806 1133 1862 incendio
1156 1808 1261 1873 delent,
1288 1803 1343 1857 arci

110 1888 215 1951 propter
228 1880 308 1934 situm
323 1887 504 1950 opportunum
513 1880 667 1933 Alexander
684 1880 844 1950 praesidium
862 1883 982 1955 imponit.
1019 1886 1079 1955 (15)
1097 1883 1131 1936 In
1148 1880 1342 1938 confluentibus

109 1957 184 2010 trium
200 1956 348 2023 fluminum,
367 1954 429 2009 Indi
447 1964 476 2009 et
484 1956 621 2027 Hydaspis
636 1974 694 2010 cam
704 1955 817 2011 Acesine
835 1958 887 2013 iam
905 1959 1048 2028 coniuncti,
1068 1959 1158 2014 elassis
1176 1957 1343 2028 naufragium

109 2035 179 2101 facit,
207 2042 237 2089 et
257 2034 340 2105 ipsius
362 2034 433 2104 regis
455 2033 531 2088 navis
558 2050 636 2104 aegre
661 2033 805 2088 vorticibus
830 2036 946 2107 eripitur.
983 2039 1092 2103 (Veram
1109 2041 1155 2091 loc
1172 2036 1343 2106 raafrcqr'am

108 2114 241 2165 Arrianus
258 2114 389 2165 accidisse
412 2115 494 2165 tradit
518 2112 546 2163 ia
568 2112 755 2180 confluentibus
773 2113 911 2183 Hydaspis
929 2126 953 2169 et
971 2115 1106 2181 Acesiais,
1129 2116 1200 2183 qaod
1215 2115 1240 2166 si
1256 2129 1343 2166 veram

107 2197 152 2256 eat,
168 2190 207 2241 ati
224 2205 290 2242 aare
307 2191 417 2252 ridetur,
438 2189 638 2256 Ocydracaram
656 2200 679 2242 et
693 2189 838 2244 Mallorum
855 2195 919 2247 atas
937 2195 1012 2262 longe
1028 2193 1098 2244 alias
1106 2191 1152 2258 fit,
1172 2191 1342 2258 desinitarqae

108 2267 221 2318 amnibus
240 2266 354 2319 Acestae
384 2275 406 2318 ct
424 2266 557 2334 Hyaroti.)
601 2266 659 2333 (16)
682 2265 750 2318 inde
773 2265 800 2317 in
819 2266 1020 2338 Oxydracarum
1036 2266 1233 2337 Mallorumque
1254 2263 1342 2334 regio-

106 2358 165 2394 nem
180 2341 315 2412 pervenit,
335 2359 445 2412 quarum
462 2341 583 2410 gentium
600 2342 758 2396 coniunctae
775 2342 867 2413 copiae
884 2344 1020 2415 ingentem
1034 2343 1341 2397 exercitumeffecerant.

106 2418 198 2488 Itaque
207 2418 390 2471 Macedonum
407 2417 509 2471 animos
527 2419 697 2487 perturbatos
715 2437 763 2472 rex
781 2430 902 2475 oratrone
920 2422 1012 2476 habita
1030 2421 1176 2475 confirmat.
1203 2424 1261 2487 (17)
1280 2418 1341 2482 Quo

105 2495 174 2548 facto
198 2513 259 2549 cum
284 2494 402 2548 alacrem
423 2493 571 2547 exercitum
595 2495 720 2549 adversus
743 2496 898 2566 Oxydracas
921 2499 1053 2566 duxisset,
1079 2495 1184 2552 barbari
1206 2513 1262 2548 non
1285 2493 1342 2547 ausi

105 2571 236 2642 proelium
253 2571 324 2625 inire
341 2573 405 2639 fuga
423 2571 618 2640 disperguntur.
655 2573 714 2641 (18)
733 2572 833 2627 Eorum
850 2579 912 2639 (siae
929 2578 1074 2630 Mallorum
1086 2576 1187 2643 potiar)
1206 2571 1343 2641 oppidum,

105 2647 132 2701 in
149 2651 222 2720 quod
240 2649 364 2719 plerique
383 2648 573 2717 confugerant,
591 2647 759 2717 Alexander,
778 2651 954 2723 nequicquam
973 2650 1112 2706 deterritus
1130 2669 1146 2703 a
1162 2656 1237 2714 vate,
1255 2646 1342 2700 adori-

105 2733 159 2791 tur,
184 2743 300 2796 cumque
319 2724 419 2794 primus
441 2725 470 2778 in
487 2742 589 2777 murum
607 2723 734 2778 evasisset
752 2734 780 2779 et
796 2726 991 2798 insequentium
1008 2726 1120 2780 militum
1136 2725 1235 2794 impetu
1254 2723 1343 2776 scalae

104 2801 200 2855 hastae
218 2810 320 2867 essent,
340 2806 397 2869 (19)
416 2799 565 2854 admirabili
583 2801 734 2854 temeritate
751 2802 779 2856 in
796 2805 889 2857 urbem
907 2804 1006 2870 desilit,
1024 2806 1169 2872 hostesque
1179 2801 1341 2870 ingruentes,

105 2894 216 2949 corpore
234 2881 270 2932 ad
289 2881 412 2932 arborem
430 2877 569 2950 applicato,
586 2877 721 2948 propellit.
757 2880 816 2947 (20)
833 2880 942 2934 Eminus
960 2880 1021 2934 telis
1038 2880 1136 2951 petitus
1154 2886 1182 2930 et
1200 2877 1343 2930 convulne-

103 2963 190 3023 ratus,
218 2956 248 3009 in
276 2973 367 3026 genua
388 2957 566 3025 procumbens
593 2971 709 3024 pugnam
735 2961 823 3008 tamen
850 2975 905 3009 non
927 2957 1035 3011 omittit.
1071 2957 1128 3023 (21)
1151 2955 1192 3007 Εο
1214 2951 1343 3024 temporis

103 3041 238 3086 momento
257 3031 338 3104 pauci
357 3048 391 3085 ex
410 3030 546 3102 armigeris
564 3029 682 3084 subsidio
700 3030 824 3098 veniunt,
849 3034 897 3085 sed
915 3049 994 3104 aegre
1017 3049 1045 3086 sa
1063 3046 1206 3102 regemque
1224 3037 1342 3097 tuentur,

105 3109 189 3163 donec
214 3109 353 3163 exercitus
376 3109 447 3160 fama
468 3106 540 3178 regis
563 3106 643 3161 occisi
666 3106 789 3159 efferatus
814 3106 843 3160 in
864 3109 958 3162 urbem
980 3106 1113 3178 irrumpit,
1140 3108 1284 3176 hostesque
1308 3107 1343 3158 ad

104 3184 320 3240 internecionem
339 3184 434 3238 caedit.
470 3186 528 3253 (22)
547 3184 703 3237 Alexander
720 3200 778 3236 cum
795 3202 892 3255 magno
911 3194 939 3239 et
956 3184 1037 3255 ipsius
1055 3183 1173 3255 periculo
1188 3191 1216 3236 et
1231 3182 1343 3236 militum

103 3280 224 3318 maerore
242 3271 362 3318 curatur.
399 3263 457 3332 (23)
480 3261 608 3314 Nondum
628 3267 768 3330 percurato
786 3261 896 3314 vulnere
913 3263 987 3315 lento
1005 3279 1082 3315 cursu
1099 3259 1226 3329 navigare
1247 3258 1342 3330 pergit

105 3343 161 3411 (24)
180 3341 314 3396 Craterus
334 3339 369 3391 ad
386 3354 446 3389 eum
463 3354 553 3407 preces
573 3335 716 3388 amicorum
733 3336 830 3405 defert,
848 3347 878 3391 ut
896 3337 973 3392 saluti
991 3354 1054 3390 suae
1072 3353 1181 3408 parcere
1197 3353 1249 3390 neu
1262 3337 1343 3392 vitam

103 3415 131 3470 in
145 3417 244 3488 pugnis
262 3413 432 3487 ignobilibus
450 3414 565 3484 prodere
583 3411 655 3465 velit.
690 3413 745 3481 (25.
764 3418 808 3480 26)
827 3413 986 3485 Respondet
1003 3415 1028 3468 ei
1050 3433 1100 3468 rex
1122 3414 1205 3485 longa
1222 3423 1250 3468 et
1268 3433 1343 3469 accu-

102 3501 160 3547 rata
175 3493 319 3559 oratione,
347 3507 377 3544 se
395 3490 522 3560 pietatem
541 3490 648 3561 quidem
665 3487 769 3541 illorum
791 3498 819 3542 et
840 3509 985 3560 agnoscere
1006 3500 1035 3545 et
1055 3493 1179 3556 laudare,
1206 3492 1253 3544 sed
1271 3510 1345 3545 suam

102 3568 181 3623 vitam
199 3589 257 3624 non
277 3565 454 3621 diuturnitate
472 3567 521 3619 sed
538 3565 625 3635 gloria
643 3564 799 3618 aestimare:
823 3585 873 3637 pro
896 3585 929 3621 ea
945 3568 1046 3622 nullum
1063 3568 1111 3622 sibi
1134 3569 1253 3622 laborem
1269 3586 1344 3622 reeu-

102 3648 210 3700 sandum
230 3663 312 3702 esse:
341 3643 382 3697 illi
398 3651 566 3713 praestarent
582 3643 678 3708 modo,
705 3648 734 3694 ut
752 3643 785 3695 ab
809 3643 936 3698 intestino
960 3645 1060 3700 scelere
1077 3654 1149 3700 tutus
1167 3652 1246 3697 esset.
1283 3646 1343 3712 (27)

102 3722 210 3777 Interim
230 3721 334 3777 Graeci
352 3718 462 3787 milites,
488 3720 517 3772 in
535 3718 652 3772 colonias
671 3717 740 3771 circa
757 3719 854 3774 Baetra
872 3721 991 3790 deducti,
1016 3723 1082 3776 duce
1101 3721 1200 3775 Bieone
1218 3721 1343 3791 quodam,

103 3800 272 3867 defecerunt,
299 3806 331 3851 et
352 3796 381 3850 in
402 3796 516 3866 patriam
538 3795 635 3849 reverti
659 3803 815 3864 coeperunt.
851 3800 910 3867 (23)
934 3798 1094 3868 Oxydracae
1111 3796 1239 3867 Mallique
1257 3795 1343 3847 missis

102 3875 194 3947 legatis
213 3893 279 3930 sese
298 3873 416 3938 dedunt,
434 3871 466 3925 'et
482 3871 612 3943 imperata
629 3871 738 3924 faciunt.
775 3872 834 3936 Qua
852 3890 880 3925 re
904 3873 989 3927 laetus
1007 3892 1056 3928 rex
1074 3874 1177 3927 celebre
1195 3871 1344 3927 convivium

102 3953 229 4021 instituit,
255 3953 321 4022 (29)
347 3949 375 4002 in
398 3967 450 4019 quo
475 3965 535 4001 eum
552 3946 702 4018 Dioxippus
722 3947 796 4017 pugil
813 3949 984 4004 Atheniensis
1007 3953 1040 4004 ab
1058 3952 1176 4003 Horrata
1193 3948 1343 4001 Macedone

103 4031 331 4102 (αἰὶἱΚόῤῥαγον
348 4031 450 4090 vocant)
469 4025 629 4092 eluderetur,
648 4023 774 4092 singulari
792 4026 933 4079 certamine
952 4026 1095 4080 constituto
1112 4024 1177 4078 vicit
1194 4023 1276 4095 pugil,
1295 4026 1343 4077 sed

102 4124 153 4160 non
167 4107 258 4160 multo
278 4110 347 4174 post
365 4101 398 4154 ab
417 4100 527 4154 inimicis
545 4101 613 4154 falso
632 4099 739 4154 crimine
762 4101 861 4171 petitus
884 4110 912 4154 et
929 4101 1038 4155 infamia
1055 4110 1162 4155 notatus
1182 4108 1267 4152 semet
1284 4100 1342 4171 ipse

102 4180 242 4237 interemit.
283 4182 347 4250 (30)
367 4176 433 4230 lnde
452 4179 584 4232 exercitus
603 4184 631 4229 et
647 4175 759 4230 navibus
777 4188 868 4233 vectus
886 4178 1044 4250 etpedibus
1062 4177 1188 4230 incedens
1206 4192 1256 4246 per
1272 4177 1343 4231 Mal·

103 4258 139 4312 los
156 4263 191 4314 ad
208 4259 350 4314 Sabarcas
370 4254 515 4322 (Diodorus
535 4255 689 4307 Sambastai
706 4261 790 4320 vocat)
807 4255 894 4322 venit,
922 4270 989 4326 quae
1007 4270 1072 4323 gens
1096 4252 1198 4322 ingenti
1215 4252 1342 4309 Macedo·

102 4352 159 4389 num
175 4341 319 4408 apparata
344 4329 465 4400 perculsa
486 4348 545 4384 sese
564 4330 675 4384 dedidit.
710 4335 768 4399 (31)
790 4331 879 4384 Etiam
906 4333 940 4385 ad
963 4348 1041 4402 quam
1065 4328 1190 4400 deinceps
1212 4340 1343 4385 venerunt

104 4421 204 4480 gentem
222 4410 291 4466 fidei
316 4404 429 4460 victoris
447 4424 476 4459 se
492 4406 625 4478 permisit,
652 4406 680 4461 in
696 4403 778 4461 'cuius
802 4406 897 4460 linibus
916 4405 1080 4461 Alexandria
1101 4405 1209 4461 condita
1230 4416 1272 4463 est
1294 4412 1343 4480 (ad
