<?xml version="1.0" encoding="UTF-8"?>
<!DOCTYPE html PUBLIC "-//W3C//DTD XHTML 1.0 Transitional//EN"
    "http://www.w3.org/TR/xhtml1/DTD/xhtml1-transitional.dtd">
<html xmlns="http://www.w3.org/1999/xhtml" xml:lang="en" lang="en">
 <head>
  <title>
</title>
<meta http-equiv="Content-Type" content="text/html;charset=utf-8" />
  <meta name='ocr-system' content='tesseract 3.04.00' />
  <meta name='ocr-capabilities' content='ocr_page ocr_carea ocr_par ocr_line ocrx_word'/>
</head>
<body>
  <div class='ocr_page' id='page_1' title='image "./qcurtiirufidege01rufugoog_0289.png"; bbox 0 0 2926 5174; ppageno 0'>
   <div class='ocr_carea' id='block_1_1' title="bbox 112 291 875 376">
    <p class='ocr_par' dir='ltr' id='par_1_1' title="bbox 112 291 875 376">
     <span class='ocr_line' id='line_1_1' title="bbox 112 291 875 376; baseline -0.001 -13"><span class='ocrx_word' id='word_1_1' title='bbox 112 291 184 363; x_wconf 82' lang='lat'>258</span> <span class='ocrx_word' id='word_1_2' title='bbox 581 312 615 376; x_wconf 84' lang='lat' dir='ltr'>o.</span> <span class='ocrx_word' id='word_1_3' title='bbox 643 309 766 364; x_wconf 85' lang='lat' dir='ltr'>canrn</span> <span class='ocrx_word' id='word_1_4' title='bbox 789 311 875 362; x_wconf 82' lang='lat' dir='ltr'>amu</span> 
     </span>
    </p>
   </div>
   <div class='ocr_carea' id='block_1_2' title="bbox 106 493 1373 1488">
    <p class='ocr_par' dir='ltr' id='par_1_2' title="bbox 106 493 1373 1488">
     <span class='ocr_line' id='line_1_2' title="bbox 110 493 1341 592; baseline -0.001 -24"><span class='ocrx_word' id='word_1_5' title='bbox 110 493 252 570; x_wconf 82' lang='lat' dir='ltr'>abunde</span> <span class='ocrx_word' id='word_1_6' title='bbox 278 494 474 567; x_wconf 87' lang='lat' dir='ltr'>constantis</span> <span class='ocrx_word' id='word_1_7' title='bbox 501 494 617 586; x_wconf 91' lang='lat' dir='ltr'>animi,</span> <span class='ocrx_word' id='word_1_8' title='bbox 644 505 680 569; x_wconf 88' lang='lat' dir='ltr'>et</span> <span class='ocrx_word' id='word_1_9' title='bbox 707 495 834 592; x_wconf 84' lang='lat' dir='ltr'>dignus</span> <span class='ocrx_word' id='word_1_10' title='bbox 861 494 920 591; x_wconf 92' lang='lat' dir='ltr'>qui</span> <span class='ocrx_word' id='word_1_11' title='bbox 945 493 1097 592; x_wconf 90' lang='lat' dir='ltr'>pudicus</span> <span class='ocrx_word' id='word_1_12' title='bbox 1126 504 1238 584; x_wconf 89' lang='lat' dir='ltr'>esset,</span> <span class='ocrx_word' id='word_1_13' title='bbox 1263 494 1341 567; x_wconf 90' lang='lat' dir='ltr'>nihil</span> 
     </span>
     <span class='ocr_line' id='line_1_3' title="bbox 111 603 1341 704; baseline -0.002 -23"><span class='ocrx_word' id='word_1_14' title='bbox 111 632 159 681; x_wconf 88' lang='lat' dir='ltr'>ex</span> <span class='ocrx_word' id='word_1_15' title='bbox 192 607 342 704; x_wconf 88' lang='lat' dir='ltr'>pristina</span> <span class='ocrx_word' id='word_1_16' title='bbox 384 606 570 679; x_wconf 87' lang='lat' dir='ltr'>voluntate</span> <span class='ocrx_word' id='word_1_17' title='bbox 612 616 830 696; x_wconf 90' lang='lat' dir='ltr'>mutaverat,</span> <span class='ocrx_word' id='word_1_18' title='bbox 866 604 930 678; x_wconf 91' lang='lat' dir='ltr'>sed</span> <span class='ocrx_word' id='word_1_19' title='bbox 972 631 1010 679; x_wconf 91' lang='lat' dir='ltr'>se</span> <span class='ocrx_word' id='word_1_20' title='bbox 1047 615 1197 703; x_wconf 88' lang='lat' dir='ltr'>captum</span> <span class='ocrx_word' id='word_1_21' title='bbox 1230 603 1341 678; x_wconf 91' lang='lat' dir='ltr'>Dimni</span> 
     </span>
     <span class='ocr_line' id='line_1_4' title="bbox 111 713 1373 815; baseline -0.006 -25"><span class='ocrx_word' id='word_1_22' title='bbox 111 744 232 791; x_wconf 90' lang='lat' dir='ltr'>amore</span> <span class='ocrx_word' id='word_1_23' title='bbox 258 717 448 791; x_wconf 80' lang='lat' dir='ltr'><strong>simulabat</strong></span> <span class='ocrx_word' id='word_1_24' title='bbox 472 718 559 790; x_wconf 82' lang='lat' dir='ltr'>nihil</span> <span class='ocrx_word' id='word_1_25' title='bbox 584 743 758 794; x_wconf 88' lang='lat' dir='ltr'>recusare.</span> <span class='ocrx_word' id='word_1_26' title='bbox 798 713 975 790; x_wconf 81' lang='lat' dir='ltr'>Sciscitari</span> <span class='ocrx_word' id='word_1_27' title='bbox 1000 715 1084 790; x_wconf 92' lang='lat' dir='ltr'>inde</span> <span class='ocrx_word' id='word_1_28' title='bbox 1112 717 1243 815; x_wconf 89' lang='lat' dir='ltr'>pergit,</span> <span class='ocrx_word' id='word_1_29' title='bbox 1270 743 1340 789; x_wconf 93' lang='lat' dir='ltr'>cum</span> <span class='ocrx_word' id='word_1_30' title='bbox 1355 736 1373 782; x_wconf 86' lang='lat' dir='ltr'>u</span> 
     </span>
     <span class='ocr_line' id='line_1_5' title="bbox 109 827 1339 926; baseline -0.001 -24"><span class='ocrx_word' id='word_1_31' title='bbox 109 831 237 926; x_wconf 89' lang='lat' dir='ltr'>quibus</span> <span class='ocrx_word' id='word_1_32' title='bbox 263 839 386 903; x_wconf 81' lang='lat' dir='ltr'>tantae</span> <span class='ocrx_word' id='word_1_33' title='bbox 411 828 464 902; x_wconf 90' lang='lat' dir='ltr'>rei</span> <span class='ocrx_word' id='word_1_34' title='bbox 489 831 696 903; x_wconf 88' lang='lat' dir='ltr'>societatem</span> <span class='ocrx_word' id='word_1_35' title='bbox 721 829 860 903; x_wconf 87' lang='lat' dir='ltr'>inisset:</span> <span class='ocrx_word' id='word_1_36' title='bbox 888 827 1080 925; x_wconf 92' lang='lat' dir='ltr'>plurimum</span> <span class='ocrx_word' id='word_1_37' title='bbox 1106 828 1255 920; x_wconf 86' lang='lat' dir='ltr'>referre,</span> <span class='ocrx_word' id='word_1_38' title='bbox 1268 854 1339 926; x_wconf 87' lang='lat' dir='ltr'>qua·</span> 
     </span>
     <span class='ocr_line' id='line_1_6' title="bbox 108 939 1373 1039; baseline -0.002 -25"><span class='ocrx_word' id='word_1_39' title='bbox 108 944 161 1016; x_wconf 88' lang='lat' dir='ltr'>les</span> <span class='ocrx_word' id='word_1_40' title='bbox 187 942 255 1015; x_wconf 88' lang='lat' dir='ltr'>viri</span> <span class='ocrx_word' id='word_1_41' title='bbox 280 952 355 1015; x_wconf 91' lang='lat' dir='ltr'>tam</span> <span class='ocrx_word' id='word_1_42' title='bbox 380 942 601 1016; x_wconf 82' lang='lat' dir='ltr'>memorabili</span> <span class='ocrx_word' id='word_1_43' title='bbox 627 941 725 1039; x_wconf 86' lang='lat' dir='ltr'>operi</span> <span class='ocrx_word' id='word_1_44' title='bbox 750 939 929 1013; x_wconf 80' lang='lat' dir='ltr'>admoturi</span> <span class='ocrx_word' id='word_1_45' title='bbox 953 965 1081 1014; x_wconf 91' lang='lat' dir='ltr'>manus</span> <span class='ocrx_word' id='word_1_46' title='bbox 1110 951 1245 1014; x_wconf 89' lang='lat' dir='ltr'>essent.</span> <span class='ocrx_word' id='word_1_47' title='bbox 1275 939 1337 1029; x_wconf 89' lang='lat' dir='ltr'>Ille,</span> <span class='ocrx_word' id='word_1_48' title='bbox 1352 957 1373 1004; x_wconf 73' lang='lat'>15</span> 
     </span>
     <span class='ocr_line' id='line_1_7' title="bbox 111 1052 1339 1150; baseline -0.002 -22"><span class='ocrx_word' id='word_1_49' title='bbox 111 1064 147 1128; x_wconf 87' lang='lat' dir='ltr'>et</span> <span class='ocrx_word' id='word_1_50' title='bbox 172 1079 293 1131; x_wconf 87' lang='lat' dir='ltr'>amore</span> <span class='ocrx_word' id='word_1_51' title='bbox 319 1063 356 1127; x_wconf 90' lang='lat' dir='ltr'>et</span> <span class='ocrx_word' id='word_1_52' title='bbox 382 1054 518 1127; x_wconf 88' lang='lat' dir='ltr'>scelere</span> <span class='ocrx_word' id='word_1_53' title='bbox 539 1055 785 1143; x_wconf 89' lang='lat' dir='ltr'>malesanus,</span> <span class='ocrx_word' id='word_1_54' title='bbox 819 1052 923 1124; x_wconf 89' lang='lat' dir='ltr'>simul</span> <span class='ocrx_word' id='word_1_55' title='bbox 953 1052 1088 1150; x_wconf 85' lang='lat' dir='ltr'>gratias</span> <span class='ocrx_word' id='word_1_56' title='bbox 1117 1053 1213 1150; x_wconf 90' lang='lat' dir='ltr'>agit,</span> <span class='ocrx_word' id='word_1_57' title='bbox 1249 1053 1339 1125; x_wconf 92' lang='lat' dir='ltr'>simul</span> 
     </span>
     <span class='ocr_line' id='line_1_8' title="bbox 108 1163 1338 1264; baseline -0.003 -24"><span class='ocrx_word' id='word_1_58' title='bbox 108 1167 327 1264; x_wconf 84' lang='lat' dir='ltr'>gratulatur,</span> <span class='ocrx_word' id='word_1_59' title='bbox 354 1164 451 1261; x_wconf 91' lang='lat' dir='ltr'>quod</span> <span class='ocrx_word' id='word_1_60' title='bbox 475 1166 675 1239; x_wconf 83' lang='lat' dir='ltr'>fortissimis</span> <span class='ocrx_word' id='word_1_61' title='bbox 701 1165 870 1238; x_wconf 88' lang='lat' dir='ltr'>iuvenum</span> <span class='ocrx_word' id='word_1_62' title='bbox 896 1189 968 1236; x_wconf 94' lang='lat' dir='ltr'>non</span> <span class='ocrx_word' id='word_1_63' title='bbox 995 1163 1204 1237; x_wconf 82' lang='lat' dir='ltr'>dubitasset</span> <span class='ocrx_word' id='word_1_64' title='bbox 1229 1190 1266 1238; x_wconf 92' lang='lat' dir='ltr'>se</span> <span class='ocrx_word' id='word_1_65' title='bbox 1290 1164 1338 1236; x_wconf 89' lang='lat' dir='ltr'>ad·</span> 
     </span>
     <span class='ocr_line' id='line_1_9' title="bbox 106 1273 1336 1376; baseline -0.003 -26"><span class='ocrx_word' id='word_1_66' title='bbox 106 1279 252 1376; x_wconf 89' lang='lat' dir='ltr'>iungere</span> <span class='ocrx_word' id='word_1_67' title='bbox 295 1276 497 1368; x_wconf 90' lang='lat' dir='ltr'>Demetrio,</span> <span class='ocrx_word' id='word_1_68' title='bbox 538 1276 696 1376; x_wconf 88' lang='lat' dir='ltr'>corporis</span> <span class='ocrx_word' id='word_1_69' title='bbox 737 1273 894 1366; x_wconf 90' lang='lat' dir='ltr'>custodi,</span> <span class='ocrx_word' id='word_1_70' title='bbox 935 1274 1132 1367; x_wconf 85' lang='lat' dir='ltr'>Peucolao,</span> <span class='ocrx_word' id='word_1_71' title='bbox 1175 1274 1336 1350; x_wconf 88' lang='lat' dir='ltr'>Nicanori.</span> 
     </span>
     <span class='ocr_line' id='line_1_10' title="bbox 108 1386 1335 1488; baseline -0.003 -25"><span class='ocrx_word' id='word_1_72' title='bbox 108 1390 242 1463; x_wconf 89' lang='lat' dir='ltr'>Adiicit</span> <span class='ocrx_word' id='word_1_73' title='bbox 273 1388 329 1462; x_wconf 90' lang='lat' dir='ltr'>his</span> <span class='ocrx_word' id='word_1_74' title='bbox 360 1387 630 1486; x_wconf 88' lang='lat' dir='ltr'>Aphoebetum,</span> <span class='ocrx_word' id='word_1_75' title='bbox 662 1388 819 1478; x_wconf 89' lang='lat' dir='ltr'>Ioceum,</span> <span class='ocrx_word' id='word_1_76' title='bbox 851 1386 1071 1480; x_wconf 87' lang='lat' dir='ltr'>Dioxenum,</span> <span class='ocrx_word' id='word_1_77' title='bbox 1106 1387 1335 1488; x_wconf 88' lang='lat' dir='ltr'>Archepolim,</span> 
     </span>
    </p>
   </div>
   <div class='ocr_carea' id='block_1_3' title="bbox 58 1501 1364 2269">
    <p class='ocr_par' dir='ltr' id='par_1_3' title="bbox 104 1501 311 1576">
     <span class='ocr_line' id='line_1_11' title="bbox 104 1501 311 1576; baseline -0.019 0"><span class='ocrx_word' id='word_1_78' title='bbox 104 1501 177 1576; x_wconf 87' lang='lat' dir='ltr'>Am</span> <span class='ocrx_word' id='word_1_79' title='bbox 227 1512 311 1574; x_wconf 86' lang='lat' dir='ltr'>tam.</span> 
     </span>
    </p>

    <p class='ocr_par' dir='ltr' id='par_1_4' title="bbox 58 1527 1364 2269">
     <span class='ocr_line' id='line_1_12' title="bbox 58 1527 1364 1703; baseline -0.003 -17"><span class='ocrx_word' id='word_1_80' title='bbox 58 1616 104 1686; x_wconf 82' lang='lat'>26</span> <span class='ocrx_word' id='word_1_81' title='bbox 177 1527 268 1684; x_wconf 56' lang='lat' dir='ltr'>ylllb</span> <span class='ocrx_word' id='word_1_82' title='bbox 296 1611 364 1686; x_wconf 93' lang='lat' dir='ltr'>hoc</span> <span class='ocrx_word' id='word_1_83' title='bbox 390 1635 554 1686; x_wconf 88' lang='lat' dir='ltr'>sermone</span> <span class='ocrx_word' id='word_1_84' title='bbox 580 1609 745 1686; x_wconf 88' lang='lat' dir='ltr'>dimissus</span> <span class='ocrx_word' id='word_1_85' title='bbox 772 1610 1007 1686; x_wconf 89' lang='lat' dir='ltr'>Nicomachus</span> <span class='ocrx_word' id='word_1_86' title='bbox 1034 1610 1083 1685; x_wconf 90' lang='lat' dir='ltr'>ad</span> <span class='ocrx_word' id='word_1_87' title='bbox 1110 1613 1273 1703; x_wconf 86' lang='lat' dir='ltr'>fratrem,</span> <span class='ocrx_word' id='word_1_88' title='bbox 1286 1609 1333 1684; x_wconf 84' lang='lat' dir='ltr'>Ce·</span> <span class='ocrx_word' id='word_1_89' title='bbox 1345 1627 1364 1674; x_wconf 71' lang='lat'>1⁵</span> 
     </span>
     <span class='ocr_line' id='line_1_13' title="bbox 106 1692 1333 1822; baseline -0.002 -24"><span class='ocrx_word' id='word_1_90' title='bbox 106 1692 227 1809; x_wconf 64' lang='lat' dir='ltr'>baldo</span> <span class='ocrx_word' id='word_1_91' title='bbox 259 1733 337 1796; x_wconf 89' lang='lat' dir='ltr'>erat</span> <span class='ocrx_word' id='word_1_92' title='bbox 371 1748 519 1813; x_wconf 92' lang='lat' dir='ltr'>nomen,</span> <span class='ocrx_word' id='word_1_93' title='bbox 555 1747 646 1819; x_wconf 87' lang='lat' dir='ltr'>quae</span> <span class='ocrx_word' id='word_1_94' title='bbox 673 1734 860 1822; x_wconf 88' lang='lat' dir='ltr'>acceperat</span> <span class='ocrx_word' id='word_1_95' title='bbox 891 1722 1014 1796; x_wconf 87' lang='lat' dir='ltr'>defert.</span> <span class='ocrx_word' id='word_1_96' title='bbox 1068 1722 1210 1815; x_wconf 82' lang='lat' dir='ltr'>Placet,</span> <span class='ocrx_word' id='word_1_97' title='bbox 1237 1724 1333 1821; x_wconf 89' lang='lat' dir='ltr'>ipsun</span> 
     </span>
     <span class='ocr_line' id='line_1_14' title="bbox 107 1835 1332 1934; baseline -0.004 -23"><span class='ocrx_word' id='word_1_98' title='bbox 107 1835 301 1911; x_wconf 87' lang='lat' dir='ltr'>subsistere</span> <span class='ocrx_word' id='word_1_99' title='bbox 327 1835 364 1908; x_wconf 93' lang='lat' dir='ltr'>in</span> <span class='ocrx_word' id='word_1_100' title='bbox 389 1835 638 1926; x_wconf 81' lang='lat' dir='ltr'>tabernaculo,</span> <span class='ocrx_word' id='word_1_101' title='bbox 664 1860 728 1925; x_wconf 90' lang='lat' dir='ltr'>ne,</span> <span class='ocrx_word' id='word_1_102' title='bbox 755 1837 785 1909; x_wconf 91' lang='lat' dir='ltr'>si</span> <span class='ocrx_word' id='word_1_103' title='bbox 810 1836 944 1934; x_wconf 91' lang='lat' dir='ltr'>regiam</span> <span class='ocrx_word' id='word_1_104' title='bbox 970 1835 1164 1927; x_wconf 88' lang='lat' dir='ltr'>intrasset,</span> <span class='ocrx_word' id='word_1_105' title='bbox 1198 1861 1270 1909; x_wconf 92' lang='lat' dir='ltr'>non</span> <span class='ocrx_word' id='word_1_106' title='bbox 1291 1858 1332 1906; x_wconf 85' lang='lat' dir='ltr'>as·</span> 
     </span>
     <span class='ocr_line' id='line_1_15' title="bbox 106 1945 1331 2044; baseline -0.004 -23"><span class='ocrx_word' id='word_1_107' title='bbox 106 1958 229 2021; x_wconf 89' lang='lat' dir='ltr'>suetus</span> <span class='ocrx_word' id='word_1_108' title='bbox 256 1945 355 2018; x_wconf 91' lang='lat' dir='ltr'>adire</span> <span class='ocrx_word' id='word_1_109' title='bbox 381 1971 518 2044; x_wconf 86' lang='lat' dir='ltr'>regam,</span> <span class='ocrx_word' id='word_1_110' title='bbox 545 1948 719 2020; x_wconf 88' lang='lat' dir='ltr'>coniurati</span> <span class='ocrx_word' id='word_1_111' title='bbox 744 1946 905 2044; x_wconf 92' lang='lat' dir='ltr'>proditos</span> <span class='ocrx_word' id='word_1_112' title='bbox 932 1972 970 2019; x_wconf 89' lang='lat' dir='ltr'>se</span> <span class='ocrx_word' id='word_1_113' title='bbox 996 1946 1076 2019; x_wconf 81' lang='lat' dir='ltr'>esse</span> <span class='ocrx_word' id='word_1_114' title='bbox 1104 1947 1331 2021; x_wconf 83' lang='lat' dir='ltr'>resciscerent</span> 
     </span>
     <span class='ocr_line' id='line_1_16' title="bbox 103 2056 1360 2158; baseline -0.002 -27"><span class='ocrx_word' id='word_1_115' title='bbox 103 2058 185 2157; x_wconf 91' lang='lat' dir='ltr'>Ipse</span> <span class='ocrx_word' id='word_1_116' title='bbox 213 2056 401 2132; x_wconf 82' lang='lat' dir='ltr'>Cebalinus</span> <span class='ocrx_word' id='word_1_117' title='bbox 428 2069 512 2131; x_wconf 86' lang='lat' dir='ltr'>ante</span> <span class='ocrx_word' id='word_1_118' title='bbox 539 2058 755 2132; x_wconf 88' lang='lat' dir='ltr'>vestibulum</span> <span class='ocrx_word' id='word_1_119' title='bbox 780 2059 908 2156; x_wconf 87' lang='lat' dir='ltr'>regiae,</span> <span class='ocrx_word' id='word_1_120' title='bbox 934 2083 1049 2154; x_wconf 91' lang='lat' dir='ltr'>neque</span> <span class='ocrx_word' id='word_1_121' title='bbox 1077 2059 1178 2132; x_wconf 89' lang='lat' dir='ltr'>enim</span> <span class='ocrx_word' id='word_1_122' title='bbox 1205 2058 1333 2158; x_wconf 87' lang='lat' dir='ltr'>propius</span> <span class='ocrx_word' id='word_1_123' title='bbox 1342 2072 1360 2118; x_wconf 76' lang='lat'>1⁷</span> 
     </span>
     <span class='ocr_line' id='line_1_17' title="bbox 104 2169 1340 2269; baseline -0.003 -25"><span class='ocrx_word' id='word_1_124' title='bbox 104 2170 222 2244; x_wconf 87' lang='lat' dir='ltr'>aditus</span> <span class='ocrx_word' id='word_1_125' title='bbox 250 2171 282 2243; x_wconf 89' lang='lat' dir='ltr'>ei</span> <span class='ocrx_word' id='word_1_126' title='bbox 307 2170 464 2267; x_wconf 88' lang='lat' dir='ltr'>patebat,</span> <span class='ocrx_word' id='word_1_127' title='bbox 485 2171 656 2261; x_wconf 89' lang='lat' dir='ltr'>consistit,</span> <span class='ocrx_word' id='word_1_128' title='bbox 683 2171 871 2269; x_wconf 91' lang='lat' dir='ltr'>opperiens</span> <span class='ocrx_word' id='word_1_129' title='bbox 897 2169 1050 2267; x_wconf 88' lang='lat' dir='ltr'>aliquem</span> <span class='ocrx_word' id='word_1_130' title='bbox 1077 2171 1274 2246; x_wconf 87' lang='lat' dir='ltr'>amicorum</span> <span class='ocrx_word' id='word_1_131' title='bbox 1296 2193 1340 2242; x_wconf 81' lang='lat' dir='ltr'>cr</span> 
     </span>
    </p>
   </div>
   <div class='ocr_carea' id='block_1_4' title="bbox 4 2369 1328 4504">
    <p class='ocr_par' dir='ltr' id='par_1_5' title="bbox 4 2369 1328 4432">
     <span class='ocr_line' id='line_1_18' title="bbox 140 2369 1328 2444; baseline -0.001 -22"><span class='ocrx_word' id='word_1_132' title='bbox 140 2371 465 2440; x_wconf 81' lang='lat' dir='ltr'>§.13.sedsecaptum]</span> <span class='ocrx_word' id='word_1_133' title='bbox 485 2370 510 2425; x_wconf 92' lang='grc' dir='ltr'>Ο</span> <span class='ocrx_word' id='word_1_134' title='bbox 531 2369 588 2423; x_wconf 89' lang='lat' dir='ltr'>timi</span> <span class='ocrx_word' id='word_1_135' title='bbox 606 2371 707 2425; x_wconf 86' lang='lat' dir='ltr'>codices</span> <span class='ocrx_word' id='word_1_136' title='bbox 740 2369 768 2424; x_wconf 91' lang='lat' dir='ltr'>in</span> <span class='ocrx_word' id='word_1_137' title='bbox 779 2369 922 2424; x_wconf 88' lang='lat' dir='ltr'>scribendis</span> <span class='ocrx_word' id='word_1_138' title='bbox 935 2369 975 2424; x_wconf 89' lang='lat' dir='ltr'>his</span> <span class='ocrx_word' id='word_1_139' title='bbox 987 2370 1142 2427; x_wconf 86' lang='lat' dir='ltr'>nominibus</span> <span class='ocrx_word' id='word_1_140' title='bbox 1155 2369 1328 2444; x_wconf 84' lang='lat' dir='ltr'>vichppend</span> 
     </span>
     <span class='ocr_line' id='line_1_19' title="bbox 107 2435 1328 2512; baseline -0.001 -20"><span class='ocrx_word' id='word_1_141' title='bbox 107 2435 182 2492; x_wconf 83' lang='lat' dir='ltr'>Laid.</span> <span class='ocrx_word' id='word_1_142' title='bbox 205 2438 316 2506; x_wconf 72' lang='lat' dir='ltr'>Vosal</span> <span class='ocrx_word' id='word_1_143' title='bbox 339 2437 419 2491; x_wconf 89' lang='lat' dir='ltr'>Bern.</span> <span class='ocrx_word' id='word_1_144' title='bbox 447 2443 474 2492; x_wconf 82' lang='lat' dir='ltr'>A</span> <span class='ocrx_word' id='word_1_145' title='bbox 527 2457 565 2492; x_wconf 87' lang='lat' dir='ltr'>or.</span> <span class='ocrx_word' id='word_1_146' title='bbox 583 2440 632 2492; x_wconf 84' lang='lat' dir='ltr'>AB</span> <span class='ocrx_word' id='word_1_147' title='bbox 660 2443 708 2492; x_wconf 84' lang='lat' dir='ltr'>sed</span> <span class='ocrx_word' id='word_1_148' title='bbox 740 2440 782 2492; x_wconf 91' lang='lat' dir='ltr'>De</span> <span class='ocrx_word' id='word_1_149' title='bbox 800 2439 930 2493; x_wconf 81' lang='lat' dir='ltr'>Peucolao</span> <span class='ocrx_word' id='word_1_150' title='bbox 953 2439 1016 2492; x_wconf 76' lang='lat' dir='ltr'>satis</span> <span class='ocrx_word' id='word_1_151' title='bbox 1037 2449 1167 2510; x_wconf 83' lang='lat' dir='ltr'>constat,</span> <span class='ocrx_word' id='word_1_152' title='bbox 1191 2455 1328 2512; x_wconf 80' lang='lat' dir='ltr'>quemqnam</span> 
     </span>
     <span class='ocr_line' id='line_1_20' title="bbox 103 2505 1327 2588; baseline -0.002 -27"><span class='ocrx_word' id='word_1_153' title='bbox 103 2518 195 2588; x_wconf 75' lang='lat' dir='ltr'>captas</span> <span class='ocrx_word' id='word_1_154' title='bbox 212 2507 284 2576; x_wconf 92' lang='lat' dir='ltr'>quod</span> <span class='ocrx_word' id='word_1_155' title='bbox 300 2505 387 2577; x_wconf 87' lang='lat' dir='ltr'>priore</span> <span class='ocrx_word' id='word_1_156' title='bbox 398 2506 463 2561; x_wconf 88' lang='lat' dir='ltr'>edit.</span> <span class='ocrx_word' id='word_1_157' title='bbox 476 2525 627 2578; x_wconf 85' lang='lat' dir='ltr'>receperam</span> <span class='ocrx_word' id='word_1_158' title='bbox 648 2507 705 2562; x_wconf 90' lang='lat' dir='ltr'>No-</span> <span class='ocrx_word' id='word_1_159' title='bbox 739 2508 767 2560; x_wconf 91' lang='lat' dir='ltr'>id</span> <span class='ocrx_word' id='word_1_160' title='bbox 784 2525 879 2562; x_wconf 89' lang='lat' dir='ltr'>nomen</span> <span class='ocrx_word' id='word_1_161' title='bbox 895 2526 912 2560; x_wconf 86' lang='lat' dir='ltr'>a</span> <span class='ocrx_word' id='word_1_162' title='bbox 929 2509 966 2561; x_wconf 91' lang='lat' dir='ltr'>ud</span> <span class='ocrx_word' id='word_1_163' title='bbox 984 2506 1240 2565; x_wconf 79' lang='lat' dir='ltr'>Graecosnondum</span> <span class='ocrx_word' id='word_1_164' title='bbox 1255 2510 1327 2562; x_wconf 85' lang='lat' dir='ltr'>inrer-</span> 
     </span>
     <span class='ocr_line' id='line_1_21' title="bbox 102 2573 1327 2646; baseline 0 -17"><span class='ocrx_word' id='word_1_165' title='bbox 102 2575 257 2630; x_wconf 86' lang='lat' dir='ltr'>mmativum</span> <span class='ocrx_word' id='word_1_166' title='bbox 279 2591 339 2627; x_wconf 90' lang='lat' dir='ltr'>cum</span> <span class='ocrx_word' id='word_1_167' title='bbox 356 2573 490 2631; x_wconf 88' lang='lat' dir='ltr'>Infinitivo</span> <span class='ocrx_word' id='word_1_168' title='bbox 513 2577 615 2630; x_wconf 84' lang='lat' dir='ltr'>Graeco</span> <span class='ocrx_word' id='word_1_169' title='bbox 632 2594 704 2630; x_wconf 90' lang='lat' dir='ltr'>more</span> <span class='ocrx_word' id='word_1_170' title='bbox 739 2585 796 2629; x_wconf 91' lang='lat' dir='ltr'>tum</span> <span class='ocrx_word' id='word_1_171' title='bbox 822 2584 871 2630; x_wconf 90' lang='lat' dir='ltr'>est.</span> <span class='ocrx_word' id='word_1_172' title='bbox 934 2593 964 2629; x_wconf 86' lang='lat' dir='ltr'>ec</span> <span class='ocrx_word' id='word_1_173' title='bbox 980 2579 1150 2646; x_wconf 78' lang='lat' dir='ltr'>Apboebetus</span> <span class='ocrx_word' id='word_1_174' title='bbox 1178 2587 1266 2633; x_wconf 79' lang='lat' dir='ltr'>contre</span> <span class='ocrx_word' id='word_1_175' title='bbox 1280 2592 1327 2629; x_wconf 83' lang='lat' dir='ltr'>ans·</span> 
     </span>
     <span class='ocr_line' id='line_1_22' title="bbox 102 2642 1328 2715; baseline -0.002 -17"><span class='ocrx_word' id='word_1_176' title='bbox 102 2650 282 2698; x_wconf 87' lang='lat' dir='ltr'>constructum</span> <span class='ocrx_word' id='word_1_177' title='bbox 312 2642 471 2698; x_wconf 85' lang='lat' dir='ltr'>existimans.</span> <span class='ocrx_word' id='word_1_178' title='bbox 516 2646 570 2699; x_wconf 80' lang='lat' dir='ltr'>Sed</span> <span class='ocrx_word' id='word_1_179' title='bbox 600 2653 629 2698; x_wconf 88' lang='lat' dir='ltr'>et</span> <span class='ocrx_word' id='word_1_180' title='bbox 658 2645 705 2699; x_wconf 86' lang='lat' dir='ltr'>illa</span> <span class='ocrx_word' id='word_1_181' title='bbox 739 2645 835 2715; x_wconf 83' lang='lat' dir='ltr'>logiam</span> <span class='ocrx_word' id='word_1_182' title='bbox 853 2653 907 2714; x_wconf 89' lang='lat' dir='ltr'>est,</span> <span class='ocrx_word' id='word_1_183' title='bbox 935 2662 994 2698; x_wconf 91' lang='lat' dir='ltr'>cum</span> <span class='ocrx_word' id='word_1_184' title='bbox 1020 2645 1056 2699; x_wconf 89' lang='lat' dir='ltr'>sit</span> <span class='ocrx_word' id='word_1_185' title='bbox 1075 2644 1214 2702; x_wconf 88' lang='lat' dir='ltr'>Graecum</span> <span class='ocrx_word' id='word_1_186' title='bbox 1237 2646 1328 2700; x_wconf 86' lang='lat' dir='ltr'>verbnm</span> 
     </span>
     <span class='ocr_line' id='line_1_23' title="bbox 102 2711 1326 2794; baseline -0.002 -28"><span class='ocrx_word' id='word_1_187' title='bbox 102 2712 266 2772; x_wconf 83' lang='lat' dir='ltr'>constructio</span> <span class='ocrx_word' id='word_1_188' title='bbox 289 2711 384 2766; x_wconf 86' lang='lat' dir='ltr'>astilo</span> <span class='ocrx_word' id='word_1_189' title='bbox 404 2712 533 2768; x_wconf 79' lang='lat' dir='ltr'>curtiano</span> <span class='ocrx_word' id='word_1_190' title='bbox 551 2713 636 2767; x_wconf 85' lang='lat' dir='ltr'>aliena</span> <span class='ocrx_word' id='word_1_191' title='bbox 652 2723 702 2782; x_wconf 90' lang='lat' dir='ltr'>est,</span> <span class='ocrx_word' id='word_1_192' title='bbox 737 2713 866 2783; x_wconf 77' lang='grc' dir='ltr'><em>φοιβάω,</em></span> <span class='ocrx_word' id='word_1_193' title='bbox 892 2715 963 2766; x_wconf 92' lang='lat' dir='ltr'>unde</span> <span class='ocrx_word' id='word_1_194' title='bbox 989 2715 1145 2794; x_wconf 72' lang='grc' dir='ltr'><em>φοιβητός;</em></span> <span class='ocrx_word' id='word_1_195' title='bbox 1179 2717 1227 2770; x_wconf 90' lang='lat' dir='ltr'>sed</span> <span class='ocrx_word' id='word_1_196' title='bbox 1250 2729 1326 2768; x_wconf 89' lang='lat' dir='ltr'>nonen</span> 
     </span>
     <span class='ocr_line' id='line_1_24' title="bbox 100 2780 1326 2854; baseline -0.002 -19"><span class='ocrx_word' id='word_1_197' title='bbox 100 2790 130 2836; x_wconf 89' lang='lat' dir='ltr'>et</span> <span class='ocrx_word' id='word_1_198' title='bbox 147 2781 232 2837; x_wconf 87' lang='lat' dir='ltr'>oratio</span> <span class='ocrx_word' id='word_1_199' title='bbox 255 2780 379 2852; x_wconf 84' lang='lat' dir='ltr'>ambigua</span> <span class='ocrx_word' id='word_1_200' title='bbox 404 2781 497 2850; x_wconf 88' lang='lat' dir='ltr'>fieret,</span> <span class='ocrx_word' id='word_1_201' title='bbox 520 2783 591 2854; x_wconf 86' lang='lat' dir='ltr'>quod</span> <span class='ocrx_word' id='word_1_202' title='bbox 608 2781 701 2836; x_wconf 85' lang='lat' dir='ltr'>vitium</span> <span class='ocrx_word' id='word_1_203' title='bbox 735 2782 869 2853; x_wconf 88' lang='lat' dir='ltr'>proprium</span> <span class='ocrx_word' id='word_1_204' title='bbox 886 2799 939 2836; x_wconf 91' lang='lat' dir='ltr'>non</span> <span class='ocrx_word' id='word_1_205' title='bbox 955 2791 1102 2852; x_wconf 78' lang='lat' dir='ltr'>reperitur:</span> <span class='ocrx_word' id='word_1_206' title='bbox 1123 2786 1270 2854; x_wconf 69' lang='lat' dir='ltr'>Apicatam</span> <span class='ocrx_word' id='word_1_207' title='bbox 1284 2798 1326 2834; x_wconf 79' lang='lat' dir='ltr'>na</span> 
     </span>
     <span class='ocr_line' id='line_1_25' title="bbox 100 2849 1326 2923; baseline -0.003 -17"><span class='ocrx_word' id='word_1_208' title='bbox 100 2870 117 2905; x_wconf 84' lang='lat' dir='ltr'>a</span> <span class='ocrx_word' id='word_1_209' title='bbox 138 2859 228 2906; x_wconf 85' lang='lat' dir='ltr'>nostro</span> <span class='ocrx_word' id='word_1_210' title='bbox 254 2849 382 2920; x_wconf 85' lang='lat' dir='ltr'>scriptore</span> <span class='ocrx_word' id='word_1_211' title='bbox 407 2851 500 2922; x_wconf 87' lang='lat' dir='ltr'>procul</span> <span class='ocrx_word' id='word_1_212' title='bbox 525 2853 615 2918; x_wconf 85' lang='lat' dir='ltr'>abest,</span> <span class='ocrx_word' id='word_1_213' title='bbox 642 2869 702 2904; x_wconf 91' lang='lat' dir='ltr'>cum</span> <span class='ocrx_word' id='word_1_214' title='bbox 735 2850 775 2921; x_wconf 84' lang='lat' dir='ltr'>gis</span> <span class='ocrx_word' id='word_1_215' title='bbox 792 2851 879 2923; x_wconf 87' lang='lat' dir='ltr'>placet</span> <span class='ocrx_word' id='word_1_216' title='bbox 895 2867 945 2904; x_wconf 89' lang='lat' dir='ltr'>nec</span> <span class='ocrx_word' id='word_1_217' title='bbox 960 2859 1049 2905; x_wconf 78' lang='lat' dir='ltr'>tamen</span> <span class='ocrx_word' id='word_1_218' title='bbox 1065 2850 1173 2907; x_wconf 89' lang='lat' dir='ltr'>insisto.</span> <span class='ocrx_word' id='word_1_219' title='bbox 1214 2853 1278 2906; x_wconf 84' lang='lat' dir='ltr'>Tum</span> <span class='ocrx_word' id='word_1_220' title='bbox 1293 2851 1326 2903; x_wconf 87' lang='lat' dir='ltr'>lo·</span> 
     </span>
     <span class='ocr_line' id='line_1_26' title="bbox 100 2918 1325 3040; baseline -0.002 -67"><span class='ocrx_word' id='word_1_221' title='bbox 100 2931 192 2990; x_wconf 80' lang='lat' dir='ltr'>captus</span> <span class='ocrx_word' id='word_1_222' title='bbox 208 2919 351 2972; x_wconf 86' lang='lat' dir='ltr'>referretur</span> <span class='ocrx_word' id='word_1_223' title='bbox 361 2920 557 2988; x_wconf 82' lang='lat' dir='ltr'>adsimulabat,</span> <span class='ocrx_word' id='word_1_224' title='bbox 576 2920 646 2991; x_wconf 92' lang='lat' dir='ltr'>quod</span> <span class='ocrx_word' id='word_1_225' title='bbox 659 2937 701 2974; x_wconf 91' lang='lat' dir='ltr'>re·</span> <span class='ocrx_word' id='word_1_226' title='bbox 736 2937 806 2973; x_wconf 89' lang='lat' dir='ltr'>ceum</span> <span class='ocrx_word' id='word_1_227' title='bbox 823 2918 917 3000; x_wconf 75' lang='lat' dir='ltr'>optimi</span> <span class='ocrx_word' id='word_1_228' title='bbox 925 2926 953 2972; x_wconf 85' lang='lat' dir='ltr'>et</span> <span class='ocrx_word' id='word_1_229' title='bbox 968 2919 1076 3040; x_wconf 59' lang='lat' dir='ltr'>flurimi</span> <span class='ocrx_word' id='word_1_230' title='bbox 1094 2922 1212 2990; x_wconf 86' lang='lat' dir='ltr'>codices,</span> <span class='ocrx_word' id='word_1_231' title='bbox 1230 2919 1325 2974; x_wconf 81' lang='lat' dir='ltr'>exFlor.</span> 
     </span>
     <span class='ocr_line' id='line_1_27' title="bbox 99 2985 1326 3059; baseline -0.002 -19"><span class='ocrx_word' id='word_1_232' title='bbox 99 2989 163 3042; x_wconf 87' lang='lat' dir='ltr'>ferri</span> <span class='ocrx_word' id='word_1_233' title='bbox 185 2988 295 3041; x_wconf 88' lang='lat' dir='ltr'>deberet</span> <span class='ocrx_word' id='word_1_234' title='bbox 318 2990 352 3041; x_wconf 86' lang='lat' dir='ltr'>ad</span> <span class='ocrx_word' id='word_1_235' title='bbox 377 3006 508 3042; x_wconf 86' lang='lat' dir='ltr'>recusare.</span> <span class='ocrx_word' id='word_1_236' title='bbox 548 2993 641 3059; x_wconf 86' lang='lat' dir='ltr'>Itaque</span> <span class='ocrx_word' id='word_1_237' title='bbox 667 2990 702 3042; x_wconf 86' lang='lat' dir='ltr'>ad</span> <span class='ocrx_word' id='word_1_238' title='bbox 736 2988 807 3041; x_wconf 89' lang='lat' dir='ltr'>Get</span> <span class='ocrx_word' id='word_1_239' title='bbox 829 3005 884 3040; x_wconf 85' lang='lat' dir='ltr'>erus</span> <span class='ocrx_word' id='word_1_240' title='bbox 910 2987 967 3041; x_wconf 91' lang='lat' dir='ltr'>simi</span> <span class='ocrx_word' id='word_1_241' title='bbox 978 2988 1035 3041; x_wconf 91' lang='lat' dir='ltr'>ibus</span> <span class='ocrx_word' id='word_1_242' title='bbox 1062 2987 1091 3042; x_wconf 88' lang='lat' dir='ltr'>in</span> <span class='ocrx_word' id='word_1_243' title='bbox 1115 2990 1247 3045; x_wconf 88' lang='lat' dir='ltr'>editiones</span> <span class='ocrx_word' id='word_1_244' title='bbox 1267 2985 1326 3041; x_wconf 86' lang='lat' dir='ltr'>venit</span> 
     </span>
     <span class='ocr_line' id='line_1_28' title="bbox 98 3056 1326 3129; baseline -0.001 -19"><span class='ocrx_word' id='word_1_245' title='bbox 98 3058 169 3128; x_wconf 87' lang='lat' dir='ltr'>vulg.</span> <span class='ocrx_word' id='word_1_246' title='bbox 187 3057 267 3112; x_wconf 80' lang='lat' dir='ltr'>redeo</span> <span class='ocrx_word' id='word_1_247' title='bbox 296 3060 345 3110; x_wconf 86' lang='lat' dir='ltr'>sed</span> <span class='ocrx_word' id='word_1_248' title='bbox 360 3074 387 3110; x_wconf 88' lang='lat' dir='ltr'>se</span> <span class='ocrx_word' id='word_1_249' title='bbox 406 3069 516 3127; x_wconf 82' lang='lat' dir='ltr'>captum.</span> <span class='ocrx_word' id='word_1_250' title='bbox 560 3057 632 3111; x_wconf 84' lang='lat' dir='ltr'>Flor.</span> <span class='ocrx_word' id='word_1_251' title='bbox 651 3057 701 3112; x_wconf 84' lang='lat' dir='ltr'>OG</span> <span class='ocrx_word' id='word_1_252' title='bbox 734 3058 855 3124; x_wconf 69' lang='lat' dir='ltr'>Locrum,</span> <span class='ocrx_word' id='word_1_253' title='bbox 866 3056 986 3128; x_wconf 88' lang='lat' dir='ltr'>equidem</span> <span class='ocrx_word' id='word_1_254' title='bbox 1003 3057 1133 3112; x_wconf 86' lang='lat' dir='ltr'>dederam</span> <span class='ocrx_word' id='word_1_255' title='bbox 1142 3061 1247 3115; x_wconf 81' lang='lat' dir='ltr'>laecum</span> <span class='ocrx_word' id='word_1_256' title='bbox 1254 3057 1326 3129; x_wconf 83' lang='lat' dir='ltr'>priore</span> 
     </span>
     <span class='ocr_line' id='line_1_29' title="bbox 98 3124 1326 3205; baseline -0.001 -26"><span class='ocrx_word' id='word_1_257' title='bbox 98 3130 146 3180; x_wconf 86' lang='lat' dir='ltr'>sed</span> <span class='ocrx_word' id='word_1_258' title='bbox 167 3136 284 3195; x_wconf 81' lang='lat' dir='ltr'>captum,</span> <span class='ocrx_word' id='word_1_259' title='bbox 317 3124 396 3205; x_wconf 82' lang='lat' dir='ltr'>idque</span> <span class='ocrx_word' id='word_1_260' title='bbox 425 3125 511 3196; x_wconf 91' lang='lat' dir='ltr'>ipsum</span> <span class='ocrx_word' id='word_1_261' title='bbox 541 3124 569 3177; x_wconf 91' lang='lat' dir='ltr'>in</span> <span class='ocrx_word' id='word_1_262' title='bbox 596 3134 701 3179; x_wconf 86' lang='lat' dir='ltr'>textum</span> <span class='ocrx_word' id='word_1_263' title='bbox 735 3125 797 3178; x_wconf 89' lang='lat' dir='ltr'>edit.</span> <span class='ocrx_word' id='word_1_264' title='bbox 823 3125 864 3178; x_wconf 85' lang='lat' dir='ltr'>Ea</span> <span class='ocrx_word' id='word_1_265' title='bbox 882 3125 968 3179; x_wconf 88' lang='lat' dir='ltr'>omnia</span> <span class='ocrx_word' id='word_1_266' title='bbox 985 3125 1094 3196; x_wconf 86' lang='lat' dir='ltr'>probari</span> <span class='ocrx_word' id='word_1_267' title='bbox 1113 3136 1258 3199; x_wconf 88' lang='lat' dir='ltr'>nequeunt.</span> <span class='ocrx_word' id='word_1_268' title='bbox 1282 3126 1326 3179; x_wconf 84' lang='lat' dir='ltr'>Ite·</span> 
     </span>
     <span class='ocr_line' id='line_1_30' title="bbox 98 3193 1325 3268; baseline 0.002 -22"><span class='ocrx_word' id='word_1_269' title='bbox 98 3195 166 3247; x_wconf 86' lang='lat' dir='ltr'>male</span> <span class='ocrx_word' id='word_1_270' title='bbox 183 3210 243 3247; x_wconf 89' lang='lat' dir='ltr'>rece</span> <span class='ocrx_word' id='word_1_271' title='bbox 261 3193 283 3246; x_wconf 88' lang='lat' dir='ltr'>it</span> <span class='ocrx_word' id='word_1_272' title='bbox 291 3194 410 3246; x_wconf 89' lang='lat' dir='ltr'>Modms:</span> <span class='ocrx_word' id='word_1_273' title='bbox 428 3195 516 3265; x_wconf 90' lang='lat' dir='ltr'>potius</span> <span class='ocrx_word' id='word_1_274' title='bbox 533 3210 608 3248; x_wconf 88' lang='lat' dir='ltr'>error</span> <span class='ocrx_word' id='word_1_275' title='bbox 620 3194 700 3248; x_wconf 84' lang='lat' dir='ltr'>libra·</span> <span class='ocrx_word' id='word_1_276' title='bbox 753 3211 786 3246; x_wconf 89' lang='lat' dir='ltr'>ue</span> <span class='ocrx_word' id='word_1_277' title='bbox 803 3193 923 3248; x_wconf 84' lang='lat' dir='ltr'>revocavi</span> <span class='ocrx_word' id='word_1_278' title='bbox 944 3211 1014 3247; x_wconf 89' lang='lat' dir='ltr'>nunc</span> <span class='ocrx_word' id='word_1_279' title='bbox 1036 3194 1161 3250; x_wconf 87' lang='lat' dir='ltr'>codicum</span> <span class='ocrx_word' id='word_1_280' title='bbox 1178 3196 1325 3268; x_wconf 78' lang='lat' dir='ltr'>scripturam·</span> 
     </span>
     <span class='ocr_line' id='line_1_31' title="bbox 97 3212 1326 3334; baseline 0.002 -19"><span class='ocrx_word' id='word_1_281' title='bbox 97 3263 198 3316; x_wconf 89' lang='lat' dir='ltr'>riorum</span> <span class='ocrx_word' id='word_1_282' title='bbox 215 3212 328 3328; x_wconf 74' lang='lat' dir='ltr'>videtur,</span> <span class='ocrx_word' id='word_1_283' title='bbox 347 3268 375 3313; x_wconf 89' lang='lat' dir='ltr'>et</span> <span class='ocrx_word' id='word_1_284' title='bbox 392 3263 519 3316; x_wconf 84' lang='lat' dir='ltr'>excidisse</span> <span class='ocrx_word' id='word_1_285' title='bbox 530 3280 558 3316; x_wconf 88' lang='lat' dir='ltr'>se</span> <span class='ocrx_word' id='word_1_286' title='bbox 572 3272 632 3334; x_wconf 90' lang='lat' dir='ltr'>post</span> <span class='ocrx_word' id='word_1_287' title='bbox 644 3267 699 3331; x_wconf 86' lang='lat' dir='ltr'>sed,</span> <span class='ocrx_word' id='word_1_288' title='bbox 734 3212 777 3317; x_wconf 67' lang='lat' dir='ltr'>ba</span> <span class='ocrx_word' id='word_1_289' title='bbox 794 3265 914 3316; x_wconf 78' lang='lat' dir='ltr'>Dicaeus</span> <span class='ocrx_word' id='word_1_290' title='bbox 940 3281 994 3317; x_wconf 89' lang='lat' dir='ltr'>non</span> <span class='ocrx_word' id='word_1_291' title='bbox 1011 3262 1108 3318; x_wconf 90' lang='lat' dir='ltr'>dubito</span> <span class='ocrx_word' id='word_1_292' title='bbox 1127 3283 1189 3319; x_wconf 88' lang='lat' dir='ltr'>cum</span> <span class='ocrx_word' id='word_1_293' title='bbox 1206 3265 1241 3320; x_wconf 89' lang='lat' dir='ltr'>sit</span> <span class='ocrx_word' id='word_1_294' title='bbox 1257 3263 1326 3318; x_wconf 75' lang='lat' dir='ltr'>Gue-</span> 
     </span>
     <span class='ocr_line' id='line_1_32' title="bbox 99 3329 1326 3404; baseline 0 -22"><span class='ocrx_word' id='word_1_295' title='bbox 99 3346 178 3401; x_wconf 87' lang='lat' dir='ltr'>quem</span> <span class='ocrx_word' id='word_1_296' title='bbox 200 3346 315 3382; x_wconf 90' lang='lat' dir='ltr'>errorem</span> <span class='ocrx_word' id='word_1_297' title='bbox 338 3329 499 3401; x_wconf 88' lang='lat' dir='ltr'>corrigentes</span> <span class='ocrx_word' id='word_1_298' title='bbox 521 3330 566 3383; x_wconf 84' lang='lat' dir='ltr'>alii</span> <span class='ocrx_word' id='word_1_299' title='bbox 590 3331 699 3404; x_wconf 90' lang='lat' dir='ltr'>scripse·</span> <span class='ocrx_word' id='word_1_300' title='bbox 735 3349 794 3385; x_wconf 89' lang='lat' dir='ltr'>cum</span> <span class='ocrx_word' id='word_1_301' title='bbox 822 3330 970 3394; x_wconf 67' lang='lat' dir='ltr'>(resileant,</span> <span class='ocrx_word' id='word_1_302' title='bbox 996 3330 1043 3383; x_wconf 90' lang='lat' dir='ltr'>sed</span> <span class='ocrx_word' id='word_1_303' title='bbox 1065 3332 1151 3387; x_wconf 88' lang='lat' dir='ltr'>miror</span> <span class='ocrx_word' id='word_1_304' title='bbox 1178 3342 1326 3387; x_wconf 85' lang='lat' dir='ltr'>tamennon</span> 
     </span>
     <span class='ocr_line' id='line_1_33' title="bbox 97 3399 1326 3466; baseline 0 -15"><span class='ocrx_word' id='word_1_305' title='bbox 97 3407 161 3451; x_wconf 87' lang='lat' dir='ltr'>runt</span> <span class='ocrx_word' id='word_1_306' title='bbox 178 3408 278 3466; x_wconf 82' lang='lat' dir='ltr'>captus.</span> <span class='ocrx_word' id='word_1_307' title='bbox 734 3399 846 3453; x_wconf 90' lang='lat' dir='ltr'>inveniri</span> <span class='ocrx_word' id='word_1_308' title='bbox 870 3399 898 3452; x_wconf 91' lang='lat' dir='ltr'>in</span> <span class='ocrx_word' id='word_1_309' title='bbox 920 3399 1017 3453; x_wconf 86' lang='lat' dir='ltr'>lexicis.</span> <span class='ocrx_word' id='word_1_310' title='bbox 1054 3400 1088 3453; x_wconf 90' lang='lat' dir='ltr'>In</span> <span class='ocrx_word' id='word_1_311' title='bbox 1115 3402 1170 3456; x_wconf 87' lang='lat' dir='ltr'>fine</span> <span class='ocrx_word' id='word_1_312' title='bbox 1192 3399 1282 3457; x_wconf 86' lang='lat' dir='ltr'>sustuli</span> <span class='ocrx_word' id='word_1_313' title='bbox 1300 3408 1326 3464; x_wconf 82' lang='lat' dir='ltr'>a,</span> 
     </span>
     <span class='ocr_line' id='line_1_34' title="bbox 132 3467 1326 3542; baseline 0.002 -25"><span class='ocrx_word' id='word_1_314' title='bbox 132 3469 155 3534; x_wconf 65' lang='grc' dir='ltr'>ς.</span> <span class='ocrx_word' id='word_1_315' title='bbox 178 3473 218 3518; x_wconf 82' lang='grc'>15.</span> <span class='ocrx_word' id='word_1_316' title='bbox 249 3467 410 3534; x_wconf 82' lang='lat' dir='ltr'>fortissimis</span> <span class='ocrx_word' id='word_1_317' title='bbox 436 3500 470 3509; x_wconf 84' lang='lat'><em>-</em></span> <span class='ocrx_word' id='word_1_318' title='bbox 495 3486 522 3522; x_wconf 89' lang='lat' dir='ltr'>se</span> <span class='ocrx_word' id='word_1_319' title='bbox 545 3470 697 3540; x_wconf 68' lang='lat' dir='ltr'>adiungere]</span> <span class='ocrx_word' id='word_1_320' title='bbox 734 3469 804 3538; x_wconf 92' lang='lat' dir='ltr'>quod</span> <span class='ocrx_word' id='word_1_321' title='bbox 830 3467 858 3520; x_wconf 92' lang='lat' dir='ltr'>in</span> <span class='ocrx_word' id='word_1_322' title='bbox 883 3467 960 3521; x_wconf 89' lang='lat' dir='ltr'>editis</span> <span class='ocrx_word' id='word_1_323' title='bbox 985 3467 1109 3522; x_wconf 89' lang='lat' dir='ltr'>omnibus</span> <span class='ocrx_word' id='word_1_324' title='bbox 1137 3479 1245 3542; x_wconf 87' lang='lat' dir='ltr'>praeter</span> <span class='ocrx_word' id='word_1_325' title='bbox 1264 3467 1326 3522; x_wconf 87' lang='lat' dir='ltr'>Mod.</span> 
     </span>
     <span class='ocr_line' id='line_1_35' title="bbox 4 3533 1327 3607; baseline 0.004 -22"><span class='ocrx_word' id='word_1_326' title='bbox 4 3580 7 3585; x_wconf 79' lang='grc'>,</span> <span class='ocrx_word' id='word_1_327' title='bbox 97 3533 215 3586; x_wconf 84' lang='lat' dir='ltr'>Freinsh.</span> <span class='ocrx_word' id='word_1_328' title='bbox 227 3536 394 3602; x_wconf 74' lang='lat' dir='ltr'>fortissimus</span> <span class='ocrx_word' id='word_1_329' title='bbox 412 3535 479 3590; x_wconf 87' lang='lat' dir='ltr'>sicut</span> <span class='ocrx_word' id='word_1_330' title='bbox 493 3554 555 3590; x_wconf 86' lang='lat' dir='ltr'>sane</span> <span class='ocrx_word' id='word_1_331' title='bbox 569 3536 629 3591; x_wconf 90' lang='lat' dir='ltr'>libri</span> <span class='ocrx_word' id='word_1_332' title='bbox 638 3554 699 3591; x_wconf 87' lang='lat' dir='ltr'>mss.</span> <span class='ocrx_word' id='word_1_333' title='bbox 734 3545 774 3590; x_wconf 90' lang='lat' dir='ltr'>est</span> <span class='ocrx_word' id='word_1_334' title='bbox 805 3542 840 3604; x_wconf 83' lang='lat' dir='ltr'>(et</span> <span class='ocrx_word' id='word_1_335' title='bbox 865 3538 1017 3607; x_wconf 79' lang='lat' dir='ltr'>Amyntam)</span> <span class='ocrx_word' id='word_1_336' title='bbox 1057 3555 1191 3593; x_wconf 88' lang='lat' dir='ltr'>consensu</span> <span class='ocrx_word' id='word_1_337' title='bbox 1221 3537 1327 3594; x_wconf 87' lang='lat' dir='ltr'>codicum</span> 
     </span>
     <span class='ocr_line' id='line_1_36' title="bbox 96 3603 1327 3674; baseline 0.004 -17"><span class='ocrx_word' id='word_1_338' title='bbox 96 3619 187 3657; x_wconf 88' lang='lat' dir='ltr'>omnes</span> <span class='ocrx_word' id='word_1_339' title='bbox 204 3611 310 3674; x_wconf 89' lang='lat' dir='ltr'>praeter</span> <span class='ocrx_word' id='word_1_340' title='bbox 321 3603 428 3658; x_wconf 76' lang='lat' dir='ltr'>FlanG</span> <span class='ocrx_word' id='word_1_341' title='bbox 446 3606 553 3674; x_wconf 85' lang='lat' dir='ltr'>habent,</span> <span class='ocrx_word' id='word_1_342' title='bbox 572 3607 619 3659; x_wconf 90' lang='lat' dir='ltr'>sed</span> <span class='ocrx_word' id='word_1_343' title='bbox 636 3607 697 3659; x_wconf 88' lang='lat' dir='ltr'>edit.</span> <span class='ocrx_word' id='word_1_344' title='bbox 733 3622 850 3658; x_wconf 90' lang='lat' dir='ltr'>meorum</span> <span class='ocrx_word' id='word_1_345' title='bbox 868 3606 990 3659; x_wconf 89' lang='lat' dir='ltr'>omnium.</span> <span class='ocrx_word' id='word_1_346' title='bbox 1026 3605 1181 3661; x_wconf 83' lang='lat' dir='ltr'>Omiseram</span> <span class='ocrx_word' id='word_1_347' title='bbox 1203 3603 1327 3662; x_wconf 80' lang='lat' dir='ltr'>notasin</span> 
     </span>
     <span class='ocr_line' id='line_1_37' title="bbox 114 3671 1327 3754; baseline 0.006 -30"><span class='ocrx_word' id='word_1_348' title='bbox 114 3672 178 3725; x_wconf 85' lang='lat' dir='ltr'>rinc.</span> <span class='ocrx_word' id='word_1_349' title='bbox 202 3688 259 3725; x_wconf 84' lang='lat' dir='ltr'>eam</span> <span class='ocrx_word' id='word_1_350' title='bbox 281 3671 365 3753; x_wconf 77' lang='lat' dir='ltr'>ipsam</span> <span class='ocrx_word' id='word_1_351' title='bbox 390 3673 424 3727; x_wconf 90' lang='lat' dir='ltr'>ob</span> <span class='ocrx_word' id='word_1_352' title='bbox 450 3693 555 3728; x_wconf 81' lang='lat' dir='ltr'>causam</span> <span class='ocrx_word' id='word_1_353' title='bbox 576 3676 647 3745; x_wconf 92' lang='lat' dir='ltr'>quod</span> <span class='ocrx_word' id='word_1_354' title='bbox 664 3692 698 3728; x_wconf 87' lang='lat' dir='ltr'>ex</span> <span class='ocrx_word' id='word_1_355' title='bbox 733 3674 797 3727; x_wconf 89' lang='lat' dir='ltr'>edit.</span> <span class='ocrx_word' id='word_1_356' title='bbox 815 3673 909 3744; x_wconf 75' lang='lat' dir='ltr'>priore.</span> <span class='ocrx_word' id='word_1_357' title='bbox 930 3679 986 3727; x_wconf 87' lang='lat' dir='ltr'>Iam</span> <span class='ocrx_word' id='word_1_358' title='bbox 1002 3673 1087 3754; x_wconf 85' lang='lat' dir='ltr'>igitur</span> <span class='ocrx_word' id='word_1_359' title='bbox 1104 3677 1201 3747; x_wconf 83' lang='lat' dir='ltr'>regula</span> <span class='ocrx_word' id='word_1_360' title='bbox 1217 3676 1268 3743; x_wconf 80' lang='lat' dir='ltr'>ills,</span> <span class='ocrx_word' id='word_1_361' title='bbox 1284 3690 1327 3745; x_wconf 68' lang='lat' dir='ltr'>qun</span> 
     </span>
     <span class='ocr_line' id='line_1_38' title="bbox 94 3691 1327 3816; baseline 0.002 -22"><span class='ocrx_word' id='word_1_362' title='bbox 94 3691 163 3794; x_wconf 78' lang='lat' dir='ltr'>libro</span> <span class='ocrx_word' id='word_1_363' title='bbox 181 3757 296 3811; x_wconf 82' lang='lat' dir='ltr'>compari</span> <span class='ocrx_word' id='word_1_364' title='bbox 314 3742 393 3794; x_wconf 83' lang='lat' dir='ltr'>ducta</span> <span class='ocrx_word' id='word_1_365' title='bbox 410 3751 452 3795; x_wconf 91' lang='lat' dir='ltr'>est</span> <span class='ocrx_word' id='word_1_366' title='bbox 462 3744 638 3812; x_wconf 81' lang='lat' dir='ltr'>fortissimis,</span> <span class='ocrx_word' id='word_1_367' title='bbox 656 3761 698 3797; x_wconf 91' lang='lat' dir='ltr'>rc-</span> <span class='ocrx_word' id='word_1_368' title='bbox 733 3753 756 3796; x_wconf 81' lang='lat' dir='ltr'>et</span> <span class='ocrx_word' id='word_1_369' title='bbox 782 3742 862 3795; x_wconf 87' lang='lat' dir='ltr'>semel</span> <span class='ocrx_word' id='word_1_370' title='bbox 888 3761 947 3796; x_wconf 90' lang='lat' dir='ltr'>cum</span> <span class='ocrx_word' id='word_1_371' title='bbox 970 3743 1064 3796; x_wconf 75' lang='lat' dir='ltr'>ultimo</span> <span class='ocrx_word' id='word_1_372' title='bbox 1089 3746 1204 3798; x_wconf 90' lang='lat' dir='ltr'>nomine</span> <span class='ocrx_word' id='word_1_373' title='bbox 1225 3743 1327 3816; x_wconf 86' lang='lat' dir='ltr'>positum</span> 
     </span>
     <span class='ocr_line' id='line_1_39' title="bbox 93 3809 1326 3881; baseline -0.001 -17"><span class='ocrx_word' id='word_1_374' title='bbox 93 3810 284 3880; x_wconf 90' lang='lat' dir='ltr'>tinueruntque</span> <span class='ocrx_word' id='word_1_375' title='bbox 304 3809 424 3864; x_wconf 80' lang='lat' dir='ltr'>insecuti</span> <span class='ocrx_word' id='word_1_376' title='bbox 454 3811 581 3879; x_wconf 87' lang='lat' dir='ltr'>editores,</span> <span class='ocrx_word' id='word_1_377' title='bbox 616 3813 697 3866; x_wconf 86' lang='lat' dir='ltr'>etiam</span> <span class='ocrx_word' id='word_1_378' title='bbox 732 3813 880 3878; x_wconf 86' lang='lat' dir='ltr'>damnatur,</span> <span class='ocrx_word' id='word_1_379' title='bbox 897 3811 1031 3881; x_wconf 85' lang='lat' dir='ltr'>praeclare</span> <span class='ocrx_word' id='word_1_380' title='bbox 1050 3813 1213 3868; x_wconf 81' lang='lat' dir='ltr'>confirmata</span> <span class='ocrx_word' id='word_1_381' title='bbox 1228 3821 1272 3868; x_wconf 80' lang='lat' dir='ltr'>est</span> <span class='ocrx_word' id='word_1_382' title='bbox 1293 3810 1326 3864; x_wconf 84' lang='lat' dir='ltr'>Cf.</span> 
     </span>
     <span class='ocr_line' id='line_1_40' title="bbox 92 3877 1320 3949; baseline -0.002 -17"><span class='ocrx_word' id='word_1_383' title='bbox 92 3877 208 3942; x_wconf 90' lang='lat' dir='ltr'>Modius,</span> <span class='ocrx_word' id='word_1_384' title='bbox 227 3877 288 3949; x_wconf 87' lang='lat' dir='ltr'>quia</span> <span class='ocrx_word' id='word_1_385' title='bbox 301 3888 475 3933; x_wconf 88' lang='lat' dir='ltr'>senseruntre</span> <span class='ocrx_word' id='word_1_386' title='bbox 494 3880 579 3934; x_wconf 89' lang='lat' dir='ltr'>uirerc</span> <span class='ocrx_word' id='word_1_387' title='bbox 587 3882 697 3934; x_wconf 89' lang='lat' dir='ltr'>verbum</span> <span class='ocrx_word' id='word_1_388' title='bbox 730 3887 1001 3948; x_wconf 80' lang='lat' dir='ltr'>tamenrv,84,12‘.</span> <span class='ocrx_word' id='word_1_389' title='bbox 1316 3923 1320 3929; x_wconf 88' lang='lat'>.</span> 
     </span>
     <span class='ocr_line' id='line_1_41' title="bbox 92 3898 1325 4020; baseline 0.002 -19"><span class='ocrx_word' id='word_1_390' title='bbox 92 3946 220 4016; x_wconf 86' lang='lat' dir='ltr'>iungendi</span> <span class='ocrx_word' id='word_1_391' title='bbox 247 3962 335 4000; x_wconf 88' lang='lat' dir='ltr'>casum</span> <span class='ocrx_word' id='word_1_392' title='bbox 360 3948 399 4001; x_wconf 90' lang='lat' dir='ltr'>rei</span> <span class='ocrx_word' id='word_1_393' title='bbox 417 3947 458 4002; x_wconf 89' lang='lat' dir='ltr'>cui</span> <span class='ocrx_word' id='word_1_394' title='bbox 475 3898 520 4002; x_wconf 66' lang='lat' dir='ltr'>ille</span> <span class='ocrx_word' id='word_1_395' title='bbox 537 3965 594 4002; x_wconf 88' lang='lat' dir='ltr'>sese</span> <span class='ocrx_word' id='word_1_396' title='bbox 611 3951 696 4020; x_wconf 86' lang='lat' dir='ltr'>appli-</span> <span class='ocrx_word' id='word_1_397' title='bbox 765 3952 787 4016; x_wconf 71' lang='lat'>§-</span> <span class='ocrx_word' id='word_1_398' title='bbox 814 3955 854 4002; x_wconf 83' lang='grc'>17.</span> <span class='ocrx_word' id='word_1_399' title='bbox 889 3951 1025 4018; x_wconf 74' lang='lat' dir='ltr'>opperiens</span> <span class='ocrx_word' id='word_1_400' title='bbox 1051 3951 1172 4018; x_wconf 85' lang='lat' dir='ltr'>aliquem</span> <span class='ocrx_word' id='word_1_401' title='bbox 1198 3953 1325 4006; x_wconf 73' lang='lat' dir='ltr'>amicam</span> 
     </span>
     <span class='ocr_line' id='line_1_42' title="bbox 93 4015 1326 4097; baseline 0.003 -29"><span class='ocrx_word' id='word_1_402' title='bbox 93 4015 198 4069; x_wconf 81' lang='lat' dir='ltr'>auisset.</span> <span class='ocrx_word' id='word_1_403' title='bbox 242 4015 302 4070; x_wconf 90' lang='lat' dir='ltr'>Hoc</span> <span class='ocrx_word' id='word_1_404' title='bbox 327 4035 374 4070; x_wconf 90' lang='lat' dir='ltr'>nos</span> <span class='ocrx_word' id='word_1_405' title='bbox 396 4034 501 4097; x_wconf 86' lang='lat' dir='ltr'>quoque</span> <span class='ocrx_word' id='word_1_406' title='bbox 530 4035 600 4071; x_wconf 92' lang='lat' dir='ltr'>nunc</span> <span class='ocrx_word' id='word_1_407' title='bbox 621 4028 695 4073; x_wconf 86' lang='lat' dir='ltr'>tene·</span> <span class='ocrx_word' id='word_1_408' title='bbox 731 4035 762 4069; x_wconf 80' lang='lat' dir='ltr'>ea</span> <span class='ocrx_word' id='word_1_409' title='bbox 783 4019 874 4086; x_wconf 75' lang='lat' dir='ltr'>prirna</span> <span class='ocrx_word' id='word_1_410' title='bbox 897 4020 1007 4084; x_wconf 73' lang='lat' dir='ltr'>cohorte]</span> <span class='ocrx_word' id='word_1_411' title='bbox 1048 4016 1112 4072; x_wconf 89' lang='lat' dir='ltr'>Hoc</span> <span class='ocrx_word' id='word_1_412' title='bbox 1138 4020 1232 4074; x_wconf 87' lang='lat' dir='ltr'>ordine</span> <span class='ocrx_word' id='word_1_413' title='bbox 1256 4018 1326 4072; x_wconf 73' lang='lat' dir='ltr'>verbs</span> 
     </span>
     <span class='ocr_line' id='line_1_43' title="bbox 92 4083 1325 4159; baseline 0.004 -22"><span class='ocrx_word' id='word_1_414' title='bbox 92 4102 160 4152; x_wconf 91' lang='lat' dir='ltr'>mus,</span> <span class='ocrx_word' id='word_1_415' title='bbox 179 4101 239 4137; x_wconf 86' lang='lat' dir='ltr'>cum</span> <span class='ocrx_word' id='word_1_416' title='bbox 256 4083 284 4136; x_wconf 94' lang='lat' dir='ltr'>in</span> <span class='ocrx_word' id='word_1_417' title='bbox 300 4084 387 4155; x_wconf 90' lang='lat' dir='ltr'>priore</span> <span class='ocrx_word' id='word_1_418' title='bbox 403 4084 519 4140; x_wconf 82' lang='lat' dir='ltr'>editione</span> <span class='ocrx_word' id='word_1_419' title='bbox 526 4088 695 4155; x_wconf 84' lang='lat' dir='ltr'>fortissimus</span> <span class='ocrx_word' id='word_1_420' title='bbox 730 4085 892 4139; x_wconf 88' lang='lat' dir='ltr'>collocantur</span> <span class='ocrx_word' id='word_1_421' title='bbox 908 4085 935 4138; x_wconf 93' lang='lat' dir='ltr'>in</span> <span class='ocrx_word' id='word_1_422' title='bbox 953 4084 1068 4157; x_wconf 88' lang='lat' dir='ltr'>optimis,</span> <span class='ocrx_word' id='word_1_423' title='bbox 1085 4104 1149 4141; x_wconf 85' lang='lat' dir='ltr'>oum</span> <span class='ocrx_word' id='word_1_424' title='bbox 1160 4089 1242 4159; x_wconf 84' lang='lat' dir='ltr'>vulgo</span> <span class='ocrx_word' id='word_1_425' title='bbox 1257 4083 1325 4141; x_wconf 66' lang='lat' dir='ltr'>aaut</span> 
     </span>
     <span class='ocr_line' id='line_1_44' title="bbox 93 4152 1324 4225; baseline 0.002 -19"><span class='ocrx_word' id='word_1_426' title='bbox 93 4152 258 4206; x_wconf 87' lang='lat' dir='ltr'>ediderimus.</span> <span class='ocrx_word' id='word_1_427' title='bbox 277 4153 403 4207; x_wconf 86' lang='lat' dir='ltr'>Ceterum</span> <span class='ocrx_word' id='word_1_428' title='bbox 420 4156 503 4207; x_wconf 86' lang='lat' dir='ltr'>adiuu</span> <span class='ocrx_word' id='word_1_429' title='bbox 523 4171 564 4206; x_wconf 83' lang='lat' dir='ltr'>ere</span> <span class='ocrx_word' id='word_1_430' title='bbox 577 4155 696 4209; x_wconf 88' lang='lat' dir='ltr'>dedimus</span> <span class='ocrx_word' id='word_1_431' title='bbox 731 4156 843 4223; x_wconf 81' lang='lat' dir='ltr'>aliquem</span> <span class='ocrx_word' id='word_1_432' title='bbox 868 4172 899 4207; x_wconf 79' lang='lat' dir='ltr'>ee</span> <span class='ocrx_word' id='word_1_433' title='bbox 915 4157 1006 4224; x_wconf 81' lang='lat' dir='ltr'>prima</span> <span class='ocrx_word' id='word_1_434' title='bbox 1028 4157 1084 4207; x_wconf 82' lang='lat' dir='ltr'>col.</span> <span class='ocrx_word' id='word_1_435' title='bbox 1110 4160 1263 4225; x_wconf 69' lang='lat' dir='ltr'>abacorum,</span> <span class='ocrx_word' id='word_1_436' title='bbox 1286 4153 1324 4208; x_wconf 80' lang='lat' dir='ltr'>sed</span> 
     </span>
     <span class='ocr_line' id='line_1_45' title="bbox 93 4173 1324 4293; baseline 0.002 -19"><span class='ocrx_word' id='word_1_437' title='bbox 93 4238 153 4274; x_wconf 88' lang='lat' dir='ltr'>cum</span> <span class='ocrx_word' id='word_1_438' title='bbox 169 4219 258 4273; x_wconf 90' lang='lat' dir='ltr'>Modio</span> <span class='ocrx_word' id='word_1_439' title='bbox 275 4220 349 4274; x_wconf 90' lang='lat' dir='ltr'>Leid.</span> <span class='ocrx_word' id='word_1_440' title='bbox 368 4222 445 4276; x_wconf 88' lang='lat' dir='ltr'>Voss.</span> <span class='ocrx_word' id='word_1_441' title='bbox 465 4229 478 4274; x_wconf 95' lang='lat'>1</span> <span class='ocrx_word' id='word_1_442' title='bbox 497 4173 694 4284; x_wconf 68' lang='lat' dir='ltr'>demAElor.</span> <span class='ocrx_word' id='word_1_443' title='bbox 730 4223 797 4274; x_wconf 90' lang='lat' dir='ltr'>nihil</span> <span class='ocrx_word' id='word_1_444' title='bbox 818 4222 852 4276; x_wconf 87' lang='lat' dir='ltr'>ad</span> <span class='ocrx_word' id='word_1_445' title='bbox 874 4240 977 4276; x_wconf 88' lang='lat' dir='ltr'>sensum</span> <span class='ocrx_word' id='word_1_446' title='bbox 998 4222 1131 4293; x_wconf 81' lang='lat' dir='ltr'>interest3</span> <span class='ocrx_word' id='word_1_447' title='bbox 1160 4227 1241 4279; x_wconf 79' lang='lat' dir='ltr'>amici</span> <span class='ocrx_word' id='word_1_448' title='bbox 1264 4222 1324 4277; x_wconf 83' lang='lat' dir='ltr'>enim</span> 
     </span>
     <span class='ocr_line' id='line_1_46' title="bbox 93 4287 1323 4362; baseline 0.002 -21"><span class='ocrx_word' id='word_1_449' title='bbox 93 4287 172 4341; x_wconf 83' lang='lat' dir='ltr'>ABG</span> <span class='ocrx_word' id='word_1_450' title='bbox 189 4287 289 4356; x_wconf 87' lang='lat' dir='ltr'>secuti,</span> <span class='ocrx_word' id='word_1_451' title='bbox 312 4308 360 4361; x_wconf 89' lang='lat' dir='ltr'>pro</span> <span class='ocrx_word' id='word_1_452' title='bbox 383 4290 454 4361; x_wconf 84' lang='lat' dir='ltr'>vulg.</span> <span class='ocrx_word' id='word_1_453' title='bbox 472 4293 587 4360; x_wconf 73' lang='lat' dir='ltr'>iuaqere.</span> <span class='ocrx_word' id='word_1_454' title='bbox 619 4292 695 4345; x_wconf 91' lang='lat' dir='ltr'>Unus</span> <span class='ocrx_word' id='word_1_455' title='bbox 730 4298 791 4343; x_wconf 90' lang='lat' dir='ltr'>sunt</span> <span class='ocrx_word' id='word_1_456' title='bbox 807 4294 913 4362; x_wconf 80' lang='grc' dir='ltr'><em>ἑταῖροι</em></span> <span class='ocrx_word' id='word_1_457' title='bbox 932 4289 1031 4354; x_wconf 78' lang='grc' dir='ltr'><strong><em>ἱππεῖς,</em></strong></span> <span class='ocrx_word' id='word_1_458' title='bbox 1045 4292 1154 4362; x_wconf 85' lang='lat' dir='ltr'>equites</span> <span class='ocrx_word' id='word_1_459' title='bbox 1162 4289 1323 4356; x_wconf 79' lang='lat' dir='ltr'>Macedonici,</span> 
     </span>
     <span class='ocr_line' id='line_1_47' title="bbox 92 4355 1323 4432; baseline 0.006 -25"><span class='ocrx_word' id='word_1_460' title='bbox 92 4355 165 4410; x_wconf 85' lang='lat' dir='ltr'>Flor.</span> <span class='ocrx_word' id='word_1_461' title='bbox 187 4356 285 4409; x_wconf 86' lang='lat' dir='ltr'>Gsese</span> <span class='ocrx_word' id='word_1_462' title='bbox 302 4361 384 4412; x_wconf 76' lang='lat' dir='ltr'>adius</span> <span class='ocrx_word' id='word_1_463' title='bbox 404 4376 454 4411; x_wconf 87' lang='lat' dir='ltr'>ere.</span> <span class='ocrx_word' id='word_1_464' title='bbox 729 4376 840 4428; x_wconf 89' lang='lat' dir='ltr'>quorum</span> <span class='ocrx_word' id='word_1_465' title='bbox 870 4358 979 4429; x_wconf 86' lang='lat' dir='ltr'>primam</span> <span class='ocrx_word' id='word_1_466' title='bbox 1005 4360 1148 4417; x_wconf 83' lang='lat' dir='ltr'>cohortem</span> <span class='ocrx_word' id='word_1_467' title='bbox 1174 4362 1239 4419; x_wconf 88' lang='lat' dir='ltr'>dicit</span> <span class='ocrx_word' id='word_1_468' title='bbox 1261 4358 1323 4432; x_wconf 82' lang='lat' dir='ltr'>quod</span> 
     </span>
    </p>

    <p class='ocr_par' dir='ltr' id='par_1_6' title="bbox 126 4378 1321 4504">
     <span class='ocr_line' id='line_1_48' title="bbox 126 4378 1321 4504; baseline 0.008 -28"><span class='ocrx_word' id='word_1_469' title='bbox 126 4424 256 4477; x_wconf 84' lang='lat' dir='ltr'>Peucolao</span> <span class='ocrx_word' id='word_1_470' title='bbox 273 4429 334 4493; x_wconf 84' lang='lat' dir='ltr'>eet]</span> <span class='ocrx_word' id='word_1_471' title='bbox 369 4378 412 4480; x_wconf 63' lang='lat' dir='ltr'>lie</span> <span class='ocrx_word' id='word_1_472' title='bbox 430 4422 549 4484; x_wconf 87' lang='lat' dir='ltr'>codicum</span> <span class='ocrx_word' id='word_1_473' title='bbox 566 4426 695 4483; x_wconf 74' lang='lat' dir='ltr'>renotata</span> <span class='ocrx_word' id='word_1_474' title='bbox 729 4426 791 4480; x_wconf 83' lang='lat' dir='ltr'>alibi</span> <span class='ocrx_word' id='word_1_475' title='bbox 807 4426 841 4479; x_wconf 83' lang='grc' dir='ltr'>τὸ</span> <span class='ocrx_word' id='word_1_476' title='bbox 862 4431 954 4499; x_wconf 79' lang='grc' dir='ltr'><em>ἄγημα</em></span> <span class='ocrx_word' id='word_1_477' title='bbox 970 4435 1030 4482; x_wconf 76' lang='grc' dir='ltr'>τῶν</span> <span class='ocrx_word' id='word_1_478' title='bbox 1048 4429 1166 4486; x_wconf 77' lang='grc' dir='ltr'><strong><em>ἱππέων</em></strong></span> <span class='ocrx_word' id='word_1_479' title='bbox 1176 4429 1321 4504; x_wconf 74' lang='lat' dir='ltr'>appelletur,</span> 
     </span>
    </p>
   </div>
   <div class='ocr_carea' id='block_1_5' title="bbox 0 0 1468 5174">
    <p class='ocr_par' dir='ltr' id='par_1_7' title="bbox 0 0 1468 5174">
     <span class='ocr_line' id='line_1_49' title="bbox 0 0 1468 5174; baseline 0 5"><span class='ocrx_word' id='word_1_480' title='bbox 0 0 1468 5174; x_wconf 95' lang='lat' dir='ltr'> </span> 
     </span>
    </p>
   </div>
  </div>
 </body>
</html>
