2926 5174
199 288 272 360 442
666 311 700 374 Q.
728 310 853 362 (11111111
877 309 962 361 mm

192 493 364 589 gnificans
391 522 430 570 se
454 497 551 594 loqui
577 497 678 569 velle.
733 492 849 584 Quem
872 504 915 567 ut
940 492 1065 566 videre
1087 493 1227 565 milites
1254 488 1437 568 detrahes-4

193 613 266 677 tem
283 609 422 705 galeam
448 609 564 707 capiti,
591 608 657 706 (ita
675 608 768 680 enim
793 631 914 704 regem
931 605 1064 701 alloqui
1082 629 1167 676 mos
1196 601 1280 701 est)
1305 605 1415 679 hortati

193 731 402 815 cooperunt,
438 731 479 793 ut
504 745 648 793 causam
675 719 852 792 exercitus
879 726 1011 814 ageret.
1066 714 1165 788 Tum
1194 713 1344 805 Coenus,
1366 716 1437 792 Diis

185 830 391 924 prohibeant,
417 832 541 928 inquit,
568 856 590 903 a
614 831 706 906 nolis
723 829 847 927 impias
864 841 1000 918 mentes,
1026 840 1058 901 et
1075 829 1235 928 profecto
1255 828 1413 925 prolibeu.

193 935 289 1013 Idem
314 943 448 1017 animus
473 955 520 1017 est
549 941 628 1033 tuis,
661 941 720 1040 qui
734 941 808 1041 fuit
836 948 979 1038 semper,
1019 940 1071 1014 ire
1098 962 1167 1037 quo
1193 937 1345 1032 iusseris,
1365 967 1416 1040 pu

190 1074 306 1146 qnare,
326 1055 529 1152 periclitari,
554 1053 716 1152 sanquine
741 1062 850 1125 nostro
875 1051 1107 1124 commendare
1127 1049 1321 1147 posteritati
1343 1064 1416 1125 1111111

193 1184 320 1237 nomen.
373 1164 521 1239 Proinde
545 1165 577 1237 si
595 1186 810 1261 perseveras,
836 1161 977 1234 inermes
1003 1185 1137 1260 quoque
1164 1174 1197 1234 et
1221 1162 1308 1235 nudi
1330 1176 1417 1236 deo

172 1296 350 1372 seryum,
381 1289 542 1374 utnenque
573 1274 630 1347 tili
661 1274 754 1347 cordi
789 1285 850 1363 est,
887 1270 1075 1371 sequimur,
1116 1272 1174 1345 uel
1205 1272 1416 1347 antecedimus.

82 1468 88 1479 ¹
194 1380 265 1458 Sed
287 1388 320 1460 si
344 1387 463 1459 andire
487 1387 539 1460 uis
563 1411 630 1460 non
644 1385 747 1480 fictus
772 1397 903 1457 tuorum
928 1383 1072 1455 militum
1098 1407 1215 1474 voces,
1241 1407 1354 1456 uerum
1375 1404 1437 1457 nes

189 1496 333 1570 cessitate
359 1497 475 1570 ultinra
501 1522 683 1596 cupressus,
703 1495 836 1593 praebe,
863 1519 992 1594 quaese,
1012 1495 1191 1592 propitias
1214 1520 1315 1569 aures
1335 1495 1417 1594 irnpe-

188 1605 278 1679 rium
304 1622 400 1709 atque
425 1608 614 1706 auspicium
639 1621 731 1680 tuum
749 1605 1006 1680 constantissime
1029 1604 1164 1696 secutis,
1192 1617 1224 1677 et
1247 1629 1417 1706 quocunqne

182 1721 300 1819 perqis
325 1720 493 1795 secuturus.
556 1718 690 1810 Vicisti,
723 1744 797 1809 ren,
832 1715 1058 1816 mapnn‘tudine
1085 1739 1207 1789 rerum
1240 1742 1308 1791 non
1333 1719 1438 1793 tosur

188 1831 300 1922 modo,
332 1831 516 1905 sedetiam
542 1830 669 1903 milites.
726 1825 894 1928 Quicquid
925 1827 1109 1902 mortalitas
1144 1852 1270 1926 capere
1294 1822 1415 1928 poterit

187 1940 406 2040 implevimus.
458 1942 615 2016 Ernercsis
641 1940 752 2014 maria
786 1952 952 2038 terrasque
976 1938 1096 2013 melius
1123 1939 1234 2032 nolis
1261 1965 1358 2040 quam
1379 1941 1416 2013 in

82 2072 88 2083 ·
188 2052 283 2144 colis,
315 2054 427 2127 omnia
461 2067 538 2128 notu
563 2066 647 2126 sunt.
699 2052 811 2127 Paene
835 2051 873 2123 in
897 2050 1009 2123 ultimo
1035 2051 1164 2123 mundi
1185 2051 1267 2147 fine
1292 2052 1436 2126 conn'snsst

186 2187 270 2236 mus.
329 2163 372 2236 In
403 2165 508 2237 alium
541 2164 649 2237 orbem
673 2188 785 2260 purus
821 2163 885 2253 ire,
923 2174 953 2234 et
980 2160 1123 2235 Indiam
1164 2164 1305 2262 quaeris
1337 2163 1416 2238 Indis

187 2298 313 2372 quoque
345 2273 508 2373 iqnotam:
545 2274 629 2348 inter
649 2277 750 2376 feras
787 2286 1012 2372 serpentesque
1050 2272 1211 2371 deqcntes
1249 2299 1359 2348 nuere
1385 2298 1416 2346 cc

187 2383 316 2456 latelms
343 2398 372 2456 et
397 2386 554 2458 mutuas
578 2386 650 2460 suis
676 2385 816 2484 expetes,
851 2396 888 2457 ut
905 2384 1025 2482 plura,
1052 2408 1161 2481 quam
1187 2385 1244 2458 sol
1266 2386 1359 2477 ridet,
1379 2385 1414 2458 u'·

185 2493 287 2567 ctoria
313 2494 439 2570 lustres.
491 2495 611 2595 Dique
639 2521 782 2595 prorsus
815 2494 963 2594 coqitatio
997 2495 1112 2567 animo
1139 2506 1215 2586 tuo,
1252 2497 1314 2572 sed
1336 2496 1434 2569 altum

185 2618 302 2680 nostro.
355 2605 471 2681 Virtus
496 2606 584 2679 enim
610 2621 668 2680 11111
693 2616 823 2706 semper
847 2605 884 2678 in
910 2606 1106 2678 inercntento
1134 2606 1216 2697 erit,
1242 2621 1353 2683 nostru
1374 2607 1414 2682 ris

184 2714 254 2789 ium
279 2718 316 2790 in
330 2718 405 2815 fine
430 2730 485 2790 est.
539 2718 670 2792 Intuere
705 2743 845 2816 corpora
870 2715 1067 2814 eesanquiu,
1103 2729 1151 2790 tot
1170 2722 1333 2821 perfossa
1359 2718 1413 2794 cul
1424 2734 1443 2781 1⁰

183 2829 330 2921 neribus,
365 2842 409 2901 tot
442 2828 646 2903 cicanicibus
675 2830 800 2928 putria.
853 2828 930 2902 Iam
970 2827 1031 2898 tela
1066 2827 1199 2903 hebetia
1235 2845 1329 2905 sunt:
1359 2831 1413 2903 111111

183 2965 282 3013 arma
314 2939 476 3037 deficiunt.
539 2938 667 3014 Vestem
693 2940 865 3015 Persicam
900 2937 1088 3029 induimus,
1129 2941 1217 3039 quia
1256 2941 1413 3017 comam

183 3051 317 3124 subvehi
332 3076 407 3129 ,non
430 3062 542 3147 potest.
582 3050 626 3123 In
651 3063 820 3123 esternum
842 3047 1116 3147 depeneruuimus
1144 3052 1284 3127 cultum
1327 3050 1441 3135 Quouss

184 3161 300 3261 cuique
326 3163 427 3236 urica
453 3160 523 3234 est?
555 3162 630 3259 quis
655 3185 775 3259 equum
801 3158 914 3233 labet?
945 3158 1018 3232 iube
1043 3164 1186 3259 quae-ri,
1220 3190 1324 3266 qnam
1346 3161 1411 3237 mul·

181 3284 229 3344 tos
245 3273 335 3346 serui
358 3273 508 3370 ipsorum
519 3271 687 3368 persecuti
710 3269 784 3361 sint,
811 3270 893 3370 quid
908 3269 1024 3368 cuique
1050 3274 1204 3368 supersit
1229 3300 1273 3349 ec
1283 3274 1408 3375 prada

185 3378 344 3455 Omnium
369 3382 504 3455 victores
531 3381 679 3455 omnium
705 3381 819 3479 inopes
850 3406 975 3454 suntus.
1030 3381 1108 3454 Nec
1137 3385 1281 3461 lunaria
1307 3387 1409 3460 mna

180 3517 270 3584 mus,
302 3492 363 3566 sed
386 3492 464 3567 lello
491 3494 707 3567 instrumenta
732 3491 806 3565 belli
830 3490 1107 3587 consumpsimus.
1166 3488 1275 3571 Hunc
1299 3510 1333 3572 tu
1350 3492 1409 3594 pul
1420 3504 1438 3553 1²

179 3603 378 3676 clerrimum
404 3605 581 3678 enercitum
612 3603 742 3677 nudum
768 3602 897 3677 obiicim
921 3600 1046 3675 beluis?
1082 3628 1238 3702 quarum
1265 3622 1302 3683 ut
1322 3606 1408 3681 multi

212 3809 235 3871 ᾗ.
254 3811 277 3858 u.
297 3805 441 3873 propitias]
464 3806 600 3874 propitius
609 3804 680 3858 Flos.
690 3801 785 3855 DIEH
855 3805 908 3855 iam
925 3804 954 3855 in
967 3803 1027 3870 fine
1053 3805 1114 3874 est}
1143 3805 1212 3861 Hoc
1234 3811 1316 3864 verba
1335 3804 1408 3862 ordin·

177 3873 258 3925 Bern.
275 3876 298 3924 B
315 3872 392 3926 Voss.
411 3879 435 3925 2.
818 3879 1049 3942 repraesentantur
1070 3871 1099 3924 in
1122 3876 1207 3929 codd.
1231 3877 1328 3932 nostris
1342 3871 1406 3930 omui·

818 3940 868 3993 bus
885 3948 913 3992 et
930 3939 1003 3992 Leid.
1020 3943 1098 3994 Voss.
1119 3949 1131 3995 1
1154 3961 1225 4014 quos
1244 3947 1406 4001 summm

178 3974 782 4109 tunsi,qiddiziii‘lrit'iiiiiiiiiusiupplendum
805 4007 1032 4144 ῗὲζξὲηῃῖξὲἕθ
1058 4018 1172 4080 Plaoter
1201 4014 1268 4070 edii
1294 4014 1360 4070 Mill
1385 4012 1405 4061 ἡ

213 4147 236 4211 §-
260 4151 283 4197 9.
327 4145 356 4195 in
378 4145 532 4197 incremento
555 4147 613 4225 erit]
656 4144 780 4214 Plerique
850 4148 872 4212 ς.
899 4151 939 4198 11.
974 4147 1044 4199 serui
1065 4147 1191 4216 ipsorum
1208 4150 1341 4221 persecuti
1357 4144 1403 4210 sul

178 4209 239 4263 libri
248 4211 378 4264 omittunt
395 4214 430 4276 in,
447 4214 493 4265 sed
510 4220 586 4266 extet
603 4231 631 4265 m
640 4212 711 4265 Flos.
721 4213 780 4266 ΑΒ.
815 4212 927 4266 Correxi
948 4214 1010 4280 sint,
1030 4214 1159 4284 quonium
1179 4220 1302 4292 sequitur
1319 4214 1403 4272 amu

178 4275 249 4331 Flor.
267 4279 319 4331 ΕΗ
336 4283 414 4331 Bern.
432 4280 455 4332 B
474 4281 552 4334 Voss.
569 4288 583 4334 2
603 4284 630 4334 in
648 4284 779 4333 certando.
814 4280 898 4334 clivus
925 4283 1048 4351 supersit.
1088 4283 1156 4338 Non
1181 4288 1276 4342 favent
1292 4285 1346 4342 hut
1359 4296 1402 4336 m*

179 4341 268 4397 esum
294 4348 361 4399 enim
387 4347 517 4401 onustior
542 4349 570 4402 in
588 4350 658 4403 sior.
677 4348 779 4402 111111
814 4350 860 4401 seo
886 4349 947 4402 aas
972 4358 1063 4404 umen
1089 4353 1158 4408 ferri
1187 4357 1290 4429 nequit.
1324 4346 1402 4411 cte!
1455 4390 1457 4401 ·

180 4408 260 4464 Bern.
278 4413 301 4465 B
319 4414 397 4468 Voss.
415 4421 439 4468 2.
813 4431 883 4484 vm,
901 4424 944 4485 25,
965 4423 1005 4472 15.
