2926 5174
480 316 527 364 on
555 313 682 366 onsms
707 314 817 365 anax.
844 314 894 383 1v,
920 311 964 364 11.
1311 298 1358 370 91

107 499 172 572 belli
200 497 397 595 exiguam
423 498 513 570 hanc
545 522 624 571 esse
649 495 877 594 mercedem)
909 497 974 570 sed
999 496 1221 597 Persepolim
1252 511 1361 599 caput

107 608 189 706 regni
220 608 331 698 eius,
359 607 493 681 Bactra
518 607 662 697 deinde,
689 617 727 680 et
751 605 952 698 Ecbatana,
988 609 1175 707 ultimique
1202 606 1360 684 Orientis

109 744 190 791 oram
224 718 401 816 imperio
434 743 498 790 suo
530 718 740 791 destinasse.
800 715 1022 816 Quocunque
1053 721 1112 795 ille
1146 722 1271 820 fingere
1297 747 1359 820 po-

108 831 238 919 tuisset,
279 830 416 927 ipsum
451 830 550 926 sequi
586 854 710 928 posse:
756 828 936 905 desineret
970 841 1106 904 terrere
1142 830 1359 922 fluminibus,

109 965 195 1036 quem
224 941 354 1012 sciret
382 941 495 1013 maria
519 939 702 1012 transisse.

91 1077 97 1123 1
191 1049 328 1147 Reges
365 1050 512 1146 quidem
541 1051 631 1123 haec
660 1050 816 1122 invicem
850 1049 1076 1149 scripserant.
1130 1049 1203 1125 Sed
1228 1052 1409 1127 moulan

110 1163 217 1236 ubam
245 1185 368 1234 suam
403 1171 601 1259 portusque
632 1159 814 1233 dedebant
838 1159 1058 1235 Alexandro.
1111 1161 1175 1235 1116
1201 1160 1361 1237 Ciliciam

112 1271 229 1346 Socrati
258 1270 489 1360 tradiderat,
514 1270 659 1344 Philota
684 1272 821 1370 regioni
848 1272 942 1344 circa
969 1271 1107 1370 Tyrum
1132 1273 1231 1346 iusso
1258 1299 1359 1372 prae·

118 1382 218 1456 sidera
275 1381 454 1480 Syriam,
486 1407 576 1477 quae
610 1379 718 1455 Coele
753 1383 964 1479 appellatur,
990 1383 1247 1482 Andromacho
1274 1385 1360 1459 Par·

91 1495 208 1566 ‚amenio
234 1492 474 1583 tradiderat,
505 1493 599 1566 bello
626 1492 723 1590 quod
759 1502 946 1590 supererat
970 1494 1216 1568 interfuturus.
1268 1495 1360 1589 Rea,

116 1603 381 1704 Hephaestione
408 1602 604 1676 Phoenices
640 1627 741 1674 oram
769 1604 882 1675 classe
908 1606 1136 1700 praetervehi
1161 1606 1275 1697 iusso,
1311 1608 1359 1681 ad

115 1718 216 1791 ubam
246 1713 406 1790 Gazam
433 1737 513 1786 cum
539 1713 705 1786 omnibus
733 1715 843 1811 copiis
871 1715 980 1787 venit.

93 1854 101 1899 1
189 1827 341 1903 lisdem
370 1826 451 1897 fere
476 1825 599 1897 diebus
626 1826 798 1898 sollemne
825 1835 904 1898 erat
928 1825 1104 1897 ludicrum
1118 1824 1359 1918 Isthmiorum,

112 1941 185 2036 qnod
221 1946 431 2012 conventu
461 1937 570 2008 totius
597 1934 769 2010 Graeciae
801 1936 1013 2009 celebratur.
1071 1935 1114 2006 ln
1140 1961 1183 2008 6ο
1210 1939 1359 2012 concilio

111 2049 226 2141 Graeci,
257 2059 306 2121 ut
337 2056 434 2118 sunt
459 2047 673 2145 temporaria
699 2046 852 2144 ingenia,
866 2046 1073 2136 decernunt,
1093 2058 1134 2118 ut
1160 2047 1362 2143 quindecim

109 2163 306 2262 legarentur
343 2157 400 2230 ad
432 2182 567 2254 regem,
603 2159 664 2254 qui
696 2158 743 2230 ob
777 2183 835 2230 res
871 2183 937 2254 pro
970 2158 1086 2231 salute
1117 2183 1159 2230 ac
1193 2159 1360 2234 libertate

109 2339 392 2468 staretur
406 2339 720 2461 1111111111
754 2339 1357 2480 611616161161111·

110 2493 206 2538 nonstra
224 2483 339 2536 dudum
360 2476 477 2546 explosa
497 2476 525 2528 in
547 2477 720 2547 appendicem
754 2478 836 2598 hpbet
854 2479 887 2529 de
904 2477 968 2530 meis
985 2477 1059 2530 libris
1076 2497 1143 2531 unus
1160 2479 1241 2532 Bern.
1254 2482 1288 2533 A.
1313 2451 1357 2535 ci

111 2552 174 2607 161661.
754 2563 771 2598 6
806 2563 829 2599 6.
848 2552 889 2599 26.

132 2623 233 2690 imperio
258 2635 313 2672 suo
342 2615 510 2683 destinasse]
546 2612 632 2666 Miror
648 2612 720 2665 unde
789 2617 812 2682 5.
838 2620 878 2666 11.
925 2615 1025 2667 Graeci
1055 2624 1084 2667 ut
1110 2625 1171 2669 suut
1196 2620 1358 2685 temporaria

114 2687 133 2741 in
144 2689 278 2759 principes
298 2682 446 2738 editiones
462 2681 563 2734 venerit
572 2699 628 2747 suo,
647 2681 720 2752 quod
754 2683 873 2802 inperia}
911 2681 955 2735 Sic
980 2682 1059 2752 plane
1081 2683 1166 2736 Modii
1191 2686 1359 2739 membranae

112 2758 169 2810 abest
195 2775 211 2810 a
236 2748 456 2820 Snakenburgii
487 2751 576 2817 codd,
605 2758 720 2820 utroque
755 2759 783 2805 et
805 2749 854 2803 Lci
874 2790 880 2802 .
903 2751 980 2804 Voss.
1005 2758 1017 2803 1
1046 2751 1126 2804 Bern.
1150 2751 1176 2803 A
1203 2753 1274 2806 Flor.
1295 2754 1357 2821 AB,

112 2824 173 2879 Bam.
189 2833 217 2879 61
234 2818 417 2878 Florentinis
436 2826 542 2887 praeter
559 2818 608 2871 AB
635 2817 719 2871 omni·
754 2820 826 2891 quod
846 2836 893 2871 cur
910 2818 1001 2873 Modio
1019 2819 1104 2871 minus
1121 2821 1263 2890 probatum
1280 2821 1361 2874 1116111

113 2893 155 2947 bu.
185 2895 249 2948 Non
268 2903 452 2961 magnopere
470 2886 653 2953 desiderarem,
672 2886 721 2939 sed
754 2907 808 2942 non
826 2886 955 2966 intelligo,
973 2904 1037 2939 nam
1049 2887 1104 2939 sive
1117 2888 1361 2942 eorumsubintelli-

115 2959 242 3016 Florentini
256 2957 364 3031 optimi
380 2954 450 3010 satis
465 2955 555 3026 opinor
563 2956 719 3008 tuebuntur.
754 2974 816 3025 gas,
840 2955 894 3007 sive
920 2974 948 3007 m
973 2954 1124 3007 universum
1146 2955 1247 3008 dictum
1269 2956 1361 3010 existi·

142 3030 305 3099 166115.
329 3034 356 3081 9.
398 3027 466 3078 haec
483 3026 589 3077 inuicem
607 3026 721 3093 6611666-
755 3041 811 3076 mes
829 3025 862 3075 de
886 3023 1020 3076 hominum
1041 3022 1120 3075 variis
1140 3023 1269 3092 ingeniis,
1294 3023 1361 3076 nihil

122 3099 180 3167 rant]
210 3098 254 3152 Sic
274 3112 378 3152 omnes
405 3091 471 3145 libri
493 3100 608 3159 veteres,
638 3091 721 3160 vulgo
755 3092 826 3145 inest
852 3090 963 3144 difficile.
1005 3091 1084 3153 Quod
1110 3090 1190 3160 vulgo
1218 3090 1306 3145 editur
1332 3101 1361 3146 at

126 3164 216 3218 invicem
231 3169 291 3220 1666
309 3163 418 3220 ordine
436 3168 546 3216 mutato.
755 3170 818 3214 suut
830 3160 992 3213 Graecorum
1011 3157 1038 3210 in
1055 3158 1128 3211 nullo
1146 3158 1235 3212 codice
1252 3158 1360 3228 legitur,

148 3235 204 3286 bello
235 3238 303 3316 quad
344 3239 492 3300 supererat
533 3231 707 3299 interfuturus
755 3248 818 3282 nam
834 3227 905 3282 Flor.
915 3228 968 3280 ΕΗ
985 3227 1098 3279 Bern.B
1118 3237 1146 3280 ut
1164 3238 1225 3281 suat
1237 3228 1361 3296 Graecis,

123 3298 202 3356 Onnes
226 3303 288 3358 libri
307 3309 434 3358 ,veteres
461 3305 489 3350 et
515 3298 576 3352 olim
599 3296 664 3349 aditi
688 3314 705 3348 a
758 3297 826 3351 Cut
843 3307 905 3350 suut
918 3297 1024 3361 Graeci,
1042 3295 1134 3348 DFGI
1150 3303 1239 3348 autem
1256 3303 1288 3348 ut
1305 3295 1361 3349 edi·

120 3370 152 3422 illa
174 3375 240 3441 quod
259 3377 416 3440 supererat
447 3367 496 3418 iter
507 3370 648 3436 facturus,
676 3372 723 3417 aut
758 3367 851 3419 dimus.
883 3365 937 3418 Sed
954 3364 982 3417 hi
1000 3381 1089 3417 omnes
1107 3372 1135 3418 et
1152 3363 1280 3418 editiones
1297 3373 1361 3419 ante

118 3439 152 3490 iter
182 3444 274 3495 taurus
294 3439 376 3493 Flor.
400 3433 482 3499 DFI,
506 3434 579 3505 peius
592 3436 722 3503 facturus
758 3434 878 3488 Modium
896 3452 945 3503 pro
963 3433 1362 3504 temporariaaxhibenttempo·

117 3506 152 3558 iter
162 3447 233 3563 l'lor.
252 3508 337 3563 CFH
356 3506 448 3558 Bern.
466 3502 498 3555 B.
532 3501 609 3555 Felix
632 3519 724 3570 quam-
759 3505 845 3570 ralia,
871 3519 962 3556 vocem
985 3520 1038 3554 non
1055 3501 1132 3555 huius
1150 3501 1361 3571 significationis:

117 3592 177 3642 quam
206 3596 263 3631 non
301 3571 428 3628 difficilis
461 3570 616 3626 emendatio:
639 3568 725 3622 Medii
759 3573 943 3641 temporarium
965 3570 1036 3623 enim
1053 3579 1094 3624 est
1112 3571 1146 3623 ad
1163 3579 1267 3642 tempus
1285 3589 1361 3626 acco·

116 3644 164 3697 letto
180 3649 379 3713 interfuturus,
401 3656 466 3692 nam
484 3638 651 3692 colonienses
669 3637 724 3690 eius
758 3641 902 3706 modatum,
930 3642 1069 3708 tenporale
1095 3640 1165 3709 quod
1182 3657 1230 3710 per
1255 3639 1363 3710 aliquod

115 3716 267 3768 membranae
286 3712 507 3782 interfuturum,
526 3705 724 3776 Sigebergensis
759 3707 885 3778 temporis
903 3707 1019 3778 spatium
1036 3708 1122 3760 durat.
1156 3764 1160 3771 ,

116 3782 209 3848 optimus
227 3783 303 3835 liber
322 3777 503 3845 interfuturis
516 3775 724 3854 dicunturprae-
793 3788 821 3829 ut
839 3777 986 3845 quindecim
1003 3777 1179 3896 lepareuturpd
1189 3775 1244 3830 Vul
1263 3794 1279 3829 ο
1297 3779 1361 3829 duo·

116 3847 205 3916 stitisse,
227 3851 333 3921 quibus
359 3842 523 3899 lectionibus
545 3851 605 3897 tuta
630 3860 674 3895 vra
691 3843 724 3894 ad
759 3846 854 3911 decim,
878 3845 925 3896 sed
965 3844 1017 3897 uod
1040 3862 1087 3897 nos
1104 3861 1138 3896 ex
1180 3843 1230 3896 eid.
1275 3851 1359 3895 osal

115 3917 197 3990 reliqua
213 3917 445 3973 monstrabatur.
757 3913 829 3966 Flor.
851 3862 969 3965 ADFGl
995 3911 1123 3964 edidimus
1153 3911 1276 3964 Curtium
1302 3927 1362 3962 cum

140 3989 158 4053 t.
179 3996 218 4042 10.
256 3985 420 4040 Phoenices
445 3981 528 4049 oram]
573 3977 723 4031 Ridiculum
758 3981 876 4035 Diodoro
892 3995 965 4047 xvn,
983 3986 1017 4032 48
1035 3978 1192 4032 conciliabit.
1221 3978 1362 4045 Agebatur

131 4057 172 4108 uod
188 4055 364 4111 recentiores
385 4046 504 4101 editores
521 4056 639 4100 veterem
651 4063 724 4098 men·
757 4049 824 4101 illud
840 4049 937 4101 festum
954 4055 1055 4102 aestate
1073 4065 1096 4098 a.
1115 4053 1163 4099 332
1183 4063 1199 4098 a
1217 4046 1290 4111 chr,
1308 4063 1362 4116 qua

118 4068 161 4176 dam
190 4121 332 4204 complexi
373 4122 444 4170 sunt
477 4116 628 4170 Phoenicis:
661 4113 724 4184 quid
759 4119 850 4170 eadem
876 4126 978 4170 aestate
1005 4113 1141 4185 Olympias
1170 4121 1217 4166 112
1245 4113 1361 4168 celebre·

118 4190 170 4244 enin
194 4202 299 4247 eertrus
328 4202 395 4241 esse
423 4190 513 4253 potest
534 4184 580 4236 illa
601 4185 725 4236 emenda·
759 4187 846 4240 hatur.

118 4255 174 4313 tione
186 4260 282 4314 Aldini
303 4251 447 4310 editoris?
465 4252 539 4305 Unus
552 4261 642 4305 tamen
651 4252 722 4307 Flor.
790 4273 841 4324 pro
860 4256 944 4306 salute
963 4270 994 4305 aa
1012 4253 1129 4303 libertate
1150 4249 1280 4302 Graeciae
1316 4249 1361 4303 Sic

121 4321 216 4397 unasi
234 4345 336 4381 verum
356 4319 537 4376 subodoratus
558 4321 724 4385 Phoenicius,
758 4323 840 4378 Bern.
858 4324 884 4376 A
911 4330 939 4373 61
956 4320 1027 4374 Flor.
1046 4315 1185 4371 ABEFGI
1209 4336 1268 4371 cum
1325 4317 1360 4370 id.

123 4406 172 4459 quae
186 4400 272 4452 forma
302 4388 430 4446 nominis
448 4397 605 4457 postremam
621 4387 723 4441 Latini·
759 4390 1019 4462 Voss.1,rulg0pro
1037 4389 1121 4439 salute
1134 4386 1183 4438 Gr.
1192 4403 1224 4439 oc
1234 4387 1360 4440 libertate.
