2926 5174
438 317 487 367 na
514 316 641 369 ossms
668 316 777 367 Anax.
804 315 854 383 vr,
880 309 905 359 t.
1217 292 1289 363 233

60 501 155 598 cepit
172 500 208 572 in
226 501 408 575 cohortem
427 503 631 593 amicorum,
659 501 756 575 omni
775 507 940 574 vetustae
963 496 1133 570 claritatis
1155 496 1291 571 honore

59 622 236 705 servato„
931 618 935 635 '

25 744 44 790 12
161 721 528 799 HinoiuParthienen
554 736 768 824 perventum
794 733 859 814 est,
878 733 964 794 tunc
990 719 1184 818 ignobilem
1209 745 1292 818 gen·
1321 721 1341 794 6

59 844 146 925 tem,
181 861 274 909 nunc
308 846 416 933 caput
448 838 621 927 omnium,
657 837 717 935 qui
750 846 834 934 post
859 833 1069 932 Euphraten
1096 841 1133 905 et
1159 830 1293 929 Tigrim

27 968 179 1020 tamnes
204 947 272 1038 siti,
297 948 407 1021 rubro
433 949 523 1022 mari
549 950 795 1022 terminantur.
836 944 992 1046 Scythae
1006 945 1188 1044 regionem
1201 969 1293 1017 cam·

60 1071 211 1155 pestrem
242 1085 283 1132 ac
317 1060 469 1134 fertilem
505 1071 786 1159 occupaverunt,
821 1084 950 1157 graves
991 1055 1109 1129 adhuc
1141 1057 1291 1129 accolae.

63 1168 167 1244 Sedes
192 1172 326 1245 habent
355 1183 391 1246 et
417 1174 454 1245 in
480 1172 641 1271 Europa,
669 1184 706 1247 et
730 1173 768 1244 in
793 1170 900 1244 Asia:
938 1168 998 1266 qui
1024 1192 1132 1264 super
1158 1167 1292 1266 Bospo-

64 1307 134 1354 rum
160 1284 295 1374 colunt,
328 1283 579 1358 adscribuntur
604 1285 712 1358 Asiae
719 1313 728 1375 ;
764 1293 802 1357 at
829 1282 889 1381 qui
914 1281 951 1353 in
976 1278 1123 1376 Europa
1149 1290 1243 1371 sunt,
1269 1306 1292 1354 a

65 1393 157 1467 laevo
183 1394 354 1470 Thraciae
389 1397 500 1470 latere
527 1395 573 1469 ad
599 1395 877 1496 Borysthenem,
910 1403 1017 1489 atque
1043 1388 1126 1463 inde
1153 1390 1200 1464 ad
1226 1390 1291 1466 Ta·

36 1522 56 1568 11
68 1506 157 1596 naim,
183 1507 293 1580 alium
319 1533 468 1598 amnem,
494 1519 593 1581 recta
618 1509 725 1606 plaga
750 1507 912 1580 attinent
953 1503 1082 1595 Tanais
1109 1503 1291 1602 Europam

71 1627 99 1688 et
118 1617 239 1691 Asiam
271 1618 408 1692 medius
434 1619 615 1693 interfluit.
667 1617 742 1692 Nec
775 1616 976 1708 dubitatur,
1012 1617 1098 1714 quin
1125 1613 1290 1716 Scythae,

73 1730 118 1824 qui
141 1728 293 1804 Parthos
320 1731 520 1822 condidere,
547 1756 620 1803 non
646 1756 668 1803 a
693 1730 866 1828 Bospor0,
893 1727 958 1803 sed
984 1754 1031 1802 ex
1043 1727 1210 1826 Europae
1236 1754 1289 1802 re-

73 1842 158 1938 g'one
181 1844 458 1941 penetraverint.

36 1967 61 2014 1⁵
154 1953 249 2027 Urbs
278 1964 355 2028 erat
380 1980 423 2028 ea
448 1965 662 2054 tempestate
675 1957 792 2028 ‘clara
816 1953 1112 2052 Hecatompylos,
1146 1951 1290 2026 condita

74 2062 259 2142 aGraecis:
284 2069 333 2141 ibi
360 2068 493 2142 stativa
518 2094 593 2146 rex,
609 2068 744 2158 habuit,
772 2067 1027 2141 commeatibus
1054 2064 1211 2163 undiquc
1229 2063 1289 2139 ad·

74 2181 172 2253 vectis.
234 2179 360 2279 Itaque
394 2207 531 2273 rumor,
566 2180 672 2254 otiosi
705 2180 825 2253 militis
857 2179 999 2270 vitium,
1035 2178 1110 2252 sine
1144 2188 1290 2253 auctore

99 2379 150 2453 Cap.
168 2391 197 2451 t,
217 2387 240 2452 5.
261 2389 300 2436 12.
335 2385 363 2436 iu
386 2383 558 2455 Parthienen]
593 2383 653 2437 Pri·
688 2382 849 2438 Graecomm
865 2383 1010 2438 auotoritas
1033 2380 1197 2436 librariorum
1214 2381 1288 2436 Lati·

73 2463 115 2500 mae
132 2450 309 2506 declinationis
337 2450 551 2506 terminationem
573 2452 651 2506 codd.
686 2471 780 2506 norum
804 2452 969 2523 ignorantiae
986 2450 1158 2523 praeferenda
1175 2450 1288 2504 videtur.

73 2512 125 2573 Flor.
148 2519 265 2575 DEFHI
290 2521 404 2588 habent,
432 2524 514 2574 ceteri
531 2521 653 2575 Parthie·
721 2540 738 2575 u
756 2524 828 2575 laeuo
849 2523 979 2576 Thraciae
996 2523 1089 2600 latere]
1117 2519 1233 2573 Laevum
1251 2520 1288 2573 la·

73 2600 124 2664 1131,
144 2592 189 2643 sed
207 2606 250 2643 res
267 2607 320 2642 non
337 2596 377 2642 est
395 2589 489 2657 dubia,
508 2607 589 2660 quum
606 2608 653 2644 no·
686 2597 730 2643 tus
747 2590 811 2644 dicit
827 2592 861 2643 ad
878 2595 985 2657 Istrum,
1003 2608 1053 2645 nec
1071 2589 1288 2660 1mnrerito<quasi

72 2658 186 2712 musivus
205 2657 240 2712 sit
256 2658 404 2711 Parthicae.
438 2658 504 2711 Mox
530 2659 574 2711 Eu
592 2661 652 2712 tro·
688 2658 802 2713 Thracia
819 2659 877 2730 ipsa
896 2658 1010 2713 Pontum
1028 2665 1136 2730 spectet

72 2729 101 2774 terr
120 2725 196 2781 Bern.
222 2729 248 2779 A
273 2726 345 2779 Flor.
366 2724 477 2794 ADFG,
496 2729 542 2780 sed
580 2729 652 2796 ipriu
721 2731 744 2796 ξ.
765 2736 805 2782 14.
840 2747 892 2782 uou
910 2747 927 2780 a
945 2729 1026 2809 Bosp.
1044 2730 1093 2782 sed
1114 2746 1145 2781 ea
1163 2730 1288 2798 Europae

69 2805 105 2857 pro
122 2811 150 2849 eo
172 2797 245 2867 quod
266 2803 306 2848 est
326 2796 428 2864 Tiprim
446 2814 513 2848 unus
532 2796 602 2850 Flor.
620 2801 649 2848 F.
685 2799 798 2866 regione]
844 2799 883 2850 At
913 2796 963 2850 hoc
994 2816 1080 2868 ipsum
1110 2796 1183 2849 nullo
1209 2798 1287 2851 modo

93 2865 112 2926 5.
128 2872 167 2918 13.
192 2865 304 2933 Scythae
321 2896 355 2904 -
373 2875 574 2932 occupauerunt,
593 2865 610 2918 i.
628 2882 650 2917 e.
686 2865 811 2919 credibile
838 2873 896 2931 est,
921 2874 1008 2918 ortum
1030 2874 1120 2919 autem
1145 2872 1238 2918 estex
1255 2881 1287 2920 eo

67 2924 143 2985 Parthi
166 2932 214 3003 qui
238 2949 307 2986 nuno
323 2949 382 2985 eam
405 2942 504 2986 terram
521 2932 650 3000 incolunt,
687 2935 758 3003 quod
790 2933 903 3004 Scythas
938 2933 991 2987 sive
1026 2934 1140 2987 Parthos
1175 2933 1287 2986 Tanaim

66 2993 155 3068 Scythia
178 3000 284 3054 oriundi
307 3008 369 3054 sunt
392 3009 420 3055 et
437 3000 553 3054 eiusdem
570 3019 651 3072 gene·
685 3016 861 3072 transgressos
887 3002 915 3054 in
940 3003 1006 3054 haec
1033 3002 1091 3056 loca
1107 3001 1209 3055 venisse
1225 3021 1287 3057 con-

64 3064 96 3121 tis.
127 3070 168 3124 cf.
188 3075 386 3139 supra1v,45,
406 3078 445 3122 ll.
686 3070 764 3135 stitit,
783 3070 904 3123 nimirunl
922 3087 981 3123 eum
1000 3071 1112 3123 Tanaim
1130 3087 1209 3141 quem
1224 3071 1287 3124 Ale-

59 3138 653 3276 ..11111111111111111,1111
686 3138 1051 3262 11”1111οω11“1φέ1111
1052 3139 1244 3262 {TE-idi*
1242 3159 1286 3261 ti·

504 3247 510 3270 1
821 3248 828 3274 i

58 3270 181 3328 Euxinum
201 3291 261 3326 cum
298 3275 375 3327 alude
392 3275 527 3328 Maeotide
544 3275 652 3328 coniun·
686 3284 719 3331 30
738 3276 853 3329 convicti
872 3277 951 3330 etiam
961 3277 1069 3331 Curtius
1083 3286 1173 3331 noster
1183 3249 1287 3331 Gnaei

56 3342 93 3410 git.
109 3345 148 3397 Et
167 3360 250 3412 saper
286 3343 339 3408 cit,
359 3345 430 3414 quod
447 3352 520 3396 terra
530 3344 651 3398 adiacens
685 3352 793 3400 auctore
810 3364 857 3399 suo
874 3347 1001 3417 deceptus
1017 3346 1152 3417 particeps
1170 3354 1228 3415 est,
1247 3346 1287 3400 nti
1312 3374 1316 3380 ·

54 3412 143 3483 surg‘t,
163 3428 235 3482 quae
269 3412 355 3482 ropria
372 3411 530 3482 significatio
548 3429 602 3465 sem
637 3434 650 3466 r
702 3422 759 3467 atet
784 3429 840 3481 vu,
868 3423 910 3469 29.
955 3415 1067 3469 Tanaim
1101 3424 1190 3468 autem
1226 3416 1288 3487 qnia

51 3479 97 3534 fere
113 3481 206 3535 locum
224 3430 320 3560 habet,
344 3479 394 3533 nisi
417 3481 463 3560 ubi
485 3430 648 3552 geograplia
683 3432 816 3552 Europam
834 3492 862 3536 et
875 3484 966 3537 Asiam
983 3483 1134 3538 interfluere
1152 3492 1180 3538 et
1197 3484 1287 3539 discn-

49 3565 100 3603 rnm
116 3566 196 3603 more
220 3564 353 3618 superiora
377 3548 564 3619 inteihgrmtur
581 3568 648 3620 quae
682 3551 783 3604 minare
800 3552 928 3620 sciebant,
947 3570 992 3607 eos
1011 3554 1055 3625 qui
1070 3553 1183 3606 Tanaim
1201 3562 1287 3608 trans-

48 3620 74 3672 ul
92 3615 291 3689 septentriones
303 3634 379 3671 versa
396 3626 465 3672 sunt.
484 3618 543 3672 Hoc
559 3628 648 3673 autem
682 3618 764 3673 issent
787 3637 821 3674 ex
844 3623 954 3692 Europa
978 3623 1080 3677 venisse
1103 3621 1286 3692 opinabantur.

44 3685 98 3742 loco
118 3696 226 3740 terram
242 3693 345 3739 constat
361 3686 475 3756 intelligi
484 3703 551 3757 quae
563 3687 650 3741 orien-
686 3687 811 3742 Ceterum
838 3708 869 3744 erc
890 3691 992 3760 Europ.
1010 3710 1064 3762 rep.
1091 3709 1181 3746 omnes
1203 3691 1287 3745 nostri

43 3762 91 3810 tem
116 3771 215 3808 versus
241 3761 282 3806 est
311 3771 327 3807 a
349 3754 484 3809 Maeotide
510 3763 538 3809 11
565 3755 650 3810 Tanai
685 3774 745 3809 cum
762 3758 838 3812 Voss.
860 3769 881 3812 l.
900 3767 924 3812 2.
957 3759 1046 3830 Vulgo
1064 3777 1094 3813 ea
1112 3777 1141 3812 re
1161 3800 1166 3812 .
1184 3762 1252 3814 Eur.

41 3823 111 3879 Euro
133 3840 196 3877 aeo.
233 3822 325 3888 Mure,
353 3825 424 3904 quod
450 3825 485 3877 ad
502 3825 649 3893 Bosporum
718 3828 741 3893 ς.
762 3832 802 3879 15.
821 3829 925 3882 corsditu
943 3845 960 3881 u
981 3829 1105 3899 Graecis]
1152 3844 1183 3879 ae
1201 3845 1287 3896 nugae

38 3891 61 3948 in
117 3893 146 3945 d.
166 3897 238 3944 vett.
261 3897 289 3944 et
322 3891 435 3962 lensque
453 3892 585 3946 codicibus
603 3895 649 3958 de·
683 3903 752 3948 sunt.
788 3896 860 3950 Urbs
887 3896 995 3967 antiqua
1026 3897 1079 3950 fuit
1105 3895 1285 3962 hauddubie,

36 3960 145 4018 terioris
164 3957 267 4013 ordinis
320 3959 412 4028 icitur,
427 3960 548 4015 aModio
581 3961 647 4016 rimo
684 3962 727 4015 cui
753 3981 850 4018 nomen
868 3964 999 4018 Graecum
1022 3962 1173 4036 imposuisse
1200 3966 1285 4018 fertur

35 4031 179 4086 sublatum
198 4033 242 4080 est
254 4028 410 4082 auctoritate
419 4023 558 4083 melibrum
580 4030 648 4084 'bro-
683 4031 807 4086 Seleucus
826 4033 939 4087 Nicator
961 4033 1053 4102 Syriae
1073 4049 1121 4086 rex
1143 4033 1212 4101 apud
1229 4034 1286 4104 Ap·

33 4116 117 4166 rum,
143 4095 241 4166 qualos
267 4103 327 4148 sunt
351 4097 431 4151 Bern.
456 4099 481 4151 Α
504 4097 575 4152 Flor.
597 4099 647 4152 AB
682 4100 788 4170 pianum
807 4101 919 4172 Syriacis
937 4119 994 4171 cap.
1014 4107 1055 4155 57.
1082 4100 1221 4165 Quaemnt
1238 4102 1285 4157 ho·

33 4169 96 4230 (uod
117 4167 173 4218 hac
192 4161 300 4234 quidem
316 4163 342 4217 in
358 4182 388 4218 re
405 4167 486 4220 etiam
495 4166 565 4220 Flor.
577 4167 647 4235 OD).
683 4168 776 4222 dicad
794 4170 950 4240 Damayhan
969 4170 1040 4241 quod
1057 4177 1106 4223 est.

32 4234 179 4290 Scribitur
197 4239 288 4284 autem
307 4231 333 4284 in
350 4235 469 4288 omnibus
486 4254 546 4288 mss.
565 4253 648 4305 quan·
717 4240 795 4292 otiosi
809 4241 901 4293 militis
911 4239 1013 4309 uitium]
1032 4239 1101 4290 Edd.
1119 4244 1184 4290 vett.
1204 4238 1284 4293 vind.

32 4311 97 4357 tum
116 4301 201 4354 video
219 4299 248 4351 in
264 4299 410 4357 melioribus
426 4306 470 4373 ph,
489 4303 517 4356 in
534 4305 648 4358 deterio-
682 4306 749 4360 Men.
778 4305 838 4362 Ald.
873 4307 985 4360 Iuniana
1019 4308 1116 4359 viritim
1148 4305 1284 4376 exhibent,

31 4374 114 4426 ribus
133 4370 170 4439 f,
199 4367 231 4420 in
253 4367 322 4422 nullo
343 4388 391 4426 nec
416 4371 444 4425 in
467 4372 547 4441 vulgo
570 4373 647 4426 editis
682 4375 789 4429 sustulit
814 4377 938 4429 mendum
960 4372 1158 4444 sigebergensis
1187 4376 1285 4431 codicis

32 4440 193 4510 Bosporus.
239 4434 336 4492 Verum
358 4441 407 4495 hac
432 4458 539 4512 quoque
566 4441 594 4495 in
619 4458 648 4496 re
682 4444 843 4499 auctoritate
859 4444 974 4499 Medius.
997 4445 1121 4515 Apparet
1138 4458 1172 4495 ex
1191 4444 1285 4516 quibus
