2926 5174
185 291 262 377 146
575 319 606 363 ³⁴.
644 305 711 368 n.
736 301 962 356 canineam

181 493 329 579 -secunda
363 507 465 567 cusu
492 515 559 592 per
592 489 746 564 ducentas
770 487 906 586 triqirua
936 509 1042 558 annos
1068 483 1116 558 ad
1139 508 1309 558 sumntum
1323 483 1413 583 sasti-

181 608 279 707 qiam
303 615 494 695 evexerant,
519 626 641 701 rnaqno
666 612 756 675 nuta
787 609 992 672 emanarat-
1011 595 1138 695 nequ,
1172 619 1277 693 quain
1302 594 1413 694 afflr‘qe-

184 729 277 808 rent,
308 715 583 814 admonerentque
607 736 669 786 nos
683 709 885 811 fraqilitatis
919 708 1100 798 humanae,
1134 705 1233 779 cuius
1258 703 1363 777 nirata
1385 704 1414 777 in

167 882 169 886 -
181 825 359 926 prospens
383 824 479 897 ndns
505 823 620 898 obliuio
646 834 701 896 est.
753 820 858 895 Mada
889 817 1028 895 &necis
1052 818 1137 890 ultro
1163 815 1285 890 ullum
1309 814 1447 916 insere-u

185 939 321 1011 tarnum
347 959 436 1008 nana
460 936 498 1008 in
522 933 655 1007 sedilias
680 931 801 1006 nostris
819 929 1063 1030 nequeamus
1075 927 1214 1002 illatum
1255 924 1414 1000 Iaamnrur

185 1049 325 1129 inuicem
358 1044 515 1121 uarietate
538 1047 709 1144 fortunae.
777 1040 938 1115 Videlicet
966 1039 1162 1139 imperium,
1198 1035 1281 1138 quia
1315 1049 1414 1110 mune

187 1161 389 1259 affectamus,
414 1180 484 1228 ana
506 1178 590 1253 qens
614 1178 682 1228 nan
707 1152 806 1251 capit.
1106 1224 1109 1231 ,

135 1270 193 1349 55,
290 1264 458 1359 Ceterum,
492 1265 622 1338 etiamn
655 1287 823 1362 spesina
847 1262 1002 1354 adesset,
1036 1262 1212 1336 necessitas
1238 1274 1348 1334 tanuen
1369 1257 1445 1332 sti-n

184 1379 314 1455 naun
348 1378 492 1452 ubera:
530 1374 578 1448 ad
607 1387 753 1453 eumenia
783 1387 980 1473 perventum
1013 1385 1067 1447 est.
1125 1373 1275 1446 Matrem
1309 1394 1411 1458 auant

185 1491 273 1573 duas
286 1478 401 1586 filias,
431 1484 558 1562 Ocnum
583 1485 621 1558 in
644 1510 738 1583 span
763 1485 862 1558 liuius
894 1485 1029 1583 imperii
1048 1484 1213 1584 qenituni,
1244 1481 1411 1580 prina‘pes,

181 1600 280 1673 uua
298 1599 444 1684 solioum
468 1598 580 1697 reqiae
604 1598 729 1696 stirpis,
756 1597 856 1670 duca
880 1610 1004 1671 assuas
1028 1621 1144 1695 requra
1169 1595 1288 1683 instar,
1305 1592 1411 1666 anas

185 1711 297 1793 haba:
331 1709 402 1782 nisi
425 1708 509 1808 quid
533 1707 570 1780 in
596 1707 698 1797 vain,
724 1705 796 1806 ipse
822 1732 880 1807 eqo
905 1709 1030 1780 narare
1055 1707 1121 1780 nui
1148 1717 1251 1804 parte
1277 1702 1411 1802 saptiam

184 1846 270 1894 suin.
322 1818 455 1917 napae
480 1817 608 1891 aisaem
632 1842 708 1890 ntea
732 1843 773 1890 en
798 1818 959 1892 niudis:
984 1816 1139 1891 restituite
1164 1815 1250 1889 milii
1272 1815 1410 1914 panarii,

182 2061 334 2132 ¹nisiaea
351 2078 400 2145 ni,
437 2076 465 2130 a
480 2077 510 2130 in
525 2076 600 2131 Leia.
617 2085 646 2130 a
663 2078 744 2130 ean.
761 2077 788 2130 A
822 2094 867 2130 aa
889 2078 980 2130 arena
1018 2075 1091 2140 suaet
1113 2081 1165 2130 uri
1189 2089 1222 2129 a
1245 2074 1298 2140 eun
1320 2074 1359 2141 n,
1380 2070 1410 2124 a

185 2155 226 2205 est
249 2155 278 2200 et
298 2147 326 2199 in
343 2146 415 2198 Flor.
462 2145 537 2198 eiiisii
553 2154 646 2198 extare
662 2146 788 2212 traditur,
823 2146 873 2199 hoc
888 2144 974 2197 minus
982 2116 1108 2197 lentinum
1124 2143 1240 2209 videtur,
1251 2142 1345 2196 nendo
1360 2139 1411 2219 quid

185 2216 232 2268 sed
255 2215 283 2267 iii
300 2213 365 2266 meis
381 2213 453 2267 Flor.
471 2232 527 2266 non
543 2213 678 2269 invenitur
694 2213 743 2267 nisi
760 2214 789 2266 in
823 2215 867 2280 sit,
886 2231 947 2266 nam
965 2211 1176 2266 Schmiederiana
1193 2210 1337 2281 explicatio
1353 2225 1411 2276 „niu

184 2283 223 2347 ΕΙ
240 2281 313 2335 libris
330 2300 385 2335 non
401 2300 418 2335 o
436 2281 515 2335 timis.
536 2282 588 2335 Illa
606 2283 712 2362 quidem
728 2300 789 2353 par·
824 2281 940 2403 quadiu
956 2281 1031 2334 vobis
1048 2281 1064 2333 i.
1074 2298 1097 2335 e.
1109 2280 1180 2334 inter
1196 2297 1245 2333 vos
1262 2283 1338 2333 sum“
1354 2275 1412 2331 haud

185 2351 267 2405 ticula
284 2349 352 2403 solet
369 2368 396 2402 m
431 2349 808 2421 umconiunctivumregere,
843 2350 903 2404 ubie
920 2352 954 2403 ab
971 2367 1021 2402 usu
1029 2349 1118 2402 Latini
1130 2347 1258 2402 sermonis
1275 2347 1359 2400 aliena
1372 2352 1412 2398 est.

186 2419 233 2472 sed
249 2417 406 2471 indicativus
430 2426 471 2472 est
487 2433 545 2486 vn,
569 2426 585 2471 t
599 2421 721 2489 forsitan
738 2438 790 2472 non
824 2421 891 2473 Nisi
917 2420 982 2489 quid
1009 2421 1037 2471 in
1063 2418 1134 2470 vobis
1159 2416 1350 2496 interpretare:
1373 2410 1412 2492 niti

180 2487 358 2557 periculosius
377 2496 415 2539 est
432 2497 516 2539 tecue
534 2504 612 2555 quam
635 2489 733 2554 dicae,
758 2504 790 2540 ae
825 2488 890 2558 quid
905 2486 1041 2552 momenti,
1059 2485 1162 2551 virium,
1181 2485 1284 2553 auxilii,
1304 2485 1331 2537 in
1351 2483 1412 2536 iobis

186 2556 306 2608 futurum
322 2569 375 2622 vn,
395 2561 426 2608 in
445 2556 555 2624 incipies
563 2557 687 2625 forsitan
705 2557 789 2609 iustus
824 2565 877 2623 est3
896 2564 977 2627 atque
994 2556 1044 2608 hoc
1060 2572 1114 2607 non
1131 2553 1264 2624 displicet.
1300 2550 1413 2622 Sequitur

186 2641 315 2676 asserere.
823 2627 922 2678 niaiore
947 2625 997 2676 inci
1018 2632 1111 2694 parte,
1147 2623 1219 2692 quod
1250 2621 1304 2674 iam
1328 2620 1412 2673 dudum

191 2762 194 2767 Ι
221 2696 246 2758 s.
264 2699 306 2744 21.
342 2692 405 2760 quia
423 2702 510 2746 mutuo
528 2693 694 2762 affectamus]
719 2692 788 2745 Cau·
824 2701 881 2746 erat
898 2692 1105 2758 restituendum,
1124 2707 1210 2761 nsque
1226 2689 1359 2760 intelligas
1377 2703 1414 2741 cur

186 2778 242 2814 sam
271 2759 350 2813 video
379 2759 479 2813 nullam
504 2778 552 2813 cur
577 2760 644 2813 hano
670 2761 790 2815 codicum
823 2760 954 2833 principes
972 2759 1086 2813 editores
1103 2775 1251 2829 pronomen
1267 2761 1333 2825 mei,
1355 2753 1414 2827 quod

186 2828 344 2899 scripturam
365 2836 468 2882 veteres
487 2829 600 2882 editores
618 2829 789 2882 deseruerint.
824 2838 852 2882 et
874 2829 988 2881 maxime
1010 2828 1135 2880 Latinum
1156 2835 1197 2880 est
1215 2835 1244 2879 et
1265 2828 1299 2880 ad
1323 2833 1414 2878 senten·

184 2897 256 2952 Nam
273 2898 342 2950 hanc
358 2896 441 2967 ipsam
458 2914 572 2965 eausam,
591 2913 638 2950 cur
652 2897 790 2968 imperium
824 2898 889 2952 tiam
906 2915 939 2950 ex
958 2898 1063 2950 lendum
1084 2895 1273 2959 necessarium,
1296 2892 1414 2957 eiecerint,

184 2966 256 3020 orbis
274 2973 405 3021 terrarum
422 2984 476 3020 non
490 2967 560 3047 apud
568 2967 679 3019 eandem
687 2983 742 3019 sem
776 2985 790 3019 r
825 2985 884 3021 cuni
900 2917 1018 3019 inlibris
1040 2965 1105 3018 meis
1127 2973 1200 3018 certe
1217 2963 1339 3017 omnibus
1354 2962 1414 3030 lege

184 3042 293 3105 gentem
310 3042 425 3102 maneat,
444 3035 575 3105 significat
591 3033 714 3105 quoniam
730 3053 790 3114 pu·
824 3043 876 3088 tur.
893 3034 952 3088 Lib.
967 3050 1008 3101 ir,
1028 3041 1059 3086 15
1078 3035 1103 3087 si
1120 3034 1286 3087 carissimum
1305 3033 1348 3084 sni
1358 3045 1414 3099 par·

183 3120 226 3157 res
244 3103 379 3157 affectant.
396 3103 495 3157 Editur
512 3112 602 3157 autem
619 3104 653 3155 ab
670 3105 790 3156 omnibus
825 3115 874 3156 teni
892 3113 966 3156 cntra
979 3104 1096 3171 periculi
1112 3111 1206 3155 sortem
1223 3102 1382 3154 habuissent.

183 3180 290 3243 praeter
298 3171 419 3224 Modium
436 3175 507 3240 quod
521 3181 609 3224 mutua
626 3174 788 3240 affectamus.
852 3189 905 3252 pro
927 3172 1020 3241 quibus
1043 3172 1096 3223 isi
1116 3172 1184 3223 mori
1207 3187 1259 3222 non
1284 3164 1414 3233 recusatis]

221 3239 287 3309 Cap.
306 3244 353 3305 55,
372 3242 395 3307 ξ.
413 3246 455 3292 22.
509 3241 637 3357 rincipes,
656 3242 728 3293 illarii
747 3258 789 3293 so·
823 3241 921 3293 Itidem
938 3240 975 3293 sic
992 3189 1069 3292 codd
1087 3255 1190 3299 omnes,
1215 3238 1261 3290 sed
1301 3253 1351 3289 uae
1367 3251 1414 3312 eor·

186 3308 267 3360 batem
284 3309 374 3375 rcqiae
391 3257 508 3386 stirpiss
531 3311 576 3359 Vu
585 3324 620 3375 go
637 3308 697 3360 illos
710 3311 790 3377 prin·
823 3308 926 3378 rigendi
937 3325 1015 3362 causa
1027 3306 1188 3378 principibus
1200 3306 1297 3359 editori
1318 3322 1348 3357 us
1363 3304 1413 3364 fuit,

186 3377 271 3443 cipes,
305 3374 358 3453 sed·
381 3374 499 3444 plerique
525 3391 615 3428 omnes
645 3374 706 3428 li'ori
728 3376 790 3429 msti
824 3378 915 3429 eadem
946 3376 1115 3446 insequentes
1148 3375 1263 3428 editores
1288 3367 1413 3444 impedivit

186 3457 334 3564 pronomen
350 3449 488 3510 ignorant,
505 3450 656 3496 nostrorum
672 3461 726 3496 non
743 3445 790 3497 ha·
824 3463 876 3516 quo
894 3444 979 3498 minus
996 3452 1131 3498 vetustum
1147 3443 1328 3496 restituerent.
1345 3437 1412 3492 vide

206 3509 308 3562 entiiisi
317 3508 388 3561 Flor.
397 3509 449 3562 ΕΗ
459 3509 539 3563 Bern.
549 3511 707 3580 B‚qenitum
712 3514 790 3581 prin-
824 3517 904 3567 batur
925 3513 995 3566 enim
1021 3531 1110 3566 sensus
1136 3511 1187 3565 loci
1213 3510 1348 3581 postulare
1367 3508 1412 3576 §att

186 3580 269 3647 capam
277 3574 375 3647 legitur
383 3576 411 3630 in
421 3577 491 3632 Flor.
504 3580 538 3632 B.
554 3580 692 3660 Apparere
701 3589 791 3634 autem
824 3601 876 3635 nan
893 3600 992 3634 recuso.
1013 3581 1076 3634 Non
1093 3597 1126 3633 ne
1145 3588 1174 3633 at
1191 3580 1240 3634 hoc
1252 3595 1280 3632 se
1293 3579 1411 3631 sommum

185 3653 253 3768 puto
268 3661 359 3715 regem
376 3646 462 3726 dicere
480 3647 513 3700 de
529 3647 695 3702 nobihssimis
715 3667 791 3720 prae·
825 3651 941 3717 Dareus,
967 3666 1052 3720 neque
1069 3649 1097 3702 in
1113 3598 1159 3701 illa
1176 3649 1284 3702 fortuna
1300 3647 1364 3700 adeo
1378 3646 1411 3693 eet

199 3722 264 3767 entis
285 3722 314 3767 et
339 3721 464 3785 satrapis,
491 3716 576 3770 veteri
601 3734 675 3770 more
701 3719 790 3788 regiae
824 3719 898 3789 regio
915 3719 1015 3785 animo,
1039 3724 1071 3770 ut
1091 3717 1148 3770 aliis
1164 3716 1258 3770 honori
1272 3721 1351 3786 putet
1365 3723 1409 3762 esan

184 3781 240 3863 lere
249 3781 339 3863 stirpis
356 3782 514 3852 hominibus,
528 3802 589 3839 suae
599 3803 705 3856 quoque
714 3787 789 3856 genti
823 3806 873 3858 pro
906 3787 987 3858 ipsius
1020 3785 1110 3839 liberis
1142 3792 1255 3838 mortem
1287 3788 1407 3853 oppetere

185 3869 335 3907 carissimis:
353 3868 397 3906 eos
409 3855 548 3923 prinames
565 3861 594 3907 et
603 3857 681 3908 duces
690 3866 787 3909 vestros
824 3874 904 3925 quam
929 3855 1087 3908 sententiam
1116 3854 1240 3906 videntur
1264 3851 1405 3923 interprete

88 3924 91 3931 '
185 3921 318 3991 appellat,
344 3919 429 3992 iisque
446 3921 568 4003 adiungit
585 3925 659 3976 illum
677 3925 788 3977 sobolem
821 3932 929 4005 putasse
945 3924 1003 3977 istis
1020 3922 1107 3976 verbis
1124 3922 1215 3975 inesse.
1241 3924 1339 3973 Verum
1354 3910 1403 3994 qud

184 3989 232 4042 rel.
271 3989 343 4042 Nam
367 3990 472 4044 Ochum
493 3994 598 4061 quidem
619 3991 702 4045 filium
724 3992 787 4046 satis
821 3993 932 4073 impedit
958 3991 1143 4062 interpretari:
1169 4008 1218 4061 pro
1244 3987 1335 4059 quibus
1353 3994 1400 4035 ie

185 4057 335 4137 descripsit,
368 4060 401 4111 ad
436 4058 546 4114 feminas
576 4067 666 4113 autem
691 4060 790 4114 reverti
825 4080 877 4115 suis
899 4061 1008 4141 quisque
1029 4076 1107 4114 nemo
1132 4067 1261 4122 vestrum,
1287 4053 1398 4118 sierepss
1449 4058 1455 4127 ff

185 4133 270 4180 oratio
286 4145 339 4180 non
357 4128 445 4183 debet.
825 4129 886 4196 sint,
904 4148 970 4183 mori
988 4130 1110 4182 moueat?
1143 4131 1238 4197 Itaque
1253 4123 1320 4178 idem
1333 4114 1397 4195 sefi-

220 4195 274 4247 nisi
291 4196 357 4264 quid
373 4199 402 4250 in
418 4199 503 4270 uobis]
526 4197 571 4253 Sic
584 4198 684 4252 habent
697 4198 791 4269 optimi
825 4207 929 4252 cturum
946 4197 1024 4263 dicit,
1042 4198 1088 4250 sed
1105 4195 1229 4249 auxilium
1245 4191 1394 4264 militumjms
1440 4198 1447 4253 j

184 4259 259 4341 Leid.
277 4263 358 4318 Bern.
379 4267 406 4318 A
422 4267 494 4321 Flor.
512 4267 562 4320 AB
585 4285 645 4320 cum
662 4266 725 4335 DG,
744 4269 790 4320 de·
824 4267 911 4338 plorat
928 4274 960 4319 ut
975 4265 1043 4332 regis
1061 4264 1202 4331 desiderio,
1242 4260 1291 4314 uod
1306 4257 1392 4310 ium*

185 4337 296 4409 terrores
317 4340 346 4384 et
366 4335 439 4405 vulg.
461 4335 524 4389 edit
542 4337 597 4388 nisi
614 4337 684 4403 quod
700 4338 729 4388 in
746 4353 789 4387 uo·
823 4354 895 4388 mum
912 4352 968 4389 esse
986 4352 1020 4387 ex
1033 4352 1113 4404 suoq
1133 4333 1139 4346 '
1170 4279 1391 4385 ueadaniudint

185 4398 225 4451 trs
244 4409 289 4452 est.
324 4400 385 4455 Hae
401 4402 564 4473 interpretor
585 4404 641 4456 nisi
661 4406 731 4472 qnod
752 4407 791 4458 ad
823 4404 929 4459 fortiter
945 4403 1088 4475 pugnando
1104 4421 1130 4456 m
1164 4406 1260 4454 eantur.
