2984 5176
341 334 345 338 ·
444 327 494 378 nu
522 325 648 380 ausms
674 326 784 380 Auux.
809 328 860 400 w,
888 325 930 376 sc.
1240 311 1312 383 145

56 512 177 609 upulm
202 522 317 610 torpet.
368 510 424 584 Hi
447 535 525 586 uero
556 512 671 612 campi
695 513 936 611 deprehendere
955 512 1174 611 paucitatem,
1209 472 1312 614 quam

59 620 209 701 Ciliciae
239 633 364 696 mame
394 622 642 697 absconderam.
710 622 840 698 Videtis
870 624 1004 698 ordime
1037 648 1150 715 rarae,
1186 648 1312 699 cornua

56 745 205 825 eaterita,
229 730 376 806 audeam
410 733 516 808 aorem
541 759 683 826 uanam,
718 735 930 808 ealamtam:
964 760 1046 808 mam
1070 733 1195 827 ultimi,
1230 761 1312 836 quos

57 844 186 920 locauit
209 866 352 935 aversos,
378 855 470 945 torpa
496 845 566 918 eam
585 845 754 942 praebeat.
811 841 922 918 Obteri
946 845 1126 918 murale
1152 870 1314 946 equorum

10 976 41 1025 is
58 955 204 1056 respuite
221 967 374 1054 possum,
399 955 531 1030 mimmii
554 955 606 1028 mil
621 968 761 1055 praeter
774 955 922 1056 falcatos
947 981 1067 1029 currus
1092 958 1240 1030 emisero.
1266 954 1314 1029 Et

59 1066 146 1142 bello
180 1065 378 1157 ebremud
412 1066 445 1138 si
477 1066 619 1141 ricimere
645 1066 794 1164 proelio:
829 1093 910 1140 uum
944 1093 985 1141 m
1010 1068 1077 1141 iliis
1104 1067 1238 1166 quidem
1264 1067 1313 1140 ad

50 1181 185 1281 fiepam
211 1176 301 1249 bau
326 1188 393 1250 eet:
428 1176 504 1250 lim
528 1173 736 1276 llepbrates,
771 1177 863 1250 illiue
893 1177 1008 1276 Tipris
1032 1178 1185 1275 probibet
1208 1177 1311 1252 inclu-

10 1306 46 1356 ιο
65 1314 135 1363 aas.
185 1286 235 1363 u
259 1311 344 1386 quae
369 1299 467 1360 autea
485 1312 555 1386 pro
580 1288 646 1362 illis
672 1300 780 1379 eram,
806 1289 844 1361 ire
869 1288 1072 1362 cambarium
1102 1311 1200 1361 uersa
1224 1301 1310 1362 suat.

68 1397 233 1475 Nouum
266 1398 383 1472 mobile
408 1411 439 1472 et
462 1399 651 1497 eapeditum
682 1423 802 1498 apmem
827 1411 890 1491 eet,
925 1398 1012 1472 illud
1036 1399 1172 1497 praeda
1194 1423 1310 1499 pram.

69 1507 260 1606 Implentur
294 1532 372 1607 erpo
405 1509 522 1606 spoliis
556 1510 678 1583 nosris
704 1507 960 1601 tmcidabimue,
998 1509 1177 1609 caderetque
1201 1534 1256 1583 res
1282 1522 1313 1583 et

15 1640 174 1695 recasura
207 1619 270 1695 erit
302 1620 457 1693 m'etoriae
492 1623 692 1722 refluum.
749 1617 881 1703 Qumdsi
913 1620 1169 1720 pmmeuolis
1194 1645 1314 1696 moenem

60 1729 174 1831 peremis
199 1743 314 1823 movet,
341 1731 463 1830 copitet,
488 1731 713 1805 Macedonum
739 1731 807 1805 illic
832 1758 931 1805 arura
956 1757 1040 1823 esse,
1066 1756 1136 1806 uon
1160 1758 1311 1832 corpora.

64 1841 219 1917 Mamm
243 1842 333 1915 euim
357 1842 555 1940 sanquinem
580 1841 720 1915 invicem
751 1843 938 1933 hausimus,
965 1855 995 1914 et
1019 1866 1149 1940 semper
1171 1844 1312 1940 pravior

13 1971 48 2021 ιε
64 1954 104 2027 im
121 1953 297 2051 paucitate
321 1951 451 2025 iactura
477 1965 532 2024 est.
577 1950 676 2025 Nam
691 1953 894 2043 Aleuauder,
921 1965 1192 2051 qecautuscuuque
1218 1953 1313 2050 iprum

63 2064 119 2139 rtis
144 2076 177 2137 el
201 2062 329 2137 timidis
353 2062 462 2136 uideri
480 2074 607 2160 potest,
633 2087 738 2136 uuum
764 2063 894 2136 abimeel
916 2076 978 2154 est,
1012 2076 1043 2134 et
1066 2062 1099 2136 sl
1124 2062 1207 2160 quid
1231 2061 1316 2136 meli

64 2173 211 2265 creditis,
236 2172 449 2245 temerarium
474 2186 505 2245 et
528 2196 658 2264 uecors,
684 2173 794 2247 adbuc
818 2185 928 2247 metro
948 2197 1094 2272 pauore,
1120 2198 1222 2271 quom
1248 2197 1313 2247 sua

16 2304 49 2354 ιο
64 2285 187 2361 vitute
210 2282 359 2386 felicius.
410 2282 513 2358 Nileil
546 2296 655 2358 auum
682 2297 886 2383 potestesse
912 2284 1126 2375 diuturnum,
1166 2284 1224 2357 cui
1246 2309 1313 2359 uon

65 2394 177 2471 melem
200 2393 299 2469 ratio.
348 2394 444 2470 Luc
458 2394 606 2496 felicitas
639 2397 793 2494 aspirare
827 2396 995 2486 uideatur,
1030 2407 1139 2468 tameu
1165 2396 1213 2469 ad
1237 2396 1311 2471 ulti·

65 2530 161 2579 mum
185 2504 361 2580 temeritati
383 2529 451 2579 mou
476 2506 608 2608 sufficit.
660 2506 839 2580 Praeterea
870 2507 982 2580 breues
1007 2519 1037 2579 et
1067 2507 1238 2581 mutabiles
1265 2507 1312 2582 ui·

19 2632 52 2683 m
67 2641 120 2690 ces
144 2641 261 2690 rerum
286 2630 373 2708 suut,
398 2630 430 2689 et
443 2619 588 2717 fortuna
613 2642 787 2715 numquam
811 2617 1005 2714 simpliciter
1030 2618 1187 2717 iudulpet.
1228 2618 1312 2693 For·

65 2727 155 2803 sima
181 2726 229 2801 ito
255 2726 308 2801 dii
320 2729 402 2829 fota
428 2727 682 2818 ordinaverunt,
718 2739 755 2799 ut
778 2727 964 2803 Persarum
990 2727 1186 2825 imperium,
1223 2730 1314 2826 quod

99 2928 124 2994 ξ.
143 2931 187 2979 14.
222 2927 335 2980 mediam
353 2929 436 2980 aciem
452 2945 556 2993 uanam,
575 2929 672 2980 erbau·
707 2925 800 2997 optimi
826 2943 857 2979 sc
885 2925 997 2996 plurimi¹
1017 2924 1086 2979 libri.
1130 2926 1192 2990 Quo
1219 2925 1313 2980 ordine

65 2996 145 3062 stum]
180 2992 273 3064 Vulgo
291 3005 315 3048 et
331 2998 499 3061 exhaustam·
520 2996 567 3048 sed
584 3003 672 3048 orato·
707 2995 788 3046 verba
805 2993 885 3062 vulgo
903 2995 987 3046 edunt
1000 2996 1125 3047 uictoriae
1138 2997 1187 3046 erit
1201 2992 1227 3046 in
1238 2993 1312 3048 nullo

65 3080 125 3116 rum
142 3070 186 3115 est
203 3063 257 3116 duo
274 3063 404 3116 udiectiva
421 3063 477 3116 sine
490 3064 673 3117 coniunctione
707 3063 779 3117 Flor.
804 3062 942 3131 leguntur,
975 3063 1022 3113 sed
1047 3061 1092 3131 qui
1114 3061 1176 3113 libri
1197 3080 1251 3115 non
1272 3062 1312 3116 sin

64 3146 175 3203 ponere,
195 3130 227 3184 el.
246 3131 302 3185 cie.
319 3131 348 3184 in
365 3132 442 3185 Vem.
456 3147 488 3199 11,
508 3139 522 3186 6
542 3133 673 3185 cimelio·
707 3132 808 3183 habent
826 3130 1046 3200 quemadmodum
1063 3147 1111 3182 nos
1128 3128 1274 3194 edidimus,
1292 3129 1312 3184 ii

64 3216 159 3253 manos
177 3216 210 3252 eu
233 3200 328 3253 Sicilia
343 3203 494 3269 plurimos,
521 3202 673 3254 honestissi-
727 3215 815 3252 rorsus
846 3197 975 3251 omittunt
1004 3198 1115 3250 verbum
1148 3197 1232 3266 (Flor.
1259 3196 1312 3253 CH

64 3284 137 3334 moe,
165 3274 196 3320 et
212 3268 270 3321 eod.
287 3267 357 3321 libro
376 3275 406 3322 61
435 3278 554 3322 aratores
572 3269 674 3321 inimici
707 3218 787 3320 geru.
806 3266 858 3337 B),
882 3283 949 3319 unus
973 3265 1046 3320 Flor.
1069 3265 1136 3320 Get
1153 3284 1235 3320 causa
1252 3268 1312 3322 vict.

60 3354 168 3402 mma,
196 3338 347 3390 aduersarii
374 3346 443 3390 suat.
482 3341 578 3407 Itaque
606 3338 632 3390 h.
655 3337 672 3390 l.
708 3346 731 3389 et
739 3339 850 3407 fructus
868 3336 925 3388 erit.

63 3404 129 3458 edit.
146 3403 304 3458 Medianum
321 3412 350 3458 et
367 3405 448 3458 libros
464 3413 547 3458 mstos
565 3406 670 3459 Vossl
742 3408 765 3472 §.
786 3412 826 3456 17.
860 3406 967 3456 multum
986 3404 1054 3455 euim
1071 3405 1248 3527 sanquinemg
1267 3402 1312 3459 Sic

62 3472 146 3527 Bern.
165 3474 194 3525 A
209 3472 281 3527 Flor.
293 3473 344 3538 AB
362 3473 428 3526 alios
446 3491 499 3527 non
516 3492 615 3543 paucos
632 3489 672 3526 se·
707 3489 796 3526 omnes
823 3471 882 3524 libri
911 3480 939 3525 et
967 3470 1051 3526 nostri
1078 3480 1106 3524 et
1133 3490 1201 3542 quos
1229 3472 1313 3527 inak.

62 3548 144 3596 nulus
162 3558 231 3594 sum.
707 3541 820 3594 contulit
837 3540 974 3610 Modiique
992 3539 1081 3593 editio.
1118 3541 1190 3605 Quid
1211 3542 1312 3612 igitur?

97 3613 124 3679 ᾗ.
153 3616 196 3662 15.
236 3610 300 3662 bello
326 3611 481 3676 vicerimus,
514 3611 540 3661 si
563 3611 672 3662 uicimus
706 3610 879 3679 vulgatumne
892 3612 998 3662 multum
1008 3610 1149 3678 saupuiais
1158 3617 1312 3691 contempta
1422 3614 1424 3621 '

57 3678 180 3749 proelio]
225 3676 354 3731 Similiter
379 3677 470 3731 Livius
497 3677 542 3730 lib.
569 3693 614 3744 nu,
639 3683 671 3730 19
706 3678 833 3730 librorum
841 3677 998 3737 auctoritate
1006 3677 1184 3732 servabimus?
1201 3679 1312 3732 Minime

60 3764 117 3800 uno
139 3747 245 3816 proelio
266 3748 350 3799 uictus
376 3749 530 3800 Alexander
552 3747 616 3798 bello
634 3747 672 3798 ui-
707 3763 780 3799 vero.
815 3747 886 3798 Nam
909 3747 1026 3816 quamvis
1049 3746 1116 3798 illud
1138 3747 1244 3816 elegans
1266 3747 1311 3814 sit,

61 3824 123 3869 etue
154 3823 231 3867 esset.
275 3814 402 3868 Celerum
428 3817 538 3868 uiuimus
567 3830 673 3867 necesse
707 3833 760 3868 non
779 3815 893 3867 deterius
911 3823 1001 3868 tamen
1018 3817 1215 3868 hoo·n0strum.

61 3882 131 3950 fuit,
160 3882 233 3952 quod
254 3891 297 3936 est
316 3882 345 3936 in
361 3884 433 3937 Flor.
451 3884 514 3950 EF,
538 3883 620 3936 celeri
641 3890 673 3936 ut
743 3886 817 3951 §.ib
835 3886 873 3936 ita
893 3885 929 3935 dti
937 3886 1004 3953 fata
1022 3885 1219 3949 ordinaverunt]
1240 3881 1312 3934 Cave

61 3951 148 4020 vulgo
161 3952 299 4004 vincimus.
317 3951 359 4005 cf.
368 3970 478 4022 gramm.
487 3959 570 4004 nostr.
581 3954 603 4019 ἓ.
614 3957 673 4003 511.
708 3954 799 4006 medus
817 3953 891 4032 quod
903 3952 1010 4004 Modius
1028 3950 1112 4002 edidit
1130 3953 1235 4002 deorum
1243 3951 1311 4018 fata

98 4021 163 4072 linc
184 4020 336 4088 Euphrates
356 4023 431 4074 illinc
462 4022 565 4090 Tipris,
599 4018 673 4089 quasi
708 4037 742 4073 ex
770 4020 909 4074 codicibus
938 4020 1018 4090 ipsius
1052 4034 1123 4084 esse,
1155 4017 1215 4071 libri
1241 4016 1311 4070 enim

63 4086 137 4143 inter
154 4087 222 4141 duos
238 4104 328 4141 amnes
345 4105 451 4160 pugnae
468 4089 543 4142 loeus
556 4088 673 4141 delectus
707 4088 772 4141 nihil
789 4089 906 4156 variant,
925 4105 974 4141 nec
991 4094 1053 4140 sunt
1070 4087 1096 4139 h.
1114 4085 1131 4137 l.
1150 4102 1181 4138 ea
1198 4086 1254 4137 fatu
1270 4084 1311 4137 in-

63 4165 146 4223 esset,
167 4155 214 4226 qui
230 4163 289 4208 erut
305 4164 379 4210 trans
398 4157 511 4228 Tigrim.
707 4159 866 4227 belligenda,
894 4156 989 4228 quibus
1011 4156 1081 4225 ipsos
1099 4154 1162 4206 deos
1179 4153 1310 4207 subiectos

99 4227 124 4293 ξ.
144 4231 186 4278 16.
210 4225 240 4277 in
257 4228 417 4279 omtrarium
434 4244 510 4279 uersa
528 4229 599 4293 suut]
627 4224 673 4278 Sic
707 4243 763 4279 esse
780 4238 881 4279 veteres
899 4232 993 4296 poetae
1009 4223 1185 4288 tradiderunt,
1203 4223 1249 4274 sed
1262 4222 1310 4274 ho-

64 4309 159 4346 omnes
181 4291 281 4359 nostri,
305 4297 369 4346 item
394 4293 623 4364 snakenburgiani
644 4301 673 4348 et
706 4295 806 4347 minum
823 4296 893 4360 fata,
919 4309 987 4362 quae
1012 4309 1047 4344 ox
1065 4298 1173 4344 aeterno
1190 4298 1310 4360 tempore

64 4361 130 4415 edit.
147 4362 234 4428 Mad.;
251 4360 334 4433 vulgo
350 4380 482 4417 conuersa.
707 4365 817 4417 deorum
835 4361 943 4416 consilio
961 4360 1084 4413 ordinata
1101 4367 1171 4412 sunt.
1190 4359 1243 4411 Sed
1260 4359 1309 4410 du-

48 4494 52 4499 ·
100 4439 124 4483 et
142 4446 227 4483 causa
245 4431 296 4484 erit
311 4432 436 4485 uictoriae
453 4441 478 4485 et
485 4433 608 4502 fructus]
627 4431 672 4485 Sic
706 4432 763 4486 bito
780 4450 815 4485 uu
832 4427 1310 4486 coniunctimsordinaverintauctori
