2926 5174
464 314 514 366 ea
541 313 667 367 assrrs
693 314 803 365 anax.
828 315 879 384 rx,
908 312 950 366 ss.
1277 295 1350 365 477

115 507 155 570 ut
179 507 309 595 puteos
335 498 485 588 foderet,
521 525 592 596 qua
617 500 778 574 terrestri
803 500 929 573 itinere
956 500 1128 575 ducturus
1155 497 1352 572 exercitum

115 609 323 702 videbatur,
360 610 491 708 quippe
527 611 621 683 sicca
654 620 731 685 erat
765 612 883 708 regio,
923 612 1001 710 ipse
1027 637 1108 685 curn
1134 610 1244 707 copiis
1272 609 1352 682 sub·

114 720 215 812 sistit,
248 746 401 795 vernum
426 731 569 819 tempus
596 734 799 821 expectans.
852 722 998 796 [nterim
1025 733 1062 796 et
1089 723 1195 796 urbes
1222 722 1353 819 pleras-

91 855 180 930 tque
207 831 378 906 condidit.
430 829 594 906 Nearcho
627 845 734 931 atque
762 832 963 908 Onesicrito
995 836 1159 908 nauticae
1186 833 1238 906 rei
1263 832 1352 930 peri·

112 945 156 1016 tis
188 945 398 1042 imperavit,
434 952 476 1015 ut
501 943 737 1018 validissimas
763 947 910 1021 navium
936 943 1154 1019 deducerent
1179 945 1217 1018 in
1244 940 1354 1016 Ocea·

111 1081 211 1146 num,
239 1055 491 1154 progressique
518 1056 637 1151 quoad
662 1066 742 1130 tute
769 1067 933 1156 possent,
965 1067 1131 1130 naturam
1156 1056 1264 1129 maris
1291 1080 1353 1127 ne·

112 1177 272 1240 scerent:
307 1168 367 1240 vel
393 1165 521 1240 eodem
547 1192 666 1258 amne,
701 1170 759 1242 vel
785 1169 970 1268 Euphrate
996 1169 1115 1244 subire
1142 1193 1202 1242 eos
1236 1190 1353 1264 posse,

111 1302 190 1349 cum
217 1277 352 1351 reverti
379 1277 426 1350 ad
453 1303 492 1352 se
518 1279 660 1352 vellent.

211 1389 361 1486 lamque
386 1390 552 1487 mitigata
576 1391 703 1483 hieme,
730 1402 767 1464 et
784 1391 947 1482 navibus,
975 1416 1066 1488 quae
1088 1390 1230 1462 inutiles
1256 1386 1402 1460 vide-39

91 1499 262 1591 ¹bantur,
300 1502 484 1592 crematis,
520 1510 617 1574 terra
642 1500 797 1576 ducebat
830 1503 1036 1576 exercitum.
1088 1499 1200 1573 Nonis
1227 1498 1353 1572 castris

109 1610 145 1683 in
169 1613 357 1710 regionem
382 1612 571 1703 Aberiton,
597 1612 682 1687 inde
708 1612 859 1688 tetidem
885 1612 1011 1687 diebus
1038 1615 1075 1686 in
1102 1610 1354 1686 Cedrosiorum

136 1832 162 1910 ᾗ.
178 1837 203 1884 2.
238 1832 320 1911 prbes
338 1831 481 1911 pleresque
499 1832 624 1898 condidit]
659 1832 715 1884 Ne·
749 1839 808 1885 tum
816 1831 911 1885 iterum
926 1847 974 1911 per
984 1830 1139 1910 Cedrosiam
1153 1829 1230 1902 παρὰ
1245 1827 1354 1882 &diar-

109 1915 186 1952 scrsse
217 1901 328 1953 videtur
353 1898 549 1953 Freinshemius
574 1901 716 1980 plerosae
750 1920 805 1953 ταν
822 1900 874 1953 iter
890 1901 992 1966 fecrsse,
1010 1901 1123 1970 denique
1138 1901 1179 1954 εἰς
1189 1897 1285 1966 χώραν
1295 1901 1356 1979 ἔρο-

109 1967 159 2046 dici
176 1968 251 2048 apud
271 1966 392 2048 Curtium
412 1986 463 2039 pro
483 1970 624 2047 plurimis,
651 1918 715 2022 nle-
750 1989 807 2037 μον
820 1968 983 2040 processisse,
999 1975 1134 2039 postremo
1150 1966 1355 2046 exantlatismr·

108 2053 171 2155 pum
188 2055 216 2089 m
230 2037 297 2106 ipsis
311 2040 397 2091 verbis
412 2036 477 2089 nihil
492 2036 716 2107 invcmssetqued
750 2037 823 2090 seriis
840 2036 868 2089 in
891 2036 988 2106 χώραν
1007 2039 1177 2104 οἰκουμένην
1194 2050 1355 2107 pervemsse.

125 2103 214 2158 ifficile
238 2113 311 2158 esset
333 2107 367 2158 ad
385 2105 578 2176 explicandum.
614 2106 715 2158 Verum
750 2106 901 2159 Secundum
919 2105 1039 2160 Curtium
1058 2106 1150 2158 eadem
1167 2105 1274 2158 ratione
1292 2103 1355 2155 Ale-

108 2172 180 2227 auxit
196 2174 274 2226 haud
291 2174 370 2227 dubie
387 2190 443 2227 rem
462 2173 584 2240 Curtius,
607 2191 656 2227 nec
674 2182 715 2227 ta-
749 2176 851 2228 xander
871 2173 986 2245 primum
1008 2173 1037 2226 in
1057 2174 1193 2243 regionem
1216 2175 1355 2239 Aboritae,

108 2258 168 2295 men
184 2242 309 2296 adducor
325 2250 355 2295 ut
372 2243 406 2295 ab
429 2260 461 2296 eo
484 2242 633 2312 prefectum
655 2259 716 2296 cen·
751 2243 805 2296 sive
829 2243 908 2313 qued·
923 2241 995 2296 aliud
1021 2241 1059 2295 illi
1081 2241 1156 2313 genti
1183 2259 1279 2297 nomen
1305 2248 1354 2308 est,

108 2327 177 2363 seam
203 2312 278 2382 qued
309 2309 422 2365 coniecit
447 2310 611 2364 Freinshem.
639 2313 715 2365 ardes
750 2312 846 2378 intrat,
872 2311 968 2364 deinde
989 2311 1141 2364 Cedrosiem
1164 2310 1274 2382 recipit,
1298 2317 1356 2362 tum

102 2388 258 2451 portusque.
750 2382 863 2434 Horitas
881 2379 993 2450 subigit,
1022 2386 1171 2450 sequuntur
1188 2381 1252 2433 Indi
1274 2380 1355 2432 meri-

142 2450 199 2516 §.3.
236 2449 362 2501 Nearcho
381 2458 458 2518 etque
479 2448 636 2519 Onesicrito]
672 2447 716 2500 Illi
750 2451 818 2515 timi,
851 2449 964 2520 denique
995 2449 1126 2502 exercitus
1157 2447 1185 2501 iu
1214 2449 1356 2502 Cedrosiae

106 2518 285 2586 praefectos.
306 2515 452 2590 ναυάρχῳ,
476 2515 538 2570 huic
554 2517 716 2586 gubernate·
750 2518 836 2572 cultae
860 2518 925 2570 fines
951 2518 1112 2598 perducitur.
1148 2520 1270 2588 Apparet
1294 2532 1356 2569 ean·

107 2603 166 2637 rum
179 2584 298 2665 principi
307 2603 327 2637 s.
338 2584 567 2658 ἀρχικυβερνήτῃ.
594 2584 716 2655 Uterque
750 2589 810 2639 dem
833 2604 890 2639 esse
911 2593 1048 2655 utriusque
1071 2585 1205 2656 scriptoris
1227 2585 1356 2640 rationem

107 2669 138 2706 es
155 2655 190 2707 de
206 2670 238 2707 re
256 2653 353 2706 litteris
388 2654 495 2718 redidit,
515 2652 679 2706 Onesicritus
688 2653 716 2706 in
751 2657 825 2724 (nam
847 2672 911 2724 quas
933 2663 1022 2725 partes
1046 2654 1181 2707 Diodorus
1200 2653 1356 2707 Cedrosiam

106 2721 189 2789 libris,
208 2740 277 2793 ques
297 2723 330 2774 de
378 2721 488 2775 exandri
505 2720 715 2792 expeditionibus
750 2721 977 2796 napaddiaeecv
1004 2729 1032 2774 et
1057 2723 1110 2787 τὴν
1137 2726 1242 2790 ἔρημον
1269 2730 1354 2788 vocat,

106 2789 279 2861 conscripsit,
304 2789 341 2843 ita
358 2797 390 2843 ut
407 2790 533 2843 miracula
551 2797 716 2843 consectare·
751 2808 794 2844 eas
822 2789 929 2843 Curtius
956 2789 1093 2842 coniunxit
1124 2789 1218 2843 latiore
1249 2791 1356 2842 nemine

106 2867 159 2926 tur,
177 2858 321 2912 Nearchus
338 2858 367 2912 in
389 2859 458 2912 libre
478 2857 653 2928 navigationis
670 2858 716 2911 In·
749 2859 878 2912 Indorum
902 2857 1103 2925 maritimorum)
1136 2859 1182 2910 sed
1214 2865 1355 2928 utramque

106 2927 180 2981 dicae
199 2925 372 3000 (παράπλῳ)
391 2927 463 2981 cuius
485 2926 570 2980 multa
591 2936 716 2997 excerpta
750 2928 843 2980 falsam
866 2934 893 2980 et
915 2943 1073 2997 perversam.
1108 2926 1204 2979 Verius
1226 2926 1355 2980 Arrianus

105 2995 223 3049 servavit
233 2995 366 3049 Arrianus
383 2995 411 3048 in
428 2994 536 3063 Indicis,
554 3003 716 3065 versatque
750 2995 862 3068 primam
885 3002 992 3065 gentem
1015 2994 1080 3072 dicit
1097 2997 1269 3048 Aratitcrem
1287 2994 1356 3047 cirea

105 3065 269 3135 incorrupte
288 3064 393 3118 iudicio.
751 3081 853 3118 amnem
863 3063 999 3130 Arabium,
1017 3063 1129 3115 alteram
1142 3064 1284 3130 Oriteram,
1302 3072 1356 3115 ter-

141 3133 210 3204 Cap.
221 3139 268 3200 39,
288 3136 311 3201 ξ.
325 3140 350 3186 5.
384 3136 412 3186 ia
429 3134 560 3203 repioaem
578 3133 715 3199 Aboritae]
751 3133 817 3187 tiam
833 3131 968 3202 regionem
986 3132 1100 3202 amplam
1112 3132 1271 3198 Gedrosiae,
1282 3130 1355 3185 euius

104 3200 152 3256 Sic
160 3218 263 3256 nomen
269 3201 357 3272 gentis
364 3201 580 3264 coddexhibent,
589 3200 716 3271 nisiqued
750 3201 834 3273 princi
855 3218 897 3253 em
912 3201 1004 3252 urbem
1013 3201 1111 3254 Puram
1125 3200 1205 3252 finem
1218 3217 1356 3254 aerumna·

103 3271 133 3324 in
150 3271 245 3342 paucis
264 3272 408 3335 cderidoa,
430 3271 555 3324 chosides
573 3278 625 3335 est3
653 3269 716 3322 edit.
750 3289 809 3324 rum
839 3269 907 3323 uisse
925 3269 1016 3323 tradit.
1051 3269 1106 3322 Sed
1125 3285 1158 3322 ne
1176 3269 1280 3323 illorum
1297 3268 1355 3340 qui-

103 3339 188 3411 princ.
203 3341 341 3393 aboricen.
368 3338 452 3391 Aldus
460 3337 523 3391 fecit
532 3339 715 3405 Arabiterem,
751 3341 784 3391 de
864 3347 974 3406 ctorem,
992 3337 1133 3409 praecipue
1150 3337 1246 3405 Curtii,
1264 3355 1356 3391 narra-

103 3425 175 3479 quae
193 3407 311 3480 posthac
327 3407 436 3477 vulgata
457 3406 529 3460 facta
552 3413 600 3459 est.
637 3406 716 3469 Quod
750 3408 806 3462 tion
869 3406 1009 3478 quicquam
1031 3408 1063 3460 ab
1086 3405 1202 3461 Arriano
1225 3407 1355 3460 diversam

104 3477 226 3548 sequitur
250 3477 357 3529 totidem
375 3477 464 3529 diebus
483 3477 512 3527 in
533 3474 716 3529 Cedrosiorum
751 3493 809 3530 esse
827 3484 915 3547 patet,
939 3474 960 3528 si
978 3493 1070 3528 verum
1088 3483 1130 3529 est
1167 3477 1220 3528 uod
1238 3475 1356 3531 Schmie·

98 3557 259 3614 perventum
279 3553 332 3610 est,
361 3543 397 3598 sie
418 3543 484 3597 item
508 3542 635 3597 librorum
655 3561 715 3596 mss.
751 3547 828 3598 derus
846 3543 991 3611 annotavit,
1010 3545 1080 3615 apud
1089 3493 1240 3598 Diodorum
1249 3552 1278 3598 et
1287 3544 1356 3599 Cur-

104 3631 237 3667 censensu
256 3612 375 3678 iubente,
394 3613 481 3665 deleta
500 3629 568 3732 (puae
581 3612 626 3664 vul
645 3629 715 3665 ere-
750 3614 817 3667 tium
839 3630 888 3683 per
910 3612 1099 3683 negligentiam
1122 3619 1150 3665 et
1172 3630 1261 3666 rerum
1279 3612 1356 3666 insei-

123 3682 210 3735 etitur
227 3697 299 3735 voce
317 3683 454 3750 regionem,
473 3697 508 3732 ex
527 3678 591 3733 ibni.
642 3698 716 3733 erum
750 3683 814 3736 tiam
824 3681 956 3752 duplicem
964 3681 1154 3747 narrationem,
1174 3682 1284 3735 alteram
1294 3682 1356 3734 bre-

102 3700 171 3804 ineo
187 3749 310 3814 leviora,
337 3749 442 3818 gravius
459 3746 554 3800 vitium
571 3748 651 3819 ipsius
669 3767 715 3802 au·
750 3751 850 3804 vierem
860 3750 971 3803 alteram
988 3749 1136 3820 longiorem
1149 3748 1283 3820 coniungi,
1299 3765 1353 3820 que

103 3818 185 3872 cteris
204 3826 258 3884 est,
277 3833 365 3896 neque
377 3816 504 3871 librorum
516 3816 648 3888 praesidio
662 3818 715 3870 tel·
750 3816 1354 3872 fierintCedrosiabiscommemoretur.Nimi-
1423 3819 1425 3824 '

103 3887 223 3954 lendum,
264 3902 371 3938 uoniam
388 3903 442 3938 nen
459 3885 535 3937 unius
553 3885 649 3952 Curtii,
668 3887 716 3938 sed
749 3887 834 3941 rumai
844 3886 1034 3941 accuratiorem
1043 3885 1144 3939 itineris
1155 3885 1355 3939 narrationema

104 3954 142 4008 illi
170 3973 232 4009 cum
244 3904 379 4007 ‹lJiodoro
401 3970 537 4034 commune
561 3962 610 4034 est.
646 3956 716 4007 h'am
750 3955 837 4009 verbis
856 3958 973 4023 „Quiete
990 3957 1051 4008 dinc
1066 3956 1110 4032 die
1122 3955 1190 4032 venit
1204 3954 1354 4022 adflumcrs

104 4024 178 4094 apud
204 4032 354 4091 utrumque
384 4031 537 4093 scriptorem
567 4031 716 4092 importuna
750 4027 886 4078 Ανοὸαοϋ·
905 4023 1021 4093 incipere
1031 4029 1133 4086 statuis,
1145 4029 1242 4075 rustam
1252 4039 1354 4074 veram·

106 4093 210 4146 duobus
229 4089 300 4144 locis
313 4090 454 4145 Cedrosiae
471 4091 542 4144 facta
554 4100 595 4144 est
607 4091 715 4145 mentio.
750 4110 802 4164 que
819 4110 853 4146 ex
888 4091 994 4145 ditionis
1017 4088 1219 4159 descriptionem
1242 4089 1303 4143 iude
1320 4091 1353 4144 ab

106 4159 244 4216 Diodorus
263 4157 311 4211 lib.
320 4173 394 4226 xvrr,
413 4176 434 4212 c.
447 4166 497 4212 104
514 4158 590 4212 initio
607 4160 716 4230 expedi·
749 4161 834 4215 insula
875 4161 958 4215 attala
980 4176 1063 4230 usque
1085 4158 1120 4210 ad
1137 4158 1236 4227 regiam
1254 4157 1354 4212 Cedre-

108 4229 185 4283 tienis
202 4243 301 4298 regem
319 4226 383 4280 dicit
400 4228 467 4282 τοὺς
485 4225 716 4296 ὀνομαζομένους
750 4230 850 4284 siorum
876 4227 992 4283 habebis.
1032 4225 1104 4280 Hine
1130 4227 1228 4279 facturn
1255 4235 1296 4280 est
1322 4235 1354 4280 ut

105 4296 265 4367 Ἀρβίτας
284 4294 442 4368 (Ἀμβρίτας
455 4295 499 4348 alii
513 4295 584 4363 libri)
595 4297 716 4352 καὶτοὺς
750 4308 903 4368 corruptum
933 4313 1027 4350 nomen
1059 4294 1188 4347 Aboritae
1221 4295 1353 4367 corrigere

109 4366 158 4430 τὴν
175 4363 398 4434 Κεδρωσίαν
425 4367 573 4418 οἰκοῦντας
590 4363 617 4417 in
635 4363 716 4417 dicie-
749 4367 895 4434 noluerim,
929 4366 1000 4435 qued
1030 4364 1087 4416 iure
1113 4362 1230 4417 dubitari
1261 4373 1353 4435 potest

111 4450 166 4487 nem
183 4432 332 4502 recepisse,
350 4431 444 4485 deinde
451 4431 559 4507 Ὠρίταο
567 4432 714 4500 subiecisse,
749 4443 838 4489 utrum
856 4436 985 4489 Architae
1002 4432 1029 4486 in
1047 4447 1079 4484 eo
1096 4429 1206 4501 lateant,
1225 4433 1353 4504 quesAr-
