2926 5174
188 289 260 360 116
603 240 608 257 .
659 309 693 371 o.
722 273 847 360 curru
871 310 957 361 auru

182 492 362 564 stantibus
395 492 488 588 ripa,
521 492 719 590 superavit,
756 493 806 564 sic
838 493 1000 591 angustis
1034 493 1071 564 in
1098 489 1246 566 Ciliciae
1284 495 1421 570 collibus

183 611 324 675 tantam
354 602 620 676 multitudinem
654 601 829 675 hostiumr
866 604 1036 679 audaciae
1061 629 1225 701 quoque,
1263 630 1337 701 qua
1360 627 1453 681 mari

182 712 279 784 xime
304 712 429 810 viguit,
456 712 547 785 ratio
574 713 686 786 minui
710 724 842 812 potest,
856 715 940 811 quia
964 740 1149 812 nunquam
1175 716 1215 788 in
1243 715 1422 791 discrimen

184 823 303 913 venit,
330 848 374 895 au
402 832 538 897 temere
563 824 715 897 fecisset.
768 821 953 915 Mazaeus,
988 827 1064 922 qui,
1098 825 1130 898 si
1156 828 1420 902 transeuntibus

182 933 316 1006 flumen
343 936 618 1031 supervenisset,
631 933 730 1007 haud
757 933 864 1008 dubie
890 960 1127 1033 oppressurus
1154 937 1225 1009 fuit
1251 938 1420 1036 incompo

88 1046 92 1053 ’
184 1045 283 1134 sitos,
309 1044 346 1117 iu
372 1046 452 1142 ripa
478 1045 622 1120 demum
649 1056 686 1118 et
717 1045 789 1117 iam
813 1056 1036 1144 perarmatos
1063 1045 1279 1143 adequitare
1307 1050 1419 1147 coepit

183 1155 281 1230 Mille
325 1152 520 1228 admodum
557 1158 694 1254 equites
735 1156 978 1255 praemiserat.
1048 1153 1215 1246 Quorum
1249 1160 1449 1258 paucitates

182 1266 391 1341 Alexander
424 1267 627 1364 explorata,
660 1265 790 1340 deinde
824 1278 1040 1365 contempta,
1067 1270 1298 1367 praefectum
1323 1271 1419 1346 Paeo·

182 1405 270 1452 num
304 1378 465 1476 equitum
489 1376 662 1452 Aristona
693 1378 823 1451 laxatis
850 1379 999 1452 habenis
1026 1379 1148 1452 invehi
1172 1381 1293 1454 iussit.
1346 1380 1448 1455 lusi-u

183 1491 264 1590 gnis
301 1514 343 1562 eo
379 1487 437 1561 die
473 1513 596 1586 pugna
633 1491 793 1586 equitum
828 1501 865 1563 et
899 1490 1089 1588 praecipue
1123 1489 1313 1568 Aristonis
1349 1495 1418 1566 fuit:

181 1601 404 1700 praefectum
436 1599 615 1694 equitatus
642 1598 834 1672 Persarum
860 1597 1076 1699 Satropaten
1111 1600 1254 1677 directa
1291 1605 1328 1677 in
1352 1613 1417 1703 gut

183 1724 266 1786 ture
290 1711 396 1784 hasta
422 1711 618 1802 transfixit,
645 1711 911 1809 fugientemque
937 1737 1002 1809 per
1027 1712 1165 1785 medios
1193 1714 1323 1790 hostes
1350 1741 1417 1789 con·

182 1816 342 1912 secutus,
376 1847 423 1895 ex
456 1847 547 1918 equo
581 1823 846 1921 praecipitavit,
880 1832 917 1894 et
944 1823 1143 1897 obluctanti
1170 1837 1288 1925 caput
1313 1826 1417 1926 gladio

183 1933 352 2033 dempsit,
380 1932 478 2029 quod
503 1935 657 2008 relatum
682 1959 814 2032 magna
840 1958 922 2006 cum
947 1933 1054 2007 laude
1080 1944 1166 2020 ante
1193 1939 1294 2036 regis
1322 1937 1417 2037 pedes

206 2049 311 2122 osuit.

131 2075 205 2232 39p
282 2159 399 2232 Biduo
438 2157 488 2230 ibi
511 2162 593 2229 ¹rex
633 2156 767 2230 stativa
805 2156 946 2229 habuit:
985 2156 1022 2228 in
1055 2156 1267 2253 proximum
1304 2157 1445 2232 deinter
1457 2184 1461 2251 3

180 2269 406 2366 pronuntiari
431 2268 500 2341 iter
525 2267 638 2339 iussit.
678 2263 751 2340 Sed
763 2268 879 2365 prima
896 2268 970 2341 fere
995 2267 1117 2365 vigilia
1142 2267 1232 2342 luna
1251 2258 1461 2358 deficienst'

182 2381 337 2476 primum
362 2380 517 2452 nit'orem
543 2378 668 2452 sideris
695 2379 751 2452 sui
777 2378 954 2470 condidit,
991 2375 1119 2450 deinde
1153 2381 1344 2477 sanguinis
1374 2404 1418 2452 co·

184 2490 260 2563 lore
287 2491 424 2563 suffuso
451 2488 572 2562 lumen
598 2515 704 2562 omne
738 2490 912 2580 foedavit,
949 2488 1180 2584 sollicitisque
1218 2492 1290 2564 sub
1319 2493 1420 2590 ipsun

181 2602 275 2674 tanti
311 2600 523 2674 discriminis
558 2627 683 2675 casum
713 2601 839 2699 ingens
875 2602 1015 2698 religio,
1052 2610 1088 2672 et
1123 2625 1171 2672 ex
1207 2625 1254 2673 ea
1283 2601 1419 2676 formido
1449 2636 1453 2655 ι

183 2712 362 2810 quaedam
395 2713 539 2785 incussa
571 2723 636 2786 est.
688 2711 766 2785 Diis
801 2712 922 2786 invitis
957 2712 994 2782 in
1019 2711 1163 2783 ultimas
1192 2721 1316 2786 terras
1342 2690 1461 2786 tahal

181 2913 254 2977 Flos.
271 2913 382 2968 ABCE:
406 2913 433 2966 in
455 2912 549 2966 ceteris
572 2914 644 2967 Flor.
662 2922 690 2967 et
707 2914 788 2967 Bern.
857 2914 956 2965 directa
974 2913 1003 2963 iu
1019 2912 1133 2979 patrare]
1153 2910 1285 2967 Debebat
1302 2916 1331 2968 iu
1342 2923 1420 2984 patiar

181 2982 282 3037 BPal.
303 2990 314 3036 l
334 2983 411 3037 Voss.
430 2988 445 3034 2
463 2984 565 3035 vincere
582 2985 665 3036 deest.
699 2981 788 3052 Vulgo
822 2988 854 3033 ut
870 2996 916 3047 111,
935 2987 978 3044 26,
996 2995 1047 3046 vn,
1068 2986 1109 3045 19,
1128 2979 1175 3031 sed
1193 2980 1247 3035 hoe
1266 2982 1418 3036 etianvete-

181 3053 207 3104 si
225 3053 282 3120 qais
300 3070 382 3105 auras
401 3060 467 3104 esset
484 3053 592 3105 vincere.
821 3065 864 3102 res
881 3048 981 3101 librarii
998 3055 1095 3101 norant
1107 3047 1152 3117 qui
1166 3055 1262 3102 tamen
1272 3049 1419 3105 omnssfide-

217 3121 245 3171 iu
262 3119 373 3173 Ciliciae
391 3120 499 3173 collibus
513 3137 603 3173 omnes
616 3118 677 3172 libri
690 3127 717 3172 et
726 3117 787 3172 msti
822 3117 884 3170 liter
901 3117 1046 3170 ablativum
1063 3125 1211 3170 servarunt.
1238 3119 1321 3174 Facit
1335 3116 1419 3189 aliquid

181 3193 211 3240 ct
228 3187 294 3240 editi
310 3205 393 3258 usque
411 3188 445 3240 ad
453 3186 589 3256 Aldinum,
603 3187 632 3241 iu
661 3187 789 3258 uoprimo
822 3184 963 3255 insequens
980 3187 1091 3238 verbum
1109 3187 1254 3252 traasfimt.

182 3263 332 3309 correctum
350 3257 469 3308 callibus.
505 3257 580 3308 Infra
598 3206 704 3326 quidem
722 3263 786 3309 c.47
858 3253 923 3324 Cap.
942 3261 985 3320 39,
1004 3257 1027 3323 ᾗ.
1043 3261 1065 3305 1.
1078 3256 1258 3322 pronuntiari
1276 3258 1328 3309 iter
1343 3253 1418 3319 iussit]

182 3330 245 3376 sunt
266 3323 375 3377 Ciliciae
398 3324 536 3391 nuquitiae
561 3333 584 3376 et
609 3326 675 3376 invii
698 3327 788 3391 colles,
822 3322 912 3392 Vulgo
940 3323 989 3375 iter
1013 3323 1183 3390 pronuntiari
1213 3324 1310 3376 iussit:
1335 3320 1418 3377 sedin

182 3390 230 3443 sed
246 3390 300 3444 illic
317 3389 475 3443 adiectivum
493 3391 612 3443 additum
629 3392 747 3445 ostendit
756 3393 789 3445 de
822 3389 903 3444 Bern.
913 3393 940 3443 A
950 3390 1022 3444 Flor.
1032 3387 1131 3442 ABOG
1149 3391 1179 3459 (a
1194 3408 1236 3459 pr.
1252 3394 1418 3513 mqetvm

182 3474 289 3510 accessu
306 3458 334 3510 in
351 3457 438 3512 locum
455 3457 513 3511 dici.
532 3458 584 3512 Hic
600 3477 664 3513 vero
682 3462 789 3530 aapasn'
823 3467 939 3529 utroque
956 3460 1032 3511 deest
1049 3460 1107 3525 iter,
1126 3476 1194 3510 unus
1203 3458 1279 3513 Flor.
1332 3458 1418 3514 coloso

182 3528 260 3579 colles
273 3534 346 3580 recte
361 3525 454 3596 opinor
463 3526 561 3579 dicitur
569 3528 643 3598 regio
652 3537 787 3596 montana,
824 3528 937 3581 collocat
973 3545 1006 3580 uo
1024 3527 1104 3597 vulgo
1121 3524 1231 3596 legitur,
1251 3528 1350 3600 reliqui
1361 3526 1418 3580 Flor.

182 3592 293 3648 collibus
315 3594 401 3648 obsita
426 3594 470 3664 qui
493 3595 621 3665 explicari
639 3597 787 3651 multitudi-
823 3605 851 3649 et
868 3545 991 3648 Bernqss
1010 3603 1038 3648 et
1055 3613 1112 3648 mar
1131 3613 1147 3648 ο
1164 3594 1239 3649 Flor.
1271 3596 1299 3650 G
1315 3612 1418 3668 ponus·

181 3679 244 3716 nem
260 3681 314 3718 non
330 3662 476 3734 patiuntur.
529 3681 535 3693 ·
707 3725 711 3731 ἢ
823 3666 888 3717 tiari
914 3665 963 3717 iter
990 3665 1076 3717 iussit.
1140 3680 1172 3716 oc
1199 3662 1287 3733 igitur
1330 3684 1359 3720 ro
1378 3661 1418 3716 fido

217 3735 242 3796 §.
261 3738 302 3785 23.
337 3734 467 3785 audaciae
489 3736 615 3787 -ratio
637 3734 721 3786 miaai
760 3751 787 3786 o·
821 3732 895 3785 libris
913 3751 973 3785 mss.
992 3731 1084 3785 debita
1100 3731 1283 3801 recipiendum
1330 3733 1362 3800 't,
1383 3728 1418 3784 sed

182 3809 238 3864 test,
257 3799 274 3854 i.
293 3817 315 3853 c.
334 3800 442 3854 audacia
459 3819 514 3854 non
531 3811 621 3872 potest
638 3809 714 3854 tanta
736 3753 787 3856 iia·
821 3803 975 3872 probassem
991 3801 1080 3872 potius
1098 3802 1241 3853 verborum
1255 3802 1373 3856 ordinem
1383 3794 1416 3868 qui

180 3867 248 3936 beri,
265 3868 383 3937 iudicari,
402 3878 502 3940 quanta
518 3871 599 3941 vulgo
616 3872 692 3925 solet.
822 3887 879 3923 esse
896 3870 1012 3923 traditur
1029 3869 1057 3923 in
1071 3869 1128 3922 Pal.
1143 3877 1155 3922 1
1176 3876 1206 3922 et
1215 3869 1341 3924 Leidensi
1353 3883 1415 3943 proq-

216 3942 240 4003 §.
259 3945 300 3992 24.
336 3939 470 3992 Paeonum
488 3942 610 4009 equitum]
641 3939 725 3993 Codd.
737 3957 786 4008 pe·
822 3940 900 3992 iussit
922 3941 986 4006 iter,
1015 3937 1036 3991 si
1060 3938 1123 3991 satis
1149 3938 1182 3990 dc
1210 3937 1264 3990 fide
1284 3935 1416 4012 collationi!

180 4024 273 4060 aarum
290 4013 318 4059 et
329 4025 489 4076 poenorum,
516 4008 581 4061 item
603 4008 667 4061 edit.
689 4009 787 4080 princ.;
823 4015 965 4060 constaret.
1008 4006 1114 4060 Modius
1134 4009 1316 4075 pronuntiare
1345 4006 1415 4065 iasar,

181 4075 229 4127 sed
246 4076 360 4129 correxit
377 4076 431 4130 iarn
448 4076 561 4130 Aldinus
579 4077 674 4131 editor.
822 4075 887 4128 nihil
905 4094 997 4128 curans
1016 4076 1139 4129 omissum
1158 4076 1216 4126 iter.

217 4146 241 4205 S.
258 4149 300 4196 25.
327 4145 495 4215 Satropaten]
524 4146 609 4200 Codd.
626 4145 698 4199 Flor.
712 4145 786 4199 ABC
857 4149 881 4211 ὅ.
900 4152 925 4198 2.
946 4146 1054 4197 incussa
1073 4147 1120 4212 est]
1139 4141 1215 4195 Leid.
1234 4138 1413 4196 Voss.1Flor.

180 4209 320 4279 vulgatum
347 4215 513 4283 Satropaten
539 4223 667 4280 tuentur,
695 4222 788 4268 contra
821 4213 847 4266 A
865 4215 1021 4266 inconcussa
1041 4223 1093 4280 est,
1118 4228 1149 4263 ac
1177 4209 1259 4263 fuisse
1277 4211 1328 4264 hoc
1346 4210 1414 4290 ipsura

181 4286 254 4331 stant
277 4281 358 4334 ceteri
375 4282 447 4336 Flor.
469 4292 497 4337 et
524 4292 638 4355 uterquc
654 4283 735 4336 Bern.
758 4289 787 4336 et
821 4281 927 4335 ridetur
944 4281 972 4334 in
988 4281 1069 4334 Bern.
1088 4282 1126 4348 A,
1150 4280 1197 4333 scd
1219 4297 1272 4350 pro
1290 4272 1413 4332 meduslr·

180 4346 255 4400 Leid.
278 4349 354 4403 Voss.
373 4359 397 4405 1.
417 4359 449 4419 2,
478 4352 573 4423 quibus
596 4360 625 4406 et
646 4352 702 4424 ipse
724 4370 787 4408 con·
821 4351 885 4404 teris
904 4368 974 4404 nunc
991 4368 1082 4403 rasura
1100 4356 1148 4403 est.

180 4416 294 4471 stantiae
312 4434 391 4475 causa
408 4422 512 4476 accedo.
857 4422 880 4488 ξ.
898 4427 922 4474 3.
959 4420 1012 4473 diis
1032 4419 1131 4489 invitis]
1167 4415 1240 4473 Flor.
1258 4420 1286 4473 A
1303 4414 1412 4474 Beris
