2926 5174
112 296 207 360 xvr‘
468 288 470 292 ’
619 304 836 357 rmnrnrm.

112 489 238 585 reliqui
276 513 398 562 omnes
437 488 518 560 libri
555 486 749 560 deteriores
788 488 825 561 in
859 489 936 561 libr.
968 512 1008 561 1v
1043 516 1118 588 cap.
1147 494 1197 562 44
1230 499 1266 561 et
1292 492 1335 560 46

113 616 250 690 onerati
276 625 369 706 sunt,
395 640 541 713 prorsus
568 624 699 705 carent,
726 615 830 687 sicuti
854 640 921 712 par
946 628 1012 708 est,
1038 616 1113 690 Pal.
1144 620 1162 688 l
1191 617 1284 689 Flor.
1297 614 1338 705 D,

112 743 243 841 partim
268 742 375 815 etiam
400 741 493 815 Flor.
519 741 548 814 F
550 739 615 833 Gl,
646 740 742 815 unde
767 768 840 814 non
866 743 955 815 levis
983 746 1187 842 coniectura
1214 744 1259 816 de
1285 768 1340 840 ge-

93 874 197 943 'nere
222 869 460 968 interpolandi
486 868 567 942 duci
592 879 722 966 potest.
774 869 816 942 In
842 869 933 942 Flor.
962 867 995 944 G
1021 871 1231 944 correctoris
1250 871 1341 942 illius

112 998 293 1094 ingenium
318 997 537 1070 manifestius
564 1021 671 1092 quam
704 996 741 1069 in
773 997 916 1093 reliquis
942 998 1041 1071 libris
1070 1000 1203 1072 elucet:
1242 1008 1342 1070 tanta

113 1123 271 1215 audacia,
299 1124 363 1197 sed
390 1149 496 1222 saepe
522 1124 630 1196 etiam
656 1122 881 1215 dexteritate,
907 1126 993 1215 loci,
1021 1126 1081 1222 qui
1108 1135 1170 1197 aut
1195 1134 1342 1221 propter

112 1263 252 1325 veteres
279 1250 427 1325 mendas
454 1262 517 1324 aut
542 1261 689 1349 propter
720 1252 827 1324 aliam
859 1252 1085 1325 obscuritatis
1112 1276 1256 1342 causam
1283 1251 1342 1321 rni-

112 1404 180 1452 nus
206 1378 307 1452 facile
332 1379 480 1475 intelligi
505 1389 663 1476 possent,
690 1379 770 1450 fulti
796 1388 833 1452 et
859 1379 1008 1452 correcti
1031 1391 1124 1469 sunt,
1152 1389 1193 1450 ut
1212 1377 1341 1449 exhor

110 1507 188 1604 ipso
213 1506 305 1579 libro
331 1507 391 1578 vel
416 1507 485 1577 alio
512 1506 588 1577 eius
620 1506 724 1577 simili
758 1506 950 1602 plurimum
984 1507 1132 1602 vulgata
1158 1505 1340 1600 scriptura,

112 1657 202 1728 quae
228 1633 266 1704 in
292 1631 506 1706 editionibus
532 1632 793 1723 circumfertur,
820 1633 867 1705 ad
892 1633 1111 1730 intelligendi
1137 1634 1340 1705 facultatem

111 1760 312 1857 profecerit.
362 1758 489 1839 Altera
515 1759 636 1833 classis
662 1760 834 1834 librorum
865 1759 1100 1849 deteriorum,
1136 1769 1173 1832 et
1199 1759 1256 1830 cui
1281 1758 1340 1828 mi·

110 1886 205 1959 nime
231 1885 321 1960 fides
347 1886 514 1961 habenda
539 1896 610 1978 est,
644 1886 847 1961 Florentinis
872 1887 952 1960 ΕΗ
968 1887 1137 1962 Bernerni
1160 1889 1196 1960 B
1233 1885 1340 1961 Vossi-

112 2039 177 2089 ano
205 2016 226 2086 2
254 2014 500 2105 constituitur,
541 2040 622 2093 oum
655 2012 700 2086 ad
732 2015 952 2110 generalem,
992 2012 1038 2086 de
1073 2039 1143 2108 qua
1177 2013 1339 2098 diximus,

110 2140 422 2238 interpolationem
447 2142 484 2214 in
510 2141 657 2239 singulis
691 2141 789 2214 libris
825 2142 894 2213 alia
928 2140 1137 2213 temeritatis
1173 2151 1209 2211 et
1234 2139 1338 2237 negli-

111 2269 252 2364 gentiae
278 2268 367 2341 vitia
392 2266 580 2358 accedant,
605 2268 658 2340 ita
682 2276 724 2339 ut
750 2267 810 2363 qui
835 2269 872 2340 in
897 2268 963 2340 hos
989 2268 1048 2340 vel
1075 2267 1204 2339 similes
1234 2267 1340 2338 libros

58 2454 61 2461 .
112 2393 301 2467 inciderint
327 2394 480 2468 editores
507 2394 545 2464 in
567 2393 774 2466 universum
790 2394 943 2465 multum
959 2406 1143 2491 praestare
1161 2394 1342 2489 vulgatam

111 2521 301 2594 lectionem
325 2522 427 2594 facile
459 2520 645 2594 senserint.
697 2519 826 2594 Artam
857 2520 1028 2617 imprimis
1062 2521 1155 2592 inter
1190 2520 1282 2591 Flor.
1308 2517 1343 2590 H

113 2659 151 2720 et
177 2647 339 2722 Bern.B
371 2646 592 2721 intercedere
627 2648 876 2745 cognationem
910 2650 1158 2746 cognovimus,
1193 2647 1286 2720 Flor.
1313 2645 1343 2719 E

113 2801 187 2849 non
211 2801 294 2849 raro
320 2801 402 2848 cum
428 2775 632 2848 melioribus
658 2777 713 2848 sui
738 2774 878 2874 generis
905 2774 1113 2865 concordat,
1146 2774 1342 2874 Vossianus

115 2903 237 2976 2suis
264 2903 358 2977 vitiis
392 2903 444 2976 ita
477 2901 656 2994 abundat,
692 2911 733 2976 ut
763 2902 827 2975 ubi
862 2902 958 2975 solus
993 2901 1143 2993 incedit,
1181 2912 1343 2998 repetere

114 3028 189 3102 eius
217 3030 428 3129 scripturam
453 3029 521 3103 nisi
547 3031 702 3129 exempli
726 3031 842 3129 gratia
876 3031 1034 3104 animum
1063 3055 1135 3101 non
1167 3029 1343 3126 potuerim

113 3155 290 3230 inducere.
342 3157 371 3229 F
372 3156 569 3231 lorentinus
597 3157 748 3255 denique
776 3156 804 3231 O
831 3157 1001 3255 singulari
1026 3155 1181 3254 quadam
1206 3158 1344 3229 ratione

113 3282 207 3355 inter
233 3284 386 3381 optimos
414 3294 452 3356 et
477 3282 686 3357 deterrimos
713 3285 842 3374 libros,
876 3285 994 3357 neutri
1019 3285 1113 3382 parti
1139 3294 1344 3356 constanter

115 3406 297 3499 addictus,
337 3409 505 3499 fluctuat,
545 3420 582 3483 et
616 3410 691 3482 eius
726 3411 910 3484 librarium
942 3421 1044 3509 patet
1078 3436 1124 3482 ex
1160 3410 1342 3506 utriusque

114 3534 248 3641 classis
262 3534 442 3609 codicibus
468 3545 602 3609 temere
629 3538 777 3635 elegisse
803 3563 894 3634 quae
920 3540 1111 3635 placerent.

219 3660 444 3736 Constituere
479 3671 619 3735 textum
653 3665 808 3737 maxime
843 3663 1029 3738 debuimus
1065 3661 1227 3735 codicum
1261 3690 1343 3738 mss.

115 3790 343 3880 auctoritate,
377 3787 441 3862 sed
467 3788 598 3885 aliquid
624 3791 671 3863 ad
696 3792 788 3864 hanc
813 3804 890 3865 rem
916 3791 1063 3866 subsidii
1089 3790 1197 3863 etiam
1224 3791 1343 3864 editio·

114 3940 179 3988 nes
206 3917 302 4015 typis
329 3915 528 4013 descriptae
554 3918 760 3991 attulerunt.
812 3919 1013 4016 Principem
1039 3916 1231 3990 editionem
1265 3918 1343 3994 Vin

116 4041 220 4115 delini
244 4040 417 4139 Spirensis
444 4041 603 4116 Venetiis
634 4048 741 4136 1471,
768 4072 875 4143 quam
901 4072 948 4119 ex
973 4043 1188 4118 bibliotheca
1204 4047 1343 4142 publica

117 4163 436 4268 Guelpherbytana
459 4181 586 4243 nactus
613 4197 710 4262 sum,
750 4173 903 4271 cognovi
938 4198 957 4245 c
984 4170 1105 4245 codice
1130 4195 1195 4243 ms.
1223 4174 1342 4246 classis

116 4292 328 4378 deterrimae
354 4296 559 4394 simpliciter
593 4322 634 4369 ac
660 4296 812 4371 fideliter
844 4298 989 4374 ductam
1015 4323 1103 4371 esse.
1154 4295 1229 4370 Nec
1254 4301 1343 4373 Bar·

116 4419 313 4496 menaeus
338 4423 474 4496 Merula
509 4447 589 4495 cum
617 4422 786 4499 Curtium.
811 4425 934 4499 ederet
957 4423 1149 4498 Mediolani
1175 4452 1206 4499 a.
1237 4429 1341 4515 1491,
