2926 5174
115 273 188 351 222
330 296 364 360 Q·
392 294 518 349 cunm
547 296 633 348 num
657 296 706 346 nn
734 294 1130 369 cnsn1sannx.v,oa.

113 483 170 531 term
187 475 345 531 effunderet
380 475 474 545 Itaque
492 484 530 543 te,
548 473 647 546 inquit,
670 477 790 546 quisquis
808 490 835 530 es
852 476 1016 546 mortalium,
1029 496 1082 549 per
1099 496 1256 537 communem
1271 482 1333 534 lomi-

93 564 176 608 ·num
193 563 302 621 samen,
325 570 343 605 a
360 569 412 621 qua
430 569 477 606 nec
499 555 627 606 maximos
650 571 740 623 sepum
762 561 891 622 exemptos
912 570 969 607 esse
981 558 1122 625 praesenti
1139 559 1280 626 spectando
1293 575 1334 610 me

113 633 195 699 neme,
213 648 277 700 repo
295 646 453 699 quaesoque,
479 639 508 682 ut
525 630 588 683 laec
605 633 644 685 ad
660 630 842 683 Aleiandrum
859 632 985 684 mandata
1002 649 1060 686 mea
1072 635 1214 704 pefferas:
1230 637 1290 688 nilil
1304 652 1335 688 eo·

112 725 182 774 mim,
200 724 267 777 quoe
284 708 359 775 ianqe
376 706 530 759 tristissima
541 724 686 776 perpessus
703 725 774 775 sm,
792 724 824 760 ne
841 709 909 761 tunc
926 710 1030 777 quidem
1047 712 1265 780 incomparabilis
1279 715 1335 766 colo·

113 786 214 839 mitutis
232 785 342 849 ercitum,
365 784 403 836 ita
418 799 525 853 prooem
550 784 615 836 milri
631 785 776 850 accidisse,
794 793 822 837 ut
838 787 886 838 lioc
903 803 996 852 unum,
1015 790 1086 856 quod
1096 797 1162 857 post
1180 798 1253 842 tanta
1269 792 1293 842 in
1306 806 1336 842 mo

114 870 234 931 meosque
250 861 344 913 merita
361 862 488 913 advmsus
506 861 731 914 clementissimum
748 861 868 914 uictorem
890 863 996 916 inimico
1012 864 1152 917 vivendum
1165 866 1229 933 fuit,
1247 875 1269 918 et
1283 884 1337 918 num

113 940 219 1009 inproto
243 938 405 991 moriendum
427 946 472 991 est.
508 936 563 989 Sed
584 937 610 989 si
630 954 683 1006 qua
699 940 840 1007 postremis
862 941 1017 993 miserorum
1046 942 1114 994 votis
1143 945 1218 1010 apud
1239 945 1292 996 deos
1307 944 1336 995 ris

114 1026 162 1084 est,
181 1024 205 1069 et
222 1033 280 1068 cum
297 1016 355 1083 ipm
371 1015 468 1083 spiritu
480 1014 609 1083 prrrfusas
624 1031 720 1083 preces
737 1016 827 1069 mitius
848 1018 958 1086 aliquod
973 1034 1068 1071 numen
1086 1020 1213 1084 eraudit5
1238 1021 1279 1072 ille
1293 1021 1336 1088 qui·

114 1095 172 1148 dern
189 1109 279 1162 sospes
301 1099 325 1143 et
342 1091 493 1157 incolumis,
515 1091 639 1159 lonqeque
656 1108 739 1161 supra
761 1095 909 1162 cantapium
926 1109 999 1146 meae
1015 1095 1096 1148 sortis
1114 1103 1140 1148 et
1157 1095 1281 1148 inuidiam
1288 1098 1336 1165 sor·

114 1177 193 1222 tunae
208 1170 328 1238 positus,
350 1168 379 1219 in
400 1168 466 1220 solio
487 1165 552 1235 Cyri
571 1168 717 1237 ploriosam
738 1179 847 1223 aetatem
871 1170 973 1238 stipat:
995 1188 1110 1240 suaeque
1128 1173 1236 1226 uirtutis
1252 1190 1335 1239 memor,

113 1264 171 1301 eum
187 1246 268 1298 matri
284 1245 424 1313 liberisque
441 1244 505 1296 meis
522 1245 606 1297 locum
623 1247 697 1314 apud
712 1262 741 1299 se
758 1263 813 1300 esse
824 1247 958 1314 patiatur,
976 1263 1049 1315 quem
1067 1249 1110 1300 illi
1117 1249 1180 1315 fide
1198 1260 1222 1303 et
1238 1251 1335 1319 obsequio

112 1325 262 1380 meruerint.
298 1321 335 1374 At
351 1321 509 1392 parricidas
526 1331 675 1389 promptum
698 1324 804 1376 esitium
821 1331 1006 1392 consequatur,
1029 1326 1100 1393 quod
1117 1326 1270 1381 Alexander
1284 1330 1334 1380 irre

110 1404 194 1474 polit,
213 1403 238 1454 si
254 1417 307 1453 non
323 1399 506 1451 misericordia
523 1399 638 1465 infelicis
655 1401 747 1468 lestis,
764 1401 856 1453 saltem
872 1401 932 1452 odio
940 1401 1111 1470 facinorum,
1136 1412 1162 1456 et
1179 1420 1212 1457 ne
1229 1406 1333 1473 impunito

113 1482 143 1534 in
160 1481 274 1534 aliorum
291 1477 369 1529 etium
387 1491 477 1544 repam
494 1493 617 1544 suumque
635 1477 720 1545 ipsius
739 1477 845 1530 esitium
863 1487 1008 1545 erumpant.
1042 1477 1113 1533 Post
1132 1480 1216 1549 haee,
1235 1498 1288 1534 eum
1302 1479 1332 1533 siti

114 1563 268 1627 angeretur,
287 1551 368 1604 allata
384 1568 434 1621 per
450 1550 633 1621 Polystratum
650 1569 719 1624 aqua
736 1559 886 1619 recreatus,
907 1552 997 1622 Erpa,
1020 1553 1067 1624 ait,
1092 1558 1163 1610 lanc
1181 1560 1257 1611 etiam
1273 1560 1332 1612 tontis

114 1632 308 1687 calamitatibus
330 1639 470 1682 extremam
492 1630 614 1682 accedere
635 1631 762 1698 oportuit,
789 1639 817 1683 ut
842 1630 904 1682 bene
929 1631 1019 1684 merito
1044 1636 1164 1702 qratiam
1190 1638 1283 1706 referre
1296 1653 1331 1687 nm

107 1712 224 1782 possim:
245 1717 274 1762 at
296 1709 390 1775 reseret
414 1707 581 1771 Alexander;
604 1708 760 1760 Alexandro
781 1725 841 1761 vero
859 1708 905 1761 dii.
940 1707 1073 1762 Dextram
1091 1709 1193 1764 deinde
1210 1712 1329 1783 protendit,

114 1804 226 1859 eamque
236 1785 402 1852 Alexandro,
420 1781 483 1836 fidei
500 1780 590 1851 regiae
607 1782 714 1853 pignus,
733 1783 798 1837 ferri
814 1783 915 1851 iubens,
934 1787 1103 1854 apprehensa
1112 1787 1259 1858 Polystrati
1273 1806 1329 1841 manu

114 1865 229 1919 animam
247 1861 356 1916 efflavit.
392 1860 547 1914 Alexander
564 1876 598 1911 an
616 1860 727 1931 spiranti
746 1862 833 1914 adhuc
850 1861 1043 1930 supervenerit,
1061 1862 1197 1918 incertum
1215 1875 1265 1919 est:
1283 1864 1329 1916 illud

113 1950 229 2010 eonstat,
247 1937 393 1993 miserabili
409 1937 481 2008 regis
499 1937 693 2007 opulentissimi
712 1937 786 1992 exitu
804 1945 956 2008 comperto,
979 1940 1104 2011 copiosas
1124 1941 1247 1996 lacrimas
1263 1941 1328 2012 profu·

114 2019 194 2087 disse,
213 2017 355 2088 statimque
374 2010 513 2084 chlamyde
531 2013 582 2067 sibi
601 2016 722 2069 detracta
740 2032 836 2086 eorpus
855 2013 1001 2086 operuisse,
1011 2027 1040 2071 et
1056 2037 1158 2090 magno
1178 2037 1237 2073 cum
1253 2021 1327 2072 honore

113 2096 150 2148 ad
167 2113 229 2148 suos
247 2092 347 2147 deferri
364 2091 481 2158 iussisse,
499 2099 529 2144 ut
545 2091 621 2162 regio
639 2093 781 2146 Persarum
798 2111 873 2147 more
891 2102 1012 2147 curatum
1028 2097 1211 2151 monumentis
1229 2096 1327 2150 maiorm

112 2171 265 2225 inferretur.
302 2167 526 2240 Ingratitudinem
543 2168 693 2237 hominum,
712 2186 729 2222 a
746 2171 805 2241 quis
822 2189 872 2242 pro
890 2169 997 2224 summis
1014 2171 1156 2226 benefieiis
1176 2174 1275 2227 crudele
1290 2169 1326 2223 exi

114 2248 181 2301 tium
190 2248 297 2300 Dareus
315 2245 434 2316 pertulit,
454 2262 612 2315 quamquam
631 2254 726 2316 suopte
744 2246 852 2318 ingenio
870 2249 1031 2302 horrendam
1049 2258 1078 2303 et
1095 2252 1288 2317 exsecrabilem,
1301 2249 1325 2300 in·

114 2323 233 2396 signione
255 2323 289 2375 ad
311 2320 496 2392 posteritatem
517 2320 626 2376 infamia
649 2323 785 2377 damnavit
808 2323 880 2377 canis
904 2324 1039 2379 cuiusdam
1063 2327 1132 2381 mira
1150 2328 1231 2398 fides,
1256 2327 1291 2399 qni
1304 2325 1324 2377 ab

115 2401 238 2456 onmibus
256 2397 430 2451 familiaribus
449 2397 577 2453 derelicto
595 2401 668 2454 solus
687 2400 785 2469 adfuit,
808 2408 836 2455 et
852 2419 931 2472 quam
947 2402 976 2456 in
993 2404 1082 2458 vivum
1099 2423 1168 2475 prae
1186 2424 1215 2460 se
1232 2405 1283 2461 tulit
1295 2405 1324 2456 be·

113 2476 315 2544 nevolentiam,
336 2473 461 2528 morienti
480 2493 586 2546 quoque
609 2486 764 2532 constanter
784 2479 925 2551 praestitit.
961 2481 1041 2535 Hunc
1058 2480 1132 2536 vitae
1151 2484 1231 2537 finem
1247 2480 1324 2536 sortitur

115 2564 157 2609 est
174 2554 235 2622 ille,
259 2570 337 2624 quem
359 2552 440 2605 modo
460 2552 621 2605 contumelia
638 2553 709 2607 affici
726 2558 870 2626 putabant,
894 2555 945 2609 nisi
968 2574 1059 2628 regem
1076 2577 1182 2630 regum,
1202 2569 1230 2614 et
1245 2561 1323 2612 deorun

115 2629 342 2701 consanguineum
359 2629 518 2682 salutarent:
542 2647 694 2702 magnoque
710 2631 807 2686 iterum
825 2632 1008 2704 experimenta
1031 2639 1213 2706 approbatum
1234 2643 1277 2702 est,
1293 2647 1322 2684 nt

113 2707 213 2761 minem
234 2706 318 2778 magis
340 2714 433 2776 patere
456 2707 593 2775 fortunae,
616 2726 696 2777 quam
721 2710 767 2781 qui
792 2710 912 2781 pluribus
935 2710 1054 2765 eiusdem
1071 2712 1213 2768 blanditiis
1230 2709 1321 2773 nnius,

42 2786 45 2792 '
114 2784 205 2858 iugum
222 2784 292 2838 illius
310 2789 369 2838 tota
388 2781 491 2836 cervice
508 2785 662 2857 receperit]
