2926 5174
174 286 246 357 422
660 304 694 366 o.
720 302 844 356 cuarn
860 303 944 356 aum

172 514 284 563 cornu
309 489 498 562 invehitur.
551 486 715 560 Phalanx
742 512 882 585 quoque
912 487 1073 563 mediam
1101 487 1282 565 Indorum
1310 493 1430 567 acient

173 625 248 673 uno
274 600 410 697 impetu
441 599 610 697 perrupit.

122 715 169 785 49
274 709 326 782 At
351 709 484 800 Porus,
525 735 596 806 qua
631 710 787 805 equitem
820 709 940 782 invehi
972 722 1166 803 senserat,
1208 714 1328 786 beluas
1355 715 1397 813 agi

171 822 291 895 iussit:
319 822 383 895 sed
408 820 552 894 tardum
578 832 616 895 et
640 847 753 919 paene
773 821 950 894 immobile
969 822 1109 895 animal
1128 849 1307 921 equorum
1324 827 1397 899 velo·

173 934 317 1006 citatem
343 958 496 1029 aequare
522 958 595 1005 non
621 942 772 1030 poterat.
825 932 879 1006 Ne
905 934 1125 1031 sagittarum
1154 936 1302 1033 quidem
1324 938 1396 1009 ulus

173 1055 250 1118 erat
275 1044 436 1116 barbaris
464 1069 559 1117 usus.
597 1040 736 1141 Quippe
758 1046 883 1143 longas
902 1055 938 1117 et
963 1070 1203 1142 praegraves,
1229 1050 1298 1121 nisi
1321 1050 1398 1147 prius
1412 1069 1431 1116 n

171 1155 208 1226 in
240 1166 338 1228 terra
370 1164 570 1228 statuerent
601 1181 738 1245 arcum,
773 1155 870 1228 haud
903 1156 989 1228 satis
1030 1166 1121 1253 apte
1157 1168 1198 1230 et
1235 1159 1398 1232 commode
1454 1176 1462 1240 ζ

171 1267 378 1364 imponunt:
406 1277 483 1338 turn
509 1265 619 1339 humo
645 1267 790 1357 lubrica,
817 1277 854 1339 et
872 1267 917 1338 ob
934 1265 971 1337 id
991 1266 1221 1363 impediente
1243 1281 1397 1359 conatum,

172 1378 357 1449 molientes
384 1377 486 1465 ictuS,
513 1379 692 1450 celeritate
719 1377 875 1450 hostiurn
899 1389 1136 1473 occupantur.
1182 1378 1281 1479 Ergo
1298 1392 1398 1479 spreto
1409 1398 1431 1446 u

173 1488 267 1585 regis
302 1488 469 1585 imperio,
506 1486 618 1586 (quod
652 1491 727 1562 fere
761 1490 817 1580 fit,
857 1487 918 1560 ubi
952 1489 1113 1561 turbatis
1151 1491 1270 1564 acrius
1302 1503 1398 1565 metus

173 1625 280 1696 quarn
298 1598 374 1670 dux
390 1599 564 1696 imperare
583 1599 725 1698 eoepit)
751 1597 902 1672 totidem
919 1607 1021 1670 erant
1049 1600 1304 1698 imperatores,
1330 1612 1398 1700 quot

173 1711 315 1809 agmina
342 1711 519 1783 errabant.
563 1710 665 1818 Alius
687 1712 833 1808 iungere
851 1709 971 1798 aciem,
998 1710 1094 1783 alius
1124 1711 1297 1805 dividere,
1322 1708 1397 1788 stare
1409 1732 1427 1776 ²1

174 1821 336 1919 quidam,
379 1831 416 1894 et
450 1825 610 1896 nonnulli
646 1823 860 1895 circumvehi
894 1831 995 1917 terga
1036 1821 1203 1895 hostium
1238 1824 1397 1898 iubebant

172 1931 268 2005 Nihil
287 1933 339 2002 =in
375 1932 531 2006 medium
566 1935 826 2008 consulebatur.
879 1931 992 2005 Porus
1021 1941 1150 2006 tamen
1179 1960 1263 2007 eum
1287 1936 1427 2034 paucist

174 2043 301 2140 quibus
327 2054 426 2115 metu
452 2046 569 2142 potior
587 2048 703 2119 fuerat
728 2044 854 2143 pudor,
881 2043 1046 2139 colligere
1065 2043 1265 2143 dispersos,
1292 2047 1397 2120 obvius

172 2154 267 2227 hosti
285 2154 336 2226 ire
362 2157 489 2252 pergit,
516 2159 793 2256 elephantosque
812 2165 895 2229 ante
914 2179 1043 2250 agmen
1063 2168 1219 2229 suorum
1237 2159 1294 2257 agi
1310 2158 1396 2230 iubet

172 2262 344 2361 Magnum
369 2265 495 2340 beluae
522 2269 672 2342 iniecere
698 2277 886 2356 terrorem,
916 2265 1159 2364 insolitusque
1187 2269 1320 2342 stridor
1341 2281 1425 2339 nont

174 2400 284 2470 equos
320 2375 445 2466 modo,
480 2387 556 2460 tam
590 2377 761 2478 pavidum
795 2377 841 2450 ad
876 2377 992 2448 omnia
1029 2379 1202 2471 animal,
1227 2380 1291 2455 sed
1322 2380 1397 2452 viros

174 2510 316 2581 quoque
338 2486 550 2584 ordinesque
576 2490 794 2563 turbaverat.
846 2487 922 2560 lam
945 2489 1053 2584 fugae
1083 2491 1425 2591 circumspiciebant

174 2596 292 2669 locum
326 2600 433 2693 paulo
469 2611 552 2674 ante
586 2602 758 2690 victores3
800 2624 880 2672 eum
913 2598 1128 2672 Alexander
1164 2602 1341 2702 Agrianos
1369 2610 1395 2672 et

174 2706 331 2780 Thracas
359 2710 485 2784 leviter
511 2724 678 2802 armatos
704 2710 885 2784 mehorem
902 2713 1183 2787 concursatione
1202 2741 1308 2813 quam
1325 2736 1396 2786 eom·

172 2927 271 2962 mouere
297 2909 314 2962 i.
334 2909 403 2962 ein
429 2911 519 2980 fugam
545 2912 681 2966 coniicere.
719 2911 773 2964 Res
808 2909 1049 2978 consentientibus,
1076 2916 1300 2987 quandoquidem
1315 2916 1344 2967 de
1362 2930 1396 2966 no

172 2985 247 3048 patet
269 2987 297 3031 et
314 2978 420 3031 Arriani
444 2980 618 3051 descriptione
637 2979 774 3032 confirma·
808 2979 867 3033 stris
884 2997 939 3031 non
957 2978 1057 3033 habent
1076 2999 1126 3034 nec
1144 2983 1198 3037 nisi
1215 2985 1288 3039 Flor.
1304 2983 1347 3036 Dl.

172 3055 226 3113 tur,
245 3047 291 3100 sed
310 3046 413 3099 codices
431 3048 496 3100 nihil
513 3055 625 3102 mutant.
660 3048 774 3101 Videtur
843 3050 866 3115 ξ.
889 3054 929 3100 19.
967 3047 1070 3116 Quippe
1093 3052 1193 3120 leupus
1218 3084 1254 3094 —-
1277 3049 1395 3122 inponunt]
1461 3061 1463 3074 '

172 3113 227 3185 ipse
236 3115 347 3185 scriptor
365 3117 435 3185 quod
449 3135 527 3187 supra
544 3117 648 3188 scripsit
657 3119 774 3169 deutrum
809 3114 853 3168 Sic
877 3115 967 3167 Iunius
989 3116 1147 3171 emendavit
1164 3120 1325 3192 Mediusque
1344 3134 1396 3172 mtt-

172 3201 242 3236 moue
251 3183 318 3235 male
329 3184 500 3251 intellexisse,
517 3187 600 3256 deque
609 3184 774 3237 admovendo
808 3191 851 3236 tus
869 3190 918 3249 est,
937 3200 994 3236 eum
1011 3183 1042 3236 in
1060 3187 1141 3240 codd.
1160 3206 1226 3243 mss.
1240 3198 1268 3243 et
1285 3184 1395 3242 eddanti·

173 3253 268 3303 dextro
285 3252 463 3305 Macedonum
481 3272 563 3306 cornu
580 3253 688 3334 cepisse.
808 3251 940 3323 quioribus
949 3259 1016 3304 esset
1027 3254 1134 3323 lonpae.
1161 3256 1202 3310 Et
1216 3258 1310 3330 reliqui
1316 3256 1395 3328 quidm

207 3325 234 3399 §.¹
250 3326 288 3372 18.
314 3323 426 3401 mediant
435 3324 562 3403 Indorum
575 3339 698 3375 ucteut-
711 3339 775 3402 per-
809 3319 922 3374 editores
948 3319 1088 3401 tulerupt,
1118 3327 1200 3404 ‘quod
1232 3327 1295 3381 ferri
1318 3322 1395 3395 nequii

173 3387 775 3529 tttlntlulttttt‘tttspttttttt
809 3388 1272 3518 ppqpppfflffiq
1280 3394 1396 3518 blut

173 3531 232 3587 est,
258 3524 304 3575 sed
321 3529 443 3594 vulgatae
469 3535 558 3580 tamen
581 3545 675 3598 parum
691 3526 776 3579 tortis.
809 3526 965 3580 vocabulum
990 3525 1150 3583 omiserunt.
1193 3531 1257 3612 Ipse
1282 3528 1396 3602 inpriore

172 3591 242 3645 Nam
260 3591 417 3661 phalangem
434 3613 487 3649 uno
509 3596 608 3667 impetu
626 3595 776 3665 prorupisse
810 3594 924 3648 editione
946 3593 1074 3647 Iunianae
1098 3601 1263 3654 correctioni
1289 3596 1396 3672 praetrit-

172 3659 235 3731 quid
253 3660 364 3713 mirum?
390 3663 537 3734 perrupisse
559 3664 672 3718 hostium
694 3663 776 3716 aciem
809 3681 865 3717 ram
878 3664 978 3717 Vossl
997 3669 1026 3714 et
1044 3664 1163 3720 duorum
1182 3668 1396 3740 Bongardanorm

172 3737 201 3782 et
227 3728 366 3783 verisimile
393 3739 433 3784 est
460 3740 487 3785 et
513 3734 546 3784 ad
572 3749 628 3785 rem
650 3731 775 3802 pertinet.
811 3730 929 3785 codicum
955 3729 1098 3785 lectionem
1128 3736 1308 3805 imponuntur.
1337 3734 1395 3789 Nm

173 3797 277 3852 Omissa
303 3805 343 3850 est
359 3799 517 3869 praepositio
543 3800 570 3853 in
587 3801 658 3853 Flor.
675 3799 776 3851 ABDF
811 3801 844 3851 de
852 3799 980 3868 Bongars.
994 3799 1121 3854 dubitare
1138 3820 1185 3857 me
1202 3806 1276 3876 cogit
1290 3802 1394 3860 menn

173 3865 212 3920 Gl
230 3866 304 3919 Leid.
326 3870 402 3920 Voss.
427 3878 452 3921 l:
474 3871 598 3937 perrupit
624 3870 777 3935 aprorupit
810 3867 996 3934 Beruensium,
1025 3883 1078 3921 nec
1096 3870 1219 3943 alioquin
1236 3873 1316 3928 veteri
1329 3884 1394 3926 cust

172 3934 270 3988 lineola
287 3934 454 4004 discernitur,
472 3944 564 4006 estque
596 3955 647 3989 err.
665 3935 775 3988 inLeid.
811 3935 890 3990 ctioni
918 3937 1106 4006 postponenda
1133 3940 1245 3996 videtur
1268 3935 1394 3997 mter

171 4003 280 4057 Voss]
308 4003 388 4056 Bern.
413 4006 439 4057 A
456 4005 528 4058 Flor.
550 4005 572 4057 F
601 4005 631 4072 I,
658 4004 685 4056 in
719 4002 776 4056 aliis
811 4004 919 4056 alicuius
942 4004 1108 4074 emendatio,
1159 4027 1196 4064 ua
1212 4011 1334 4066 orationis
1347 4022 1393 4060 eon·

172 4071 243 4124 Flor.
256 4071 304 4125 ΟΕ
323 4072 438 4125 Bernss
459 4075 606 4142 praerupit.
642 4072 729 4140 (Mod.
747 4073 776 4124 in
810 4071 921 4125 cinnitas
937 4089 1101 4153 magnopere
1119 4095 1136 4130 a
1184 4088 1270 4135 vatur.
1294 4078 1392 4134 &dnos

172 4141 283 4192 medium
301 4143 485 4209 -perrupit,
503 4141 613 4211 inepte.)
810 4141 879 4193 idem
896 4140 986 4193 Iunius
1010 4149 1094 4196 etrum
1119 4151 1315 4218 occupabam
1328 4156 1391 4199 oen*

208 4206 273 4277 Cap.
289 4215 331 4260 49.
354 4210 398 4261 Ne
416 4212 572 4278 sopittarum
589 4208 701 4288 quidem]
720 4207 776 4260 Ne·
810 4208 851 4261 xit
867 4227 916 4279 pro
930 4209 1048 4263 codicum
1061 4214 1185 4268 omnium
1200 4218 1325 4289 scriptura
1337 4228 1390 4266 oete

173 4274 225 4327 seio
250 4276 308 4345 quis
332 4277 431 4346 primus
449 4296 480 4330 rte
499 4278 617 4340 ediderit,
636 4293 698 4329 nam
715 4277 775 4329 edd.
806 4287 916 4347 paretur,
934 4293 1000 4349 quae
1018 4277 1129 4335 videtur
1146 4283 1212 4338 ferri
1229 4302 1309 4357 pwe

172 4342 319 4460 principes,
346 4345 446 4411 Aldus,
469 4346 573 4413 Iunius,
600 4343 706 4397 Medius
729 4362 776 4397 uec
846 4350 921 4411 §.24
956 4348 1091 4401 meliorem
1108 4355 1315 4421 concursatione]
1335 4341 1389 4402 [llll
1457 4382 1462 4392 ·

193 4411 288 4479 abent,
313 4412 361 4464 sed
377 4421 449 4467 reete
466 4414 550 4468 edidit
572 4421 599 4467 et
621 4411 693 4466 libris
714 4429 776 4466 mss.
811 4431 870 4467 mss.
888 4416 944 4468 fere
960 4416 1077 4486 meliore,
1098 4420 1200 4476 omissa
1217 4422 1329 4477 nmirum
1342 4416 1388 4470 tiu
1460 4450 1463 4456 ,
