2984 5176
518 310 568 360 nn
595 307 721 361 ansus
746 307 856 360 arax.
883 309 961 378 v111,
987 306 1030 360 ro.
1316 289 1391 372 393,

123 493 303 594 ‘oot‘qisset
337 519 390 568 me
427 493 492 568 srlti
528 493 639 568 irasci.
695 491 802 571 Cuius
839 494 1049 568 usurariam
1086 493 1236 594 liupuam
1262 495 1390 592 probra

146 598 288 680 dietatis
313 605 397 680 milri
421 616 452 678 et
476 604 565 679 uobis
591 607 717 680 diutius
743 606 816 696 tuli,
853 632 954 704 quam
986 607 1039 679 ille
1064 607 1180 685 eaderu
1205 631 1256 679 me
1282 606 1389 680 diaeu-

111 730 213 790 stem
238 718 370 792 tulisset.
416 715 549 814 Regium
566 718 752 816 durumque
769 717 937 790 oleumrtia
954 742 1020 791 rrorr
1046 717 1081 790 irr
1107 718 1257 815 ipsorum
1283 717 1389 806 modo,

145 829 210 903 sed
234 828 333 902 etiam
359 828 395 901 iu
420 827 568 920 illorum,
603 828 661 929 qui
684 840 834 926 pareret,
858 827 1000 926 irrqerriis
1025 829 1089 903 sito
1115 842 1171 902 est.
1229 825 1390 928 Obsequio

146 938 344 1038 mitipautur'
361 938 523 1037 imperia:
546 939 603 1013 ool
617 964 694 1012 nero
711 940 893 1013 renererrtio
911 940 1047 1035 enoessit
1063 939 1195 1032 animis,
1213 953 1243 1014 et
1258 965 1390 1014 sumum

148 1048 228 1123 imis
249 1050 493 1150 confundimus,
518 1051 555 1124 oi
578 1075 663 1148 opus
688 1062 744 1142 est,
769 1063 806 1123 ut
830 1051 898 1123 oim
924 1051 1132 1149 repellimus.

115 1179 131 1227 s
255 1156 326 1258 Sed
357 1160 440 1260 quid
470 1186 528 1260 epo
562 1161 682 1251 mirer,
722 1161 820 1234 istum
855 1161 1077 1234 crudelitatem
1110 1161 1195 1234 milri
1230 1162 1390 1253 obiecisse,

150 1271 211 1373 qui
247 1271 426 1345 avaritiam
460 1271 659 1370 euprobrare
689 1296 794 1345 ausus
825 1270 892 1344 sit?
942 1271 1033 1346 Nolo
1066 1273 1213 1372 simqulm
1246 1285 1391 1347 uernum

149 1381 302 1472 adure,
328 1407 369 1457 ue
394 1382 539 1457 innisum
557 1382 779 1455 tumultuum
797 1407 905 1455 meam
920 1383 1064 1483 fatiam,
1089 1383 1122 1457 si
1143 1383 1271 1481 pudori
1286 1397 1391 1459 uestro

236 1517 289 1566 em
303 1495 428 1593 fenero.
485 1494 608 1567 Totum
633 1492 811 1566 eremitam
833 1493 989 1591 aspicite:
1016 1494 1076 1593 qui
1093 1493 1201 1592 paulo
1218 1506 1292 1582 ante
1308 1494 1393 1568 m‘lril

195 1592 199 1601 ’
303 1629 402 1677 arrna
422 1605 564 1695 dolebat,
591 1629 679 1678 murro
706 1605 869 1702 orpeuteis
891 1603 986 1676 euhut
1013 1605 1121 1695 leotis;
1148 1631 1280 1679 numm
1308 1631 1391 1680 auro

150 1727 298 1807 orreraut,
316 1740 486 1790 seruorum
501 1741 619 1815 propes
641 1715 773 1805 dueum,
799 1715 907 1813 spolia
927 1715 968 1788 de
987 1715 1129 1789 hostibus
1147 1716 1307 1789 aserere
1326 1742 1392 1791 uon

109 1844 136 1895 ro
146 1838 300 1926 possunt.
351 1827 401 1900 At
425 1826 513 1899 euim
534 1825 668 1915 Persae,
695 1850 775 1923 quos
799 1825 947 1916 oioimus,
973 1825 1009 1899 iu
1033 1851 1154 1925 mopuo
1178 1826 1296 1900 leonore
1316 1841 1394 1901 surrt
1435 1854 1440 1912 ,ζ

150 1937 248 2038 apud
272 1939 347 2011 me!
387 1936 555 2038 Equidem
571 1935 806 2011 moderatiorem
820 1960 911 2008 meae
928 1937 1147 2012 certissimum
1161 1937 1322 2011 irrdioium
1336 1952 1391 2030 est,

151 2047 244 2151 arrad
268 2072 309 2121 ue
334 2047 428 2122 vietis
453 2048 586 2147 quidem
611 2047 749 2145 superbe
774 2048 911 2145 impero.
973 2046 1062 2124 Veui
1085 2050 1174 2123 euim
1198 2050 1234 2123 iu
1258 2049 1391 2141 Asiam,

150 2185 220 2235 uou
244 2172 283 2232 ut
295 2158 457 2261 funditus
482 2170 656 2233 everterem
677 2170 810 2256 peritos,
841 2183 901 2231 ueo
930 2171 967 2231 ut
997 2159 1140 2233 dimidia
1165 2173 1265 2258 parte
1290 2173 1392 2234 terra·
1470 2200 1474 2207 ·

149 2297 231 2346 rum
260 2270 470 2345 solitudinem
490 2273 658 2371 saeorum,
692 2270 753 2343 sed
784 2282 821 2342 ut
850 2269 940 2363 illos,
976 2296 1057 2370 quos
1081 2271 1160 2345 bello
1184 2271 1392 2371 udepissem,

150 2506 420 2630 „auersere
433 2502 756 2627 smus
788 2505 1273 2630 tlardtrsttumtat
1296 2507 1394 2628 ruo

149 2642 235 2713 vulgo
252 2592 480 2696 diceutemguminus
498 2613 587 2711 apte..
749 2613 755 2626 ι
789 2643 944 2709 abundabit,
971 2643 1056 2695 altera
1073 2649 1162 2695 totum
1178 2642 1249 2696 istud
1266 2593 1339 2711 apqrid
1354 2661 1394 2696 me

189 2716 214 2778 s.
230 2715 255 2764 8.
290 2728 342 2764 nou
364 2712 393 2764 iu
415 2713 540 2781 ipsorum]
575 2711 610 2762 Iu
632 2710 756 2763 abessen
789 2713 892 2781 quidem
913 2728 948 2764 ne
965 2710 1088 2763 Latinum
1111 2709 1216 2830 ididem
1238 2719 1286 2763 est.
1322 2711 1394 2774 Quid

150 2779 289 2836 Snakenb.
299 2777 372 2832 libris
390 2778 511 2832 omnibus
528 2777 646 2831 traditur
663 2786 691 2831 et
708 2778 756 2831 ab·
790 2779 1076 2849 sitquodinModiana
1094 2794 1110 2830 e
1131 2777 1212 2832 'tione
1230 2779 1294 2832 haee
1311 2781 1394 2832 verba

149 2855 194 2903 ent
210 2864 228 2901 a
244 2847 326 2900 Bern.
342 2848 377 2914 A,
400 2849 447 2900 sed
464 2846 563 2917 legitur
579 2845 607 2899 in
624 2845 757 2899 Florenti·
790 2850 864 2926 opud
879 2865 918 2900 me
936 2850 1037 2917 quidem
1054 2844 1158 2916 punctis
1171 2845 1304 2916 utrimque
1320 2852 1394 2900 coer-

149 2915 308 2987 nispraeter
315 2913 374 2982 FG,
388 2914 489 2968 inlest
497 2933 549 2968 nou
558 2915 619 2967 milri
631 2917 756 2984 ipsorum.
791 2923 844 2968 orta
861 2915 936 2986 quasi
954 2914 1087 2984 singulare
1105 2913 1181 2967 colon
1199 2931 1216 2966 a
1233 2922 1321 2967 cetera
1335 2933 1394 2968 ora·

186 2985 341 3052 metiemur
367 2985 402 3036 im
421 2985 498 3104 erin}2
527 2985 639 3052 queuia
666 2990 757 3035 oontra
790 2983 862 3036 tione
879 2992 1047 3053 separantur,
1074 2982 1160 3036 fateor
1180 2998 1223 3034 me
1243 3000 1296 3036 non
1315 2981 1394 3036 intel-

149 3069 211 3108 rem
227 3050 364 3122 Sigeberg.
405 3051 459 3106 odii
499 3051 558 3104 all
578 3048 756 3105 Flor.DFGI.
789 3051 879 3120 ligere.
914 3052 1046 3120 Equidem
1073 3068 1152 3120 supra
1177 3065 1210 3117 v,
1229 3056 1309 3115 35,a
1337 3050 1393 3104 sine

149 3119 242 3177 Aliter
262 3127 374 3191 peceant
394 3138 458 3174 mox
474 3119 546 3173 Flor.
563 3119 617 3172 ΕΗ
633 3118 714 3171 Bern.
732 3119 756 3170 B
789 3119 919 3172 varietate
936 3118 1056 3173 lectionis
1081 3136 1131 3188 pro
1156 3120 1258 3188 quidem
1279 3117 1394 3189 positum

149 3190 197 3244 uli
213 3206 274 3242 uero
295 3191 465 3242 reuerentiam
482 3189 596 3242 excussit
613 3189 723 3240 errimus.
756 3240 760 3246 ,
790 3186 897 3256 legitur,
915 3188 967 3241 hoo
984 3186 1043 3240 loco
1060 3186 1233 3240 asseverantis
1251 3194 1293 3240 est
1310 3195 1338 3240 et
1351 3204 1394 3240 re·

155 3328 161 3342 .
186 3256 255 3338 Cap.
270 3262 318 3324 27,
334 3259 364 3377 fi.
381 3263 404 3310 9.
439 3259 499 3310 uolo
523 3257 566 3309 siu
583 3257 650 3322 ulos]
686 3255 758 3308 Nolo
790 3255 965 3336 spondentis,
984 3273 1036 3327 quo
1062 3256 1118 3308 fere
1142 3272 1221 3309 sensu
1246 3274 1305 3337 vero
1321 3255 1394 3337 ,poni

150 3326 316 3460 didi?
331 3323 758 3447 ,sortitor-stlatis:
791 3324 980 3446 trituret
996 3342 1048 3446 ts
1062 3326 1395 3447 lamis

150 3473 202 3517 tem
224 3479 308 3515 meum
325 3477 416 3515 omues
433 3460 495 3515 libri
517 3468 546 3514 et
563 3459 643 3514 Snak.
662 3467 690 3513 et
705 3459 759 3512 mei
791 3459 859 3514 Livii
877 3460 921 3514 lib.
940 3476 974 3527 v,
993 3467 1039 3527 51,
1057 3468 1083 3527 4,
1102 3460 1148 3514 ubi
1165 3459 1290 3514 Camillus
1308 3463 1341 3514 de
1357 3461 1393 3516 ei-

149 3536 261 3602 praetor
276 3529 349 3583 Flor.
366 3530 399 3582 Β.
421 3529 534 3582 Videtur
551 3528 614 3583 olim
631 3529 664 3581 ab
683 3545 758 3581 enar·
791 3529 863 3582 rium
880 3546 986 3583 suorum
1002 3529 1176 3599 perversitates
1192 3537 1315 3600 questus,
1343 3529 1394 3584 Ca-

150 3607 245 3655 rurore
262 3597 396 3652 adiectum
412 3614 482 3665 esse,
505 3615 564 3651 cum
580 3604 669 3649 tamen
687 3598 758 3649 vobis
791 3597 910 3668 pitolium
928 3599 1045 3667 deosque
1061 3597 1238 3678 prodentium,
1261 3598 1312 3651 iam
1330 3599 1395 3669 quid

150 3666 241 3739 padus
265 3665 394 3724 debuerit
427 3666 494 3720 Post
515 3682 648 3718 seruorum
665 3681 758 3734 qreyes
792 3665 842 3719 sibi
868 3673 960 3719 eontra
985 3683 1016 3718 ea
1041 3666 1176 3733 ridentur,
1204 3665 1242 3719 sie
1268 3666 1393 3737 exponit:

150 3753 214 3791 mat.
232 3750 338 3802 omnen,
367 3733 431 3788 editi
452 3743 559 3805 praeter
576 3733 650 3786 Mod.
685 3750 758 3802 reyes
792 3735 964 3803 Equidem,
996 3737 1020 3787 si
1045 3736 1117 3788 uobis
1144 3752 1200 3786 oum
1231 3736 1293 3787 urbe
1318 3737 1395 3788 simul

150 3821 302 3870 servatura,
328 3803 376 3856 sed
393 3813 488 3857 ornant
509 3804 562 3856 dun
578 3801 627 3855 soli
644 3752 716 3856 rior.
735 3799 757 3854 C
787 3805 892 3872 positae
910 3805 1071 3873 traditaeque
1084 3820 1136 3872 per
1150 3820 1242 3855 muuus
1255 3804 1394 3870 reliqioues

151 3880 180 3927 et
195 3871 279 3927 Bam.
296 3871 329 3925 Β.
420 3924 424 3937 ,
792 3873 880 3923 nullae
898 3881 991 3936 esseut,
1011 3881 1097 3924 tomen
1115 3881 1168 3924 tam
1183 3872 1287 3923 euidens
1301 3887 1394 3922 uumeu

194 3942 220 4009 ξ.
244 3945 285 3993 10.
328 3940 459 4011 Equidem
485 3939 669 3992 moderationis
696 3940 758 4005 cet]
792 3941 841 3992 lroo
859 3949 1006 4008 tempestate
1024 3941 1099 3991 rebus
1117 3939 1204 4008 adfuit
1212 3938 1349 4004 Romanis,
1367 3947 1395 3990 ut

150 4009 284 4080 Equidem
300 4007 354 4061 Μ
372 4024 400 4061 se
417 4006 485 4060 tueri
502 4015 590 4077 potest
602 4005 760 4060 auctoritato
793 4024 891 4061 omnem
907 4010 1095 4076 aepleyeutiam
1113 4008 1193 4059 diuini
1211 4007 1293 4059 cultus
1311 4023 1395 4058 erem-

151 4074 252 4131 undieis
269 4074 340 4130 Flor.
356 4078 396 4142 A,
420 4075 466 4129 sed
483 4075 566 4145 magis
584 4073 665 4127 etiam
682 4091 713 4127 ea
729 4090 759 4126 re
786 4085 864 4145 ptam
884 4077 1029 4128 homiuibus
1046 4085 1149 4144 putem,
1178 4091 1231 4143 quo
1248 4073 1305 4127 loeo
1322 4073 1395 4127 nulla

151 4142 318 4212 defenditur,
344 4143 416 4214 quod
432 4151 578 4198 ceterorum
595 4143 714 4197 oodionm
731 4151 759 4194 et
792 4150 835 4196 est
852 4142 996 4224 scripturae
1014 4143 1135 4195 varietas.

151 4212 300 4269 editionum
316 4220 383 4266 vett.
400 4211 480 4266 lectio
503 4214 605 4281 quidem
627 4211 692 4264 ferri
713 4227 758 4262 ne·
826 4228 858 4264 rre
885 4214 956 4265 vectis
983 4212 1097 4282 quidem]
1132 4209 1206 4263 Flor.
1234 4208 1322 4262 GDFI
1348 4228 1395 4264 uec

170 4281 220 4335 uit.
264 4280 336 4334 Nam
361 4279 416 4335 sive
442 4279 577 4350 coniungis
608 4282 637 4333 iu
663 4296 757 4348 mopuo
792 4281 865 4334 uictis
884 4281 1000 4350 quidem,
1025 4279 1097 4332 Flor.
1114 4278 1168 4331 ΕΗ
1185 4277 1290 4332 vomu
1310 4297 1395 4332 noune

151 4299 249 4404 ior-ore
267 4359 329 4403 suut
346 4352 418 4419 apud
433 4367 474 4403 me
491 4351 601 4418 quidem,
620 4348 674 4402 sive
688 4350 760 4428 apud
792 4350 867 4402 uictis
885 4349 994 4428 quidem.
1189 4364 1197 4381 ’

151 4435 192 4473 me
215 4419 319 4492 quidem
340 4419 524 4472 moderationis
548 4434 619 4472 mene
642 4417 758 4482 certissi—
826 4426 854 4471 ut
869 4417 980 4470 demidio
991 4424 1072 4484 porte
1088 4425 1217 4469 terrarum
1227 4416 1397 4473 solitudinem¹
