2926 5174
470 301 520 352 nn
550 300 677 353 orans
703 300 814 356 anax.
843 301 878 370 v,
905 299 947 349 aa
1277 285 1357 356 211

106 488 353 577 sollicitarent,
375 485 576 557 mittuntur.
628 482 722 557 Hine
749 509 823 582 spe,
849 485 932 556 hinc
957 494 1057 558 metu
1082 486 1254 561 militares
1280 488 1353 561 ani·

105 626 189 674 mos
217 607 379 672 versant:
411 598 535 669 ruinae
566 597 618 670 rei
650 595 804 670 subdere
830 596 910 670 illos
937 598 1070 695 capita,
1097 598 1134 669 in
1160 599 1353 695 perniciem

107 711 222 800 trahi,
250 734 328 781 curn
344 707 485 780 'Bactra
510 718 674 806 pateant,
702 718 898 806 exceptura
925 733 986 782 eos
1015 706 1117 782 donis
1145 719 1181 781 et
1208 710 1354 808 opulen-

107 824 168 913 tia,
199 820 324 894 animis
351 844 459 916 quam
485 820 671 916 concipere
697 820 948 917 nonpossint.
1392 821 1409 881 ’ἱ

214 930 314 1004 Haec
338 929 558 1028 agitantibus
571 930 775 1003 Artabazus
802 932 1020 1027 supervenit,
1034 932 1111 1005 sive
1124 933 1218 1030 regis
1244 931 1404 1022 iussu,29

108 1047 187 1118 sive
231 1068 296 1116 sua
335 1052 479 1140 sponte,
515 1042 712 1132 affirmans,
751 1041 955 1137 mitigatum
993 1067 1073 1116 esse
1106 1042 1284 1133 Dareum,
1319 1053 1357 1117 et

107 1153 266 1229 cundem
291 1153 358 1224 illis
386 1151 561 1225 amicitiae
587 1153 740 1251 gradum
766 1163 890 1250 patere
918 1154 1015 1251 apud
1040 1180 1173 1253 regern.
1225 1154 1280 1226 Illi
1306 1154 1355 1228 la·

106 1267 300 1340 crimantes
326 1290 421 1335 nunc
447 1274 602 1362 purgare
629 1289 677 1355 se,
704 1289 799 1335 nunc
819 1263 1040 1336 Artabazum
1066 1291 1181 1355 orare,
1209 1280 1250 1338 ut
1276 1290 1356 1338 cau·

107 1402 186 1451 sam
221 1377 382 1473 ipsorum
415 1385 593 1464 tueretur,
631 1399 827 1471 precesque
861 1375 1045 1471 perferret.
1114 1373 1172 1448 Sic
1209 1387 1357 1474 peracta

107 1497 224 1576 nocte,
254 1486 322 1557 sub
348 1487 448 1572 lucis⁸
464 1472 632 1558 exortum
656 1482 886 1559 Nabarzanes
913 1512 994 1559 curn
1015 1484 1214 1560 Bactrianis
1240 1487 1356 1559 militi·

107 1601 176 1672 bus
200 1598 241 1669 'in
268 1598 448 1670 vestibulo
474 1597 644 1695 praetorii
670 1595 837 1689 aderant,
872 1598 1017 1670 titulum
1043 1597 1224 1670 sollemnis
1251 1597 1357 1670 officii

110 1711 252 1784 occulto
296 1708 420 1780 sceleri
457 1709 710 1806 praeferentes.
777 1706 937 1798 Dareus,
974 1709 1077 1806 signo
1117 1709 1164 1781 ad
1200 1708 1358 1782 eundum

110 1820 206 1912 dato,
235 1844 381 1891 currum
406 1821 557 1917 pristino
584 1847 684 1894 more
711 1819 928 1893 conscendit.
977 1817 1207 1892 Nabarzanes
1235 1820 1358 1892 ceteri·

112 1957 180 2030 que
219 1931 427 2028 parricidae.
453 1934 728 2029 procumbentes
763 1932 877 2022 humi,
920 1956 1027 2028 quem
1060 1931 1169 2028 paulo
1202 1938 1288 2027 post
1321 1930 1360 2001 in

111 2043 263 2115 vinculis
291 2042 449 2114 habituri
484 2055 586 2117 crant
620 2046 820 2117 sustinuere
845 2043 1026 2131 venerari,
1060 2041 1225 2114 lacrimas
1253 2041 1362 2113 etiam

111 2153 357 2250 poenitentiae
382 2154 516 2227 indices
542 2154 797 2252 profuderunt:
826 2153 917 2226 adeo
943 2153 1108 2226 humanis
1135 2152 1286 2250 ingeniis
1300 2177 1363 2250 pa·

91 2274 192 2336 trata
219 2264 403 2336 simulatio
431 2276 495 2337 est.
528 2264 678 2338 Preces
706 2265 834 2339 deinde
861 2265 1068 2363 suppliciter
1095 2262 1263 2337 admotae
1290 2263 1363 2337 Da·

114 2401 223 2466 reum,
250 2385 385 2447 natura
410 2376 605 2473 simplicem
631 2387 668 2449 et
693 2377 834 2466 mitem,
861 2404 935 2450 non
962 2375 1107 2449 eredere
1133 2373 1241 2447 modo
1270 2400 1364 2474 quae

91 2486 358 2574 saffinnabant,
385 2484 449 2558 sed
474 2485 561 2559 flere
588 2489 696 2560 etiam
722 2498 925 2586 coegerunt.
960 2487 1016 2560 Ac
1040 2512 1087 2561 ne
1112 2496 1190 2559 turn
1218 2487 1363 2584 quidem

118 2598 265 2695 cogitati
295 2597 437 2669 sceleris
464 2598 659 2695 poenituit,
695 2625 776 2671 cum
801 2600 1040 2688 intuerentur,
1077 2600 1218 2695 qualem
1245 2609 1282 2671 et
1308 2624 1361 2673 re·

149 2845 172 2910 §-
183 2849 205 2895 9.
225 2841 330 2894 anisnis
349 2857 425 2905 qnam
444 2842 542 2909 concap.
555 2842 725 2909 nonpossint]
761 2861 863 2911 napora
881 2844 961 2895 vincti
978 2844 1289 2907 traduntur,etv1,4r
1308 2841 1363 2893 He-

114 2909 174 2963 Hoc
196 2910 281 2963 modo
309 2909 392 2960 verba
415 2907 579 2962 collocantur
600 2908 626 2961 in
649 2909 723 2963 Leid.
756 2913 896 2980 phaestion
914 2929 970 2963 curn
983 2911 1092 2963 Cratero
1110 2919 1133 2961 et
1154 2909 1238 2961 Coeno
1256 2926 1364 2962 consar-

114 2978 171 3031 Pal.
191 2986 202 3030 1
224 2986 255 3030 et
275 2976 374 3030 nostris
393 2977 525 3041 omnibus,
550 2978 596 3029 sed
612 2977 684 3031 Flor.
702 2977 725 3030 B
779 2989 833 3031 ant.
851 2978 948 3031 Nescio
965 2996 999 3030 an
1017 2978 1067 3031 scri
1086 2986 1146 3029 tura
1163 2976 1276 3029 Bern.B
1291 2976 1363 3031 Flor.

114 3058 260 3116 quantam,
289 3053 319 3097 et
336 3044 411 3098 DEF
429 3063 488 3097 cum
505 3045 586 3098 Bern.
604 3045 627 3098 B
647 3049 727 3099 ande·
788 3045 902 3099 EFGHl
915 3045 1006 3112 (miror
1015 3046 1053 3099 Sn
1090 3045 1245 3114 enburgium
1258 3046 1365 3098 tradere

113 3126 171 3168 rent
196 3134 247 3186 pro
279 3115 404 3182 possint,
439 3112 465 3166 G
479 3124 609 3182 possent.
653 3114 727 3167 Editi
762 3115 841 3168 etiam
859 3114 933 3167 Leid.
952 3123 979 3168 et
998 3114 1133 3184 utriusque
1151 3117 1239 3180 Voss.)
1263 3124 1286 3166 et
1303 3114 1364 3166 Na-

113 3195 239 3253 qnantam
260 3182 371 3234 animis.
393 3182 426 3233 In
435 3182 726 3251 VossutroqueSrtak.
762 3185 835 3236 barn.
862 3182 923 3236 inde
950 3192 1009 3236 orta
1035 3183 1069 3236 sit
1087 3184 1158 3254 quod
1175 3180 1237 3235 olim
1254 3181 1365 3252 pluralis

112 3252 195 3306 tradit
213 3251 299 3304 aliter
318 3257 398 3320 atque
416 3249 443 3303 in
456 3251 564 3320 reliquis
582 3267 726 3320 essequam
761 3250 863 3304 numeri
881 3251 1031 3322 explicandi
1049 3269 1128 3305 causa
1140 3259 1302 3332 temptatum
1314 3248 1365 3304 fuit

112 3323 219 3374 animis.
761 3322 861 3373 Bessus
885 3331 908 3374 et
933 3322 1071 3390 Nolana,
1101 3322 1172 3392 quod
1193 3339 1220 3373 ur
1246 3319 1366 3391 margine

147 3389 211 3460 Cap.
232 3395 285 3453 29,
316 3390 341 3451 S.
361 3393 400 3438 12.
437 3388 484 3440 sab
507 3389 574 3440 lacis
598 3389 728 3508 exortam}
762 3388 833 3442 Flor.
851 3390 875 3442 E
893 3397 976 3443 extat.

110 3459 180 3513 Edd.
204 3457 295 3528 princ.
324 3462 352 3508 et
374 3454 456 3525 vulgo
474 3455 538 3508 editi
556 3460 638 3522 ortn‚'
654 3474 709 3576 pao
800 3478 803 3485 ·

110 3535 183 3581 certe
207 3525 334 3578 debebat
357 3540 413 3576 esse
437 3534 537 3591 ortum,
562 3524 630 3577 sicut
672 3525 728 3577 edit
763 3495 824 3631 όαὲ]
840 3500 880 3615 13·
893 3493 1231 3617 tfflll‘llgssiaffidczyleggsluf
1267 3493 1366 3615 Zalek-

109 3595 210 3649 Iunius·
234 3594 313 3677 dil-³¹¹¹
334 3593 381 3644 Μ
399 3610 458 3645 cum
472 3592 592 3672 -ablalim
610 3583 727 3672 de'lem'
762 3629 832 3682 Flor.
925 3639 953 3683 et
977 3631 1114 3685 deterioris
1138 3631 1236 3685 ordinis
1253 3631 1331 3684 Voss.
1350 3636 1365 3682 2

109 3681 175 3734 pore
191 3671 341 3744 poeticum
363 3668 402 3712 est
425 3669 453 3713 et
470 3680 495 3713 rn
514 3680 591 3731 prosa
609 3669 727 3740 oratrone
761 3697 833 3751 Flor.
857 3698 947 3752 CEHI
969 3700 1048 3753 Bm
1072 3700 1096 3753 Β
1127 3718 1175 3770 pro
1200 3701 1367 3752 Numam
1427 3760 1428 3763 Ἴ

109 3749 296 3852 mnffimillm’
330 3735 443 3849 censeeda
469 3729 597 3808 §umam
624 3730 728 3851 ἔξω
762 3767 887 3820 hocloco
905 3768 1039 3839 appellant
1058 3770 1237 3834 Artabazum,
1256 3765 1366 3818 manife-

109 3819 182 3855 ΜΘ
207 3820 223 3853 a
246 3814 342 3850 enum*
455 3815 477 3849 ⁵¹
497 3816 539 3851 res
558 3816 623 3851 exc
669 3816 728 3851 cum
763 3843 805 3889 sto
822 3853 924 3903 errore,
952 3837 998 3889 sed
1016 3856 1063 3917 pro
1083 3845 1157 3889 terea
1177 3837 1308 3899 notando,
1336 3839 1367 3884 ut

110 3870 281 3924 auctoritate
300 3865 410 3935 pendet,
423 3877 536 3920 exortam
548 3867 598 3920 fuit
613 3867 728 3920 scriben-

110 3940 179 3991 dum¹
223 3934 320 3990 Paulo
349 3942 408 4002 post
429 3938 608 4004 praefenmtes
636 3935 729 4005 optimi
762 3921 796 3956 ne
813 3857 1121 3985 integerrirnosuqmdem
1138 3904 1218 3957 libros
1235 3903 1367 3954 immunes

109 4008 212 4062 codices
232 4013 265 4057 et
286 4009 437 4056 ceterorum
454 4021 558 4074 qnoque
580 4022 633 4056 non
651 4003 729 4073 pauci
763 3989 819 4025 ³⁸⁸⁹*
837 3975 963 4027 e¹u⁵m⁰d¹
980 3982 1102 4026 V¹t¹⁰mm
1120 3977 1255 4042 appareat·
1312 4070 1313 4073 Ἴ

110 4076 252 4140 exhibent,
276 4087 367 4139 neque
384 4071 432 4124 hoc
451 4074 671 4125 contemnendum
689 4072 727 4125 vi·
798 4079 826 4146 §a
841 4083 881 4128 14.
921 4080 968 4128 sed
989 4077 1055 4144 flere
1082 4075 1189 4193 etiam]F
1217 4071 1261 4124 Sic
1286 4072 1368 4125 verba

111 4147 201 4211 detur,
222 4138 354 4214 quamvis
371 4138 404 4191 ob
422 4139 551 4194 eam'rcm
570 4141 728 4194 accessesit
763 4144 926 4197 collocantur
951 4144 978 4196 in
1005 4145 1085 4196 Bern.
1113 4142 1140 4192 A
1191 4140 1238 4192 lor.
1265 4140 1369 4194 ABCG

111 4214 282 4283 corrigamus
302 4209 430 4273 aderant,
458 4227 523 4279 quae
546 4211 619 4264 verbi
638 4210 727 4263 termi-
762 4213 836 4265 Leid.
865 4214 940 4266 Voss.
969 4221 997 4279 13
1020 4211 1100 4279 vulgo
1123 4213 1171 4262 sed
1193 4211 1270 4260 etiam
1292 4210 1367 4276 flere.

113 4283 181 4336 natio
210 4275 392 4334 librariorum
418 4276 532 4331 incuriae
564 4279 639 4332 nimis
671 4287 728 4331 erat
764 4281 817 4334 Sed
826 4283 897 4350 flere
916 4299 1002 4334 ornnes
1019 4279 1089 4331 Flor.
1100 4277 1136 4342 H,
1156 4294 1184 4329 se
1218 4295 1264 4329 ενε
1281 4295 1369 4331 ornnes

114 4351 246 4421 exposita.
281 4345 457 4398 constructio
474 4356 514 4400 cst
532 4348 615 4418 qualis
634 4363 676 4415 rv,
695 4355 726 4400 23
763 4345 1188 4419 Flor.F1‚flere0mnesF10r.D
1216 4348 1290 4414 ‚sed
1300 4347 1369 4414 flers

115 4417 321 4474 Pharnabazus
348 4431 403 4466 cam
430 4416 585 4484 Apollonide
608 4428 631 4470 et
649 4419 729 4470 Atte—
764 4419 846 4471 Bern.
863 4418 915 4471 Β.·

1124 4503 1177 4554 14*
