2926 5174
505 307 552 356 nn
579 304 707 356 asans
734 306 843 357 saux.
869 307 921 376 m,
941 306 965 357 1.
1289 327 1292 331 >
1340 294 1362 366 3

91 511 188 588 asyas
214 487 352 577 amnis,
382 488 554 562 fabulosis
582 487 801 564 Graecorum
827 491 1043 564 carminibus
1068 494 1220 567 inclitus.
1265 494 1362 570 Fons

115 600 179 674 aius
213 623 265 672 ex
299 624 452 672 summo
485 601 616 673 montis
650 602 832 674 cacumine
867 624 1062 677 excurrens
1093 604 1131 675 in
1163 606 1363 681 subiectam

112 719 245 808 petram
271 732 418 806 magno
438 711 588 808 strepitu
606 737 781 808 aquarum
800 711 913 785 cadit:
939 713 1023 786 inde
1043 713 1194 789 diffusus
1214 718 1362 791 circum·

111 821 213 894 iectos
240 819 345 914 rigat
373 845 531 918 campos,
561 822 716 918 liquidus
753 833 789 896 et
820 834 909 896 suas'
931 822 1122 897 dumtaxat
1146 826 1264 902 undas
1290 839 1360 902 tra·

91 931 202 1004 thens.
256 928 398 1026 Itaque
424 933 522 1005 color
553 934 628 1007 eius
660 933 801 1031 placido
827 937 918 1008 mari
944 936 1067 1009 similis
1092 938 1212 1011 locum
1238 947 1360 1036 poeta·

110 1067 184 1114 rum
208 1039 414 1114 mendacio
438 1045 545 1116 fecit:
577 1046 706 1142 quippe
732 1045 906 1118 traditum
932 1056 997 1136 est,
1023 1045 1210 1146 Nymphas
1237 1076 1360 1124 amore

111 1153 216 1226 amnis
251 1161 428 1225 retentas
459 1155 496 1226 in
528 1155 586 1227 illa
620 1181 708 1252 rupe
729 1155 940 1263 considere.
995 1154 1163 1231 Ceterum
1190 1159 1360 1257 quamdiu

91 1263 200 1335 tintra
222 1288 355 1336 muros
386 1263 475 1354 fluit,
501 1291 632 1338 nomen
658 1291 764 1339 suum
789 1268 939 1342 retinet:
979 1278 1018 1339 at
1043 1294 1126 1341 cum
1152 1281 1258 1343 extra
1283 1298 1359 1344 mu-

115 1375 263 1447 nimenta
288 1399 334 1446 se
367 1375 516 1467 evolvit,
540 1377 674 1451 maiore
700 1378 738 1449 vi
763 1402 806 1449 ac
831 1381 924 1452 mole
952 1389 1119 1478 agentem
1144 1380 1261 1454 undas
1288 1379 1357 1480 Ly·

119 1509 189 1557 cum
212 1486 420 1583 appellant.

91 1617 99 1665 r
203 1595 433 1669 Alexander
470 1596 613 1694 quidem
651 1598 779 1671 urbem
817 1598 1027 1674 destitutam
1070 1629 1092 1674 a
1127 1603 1199 1675 suis
1234 1603 1356 1693 intrat,

109 1731 219 1779 arcem
244 1733 357 1797 vero,
393 1707 430 1779 in
457 1732 562 1804 quam
588 1710 831 1806 confugerant,
865 1737 1072 1810 oppugnare
1105 1711 1265 1803 adortus,
1301 1738 1356 1784 ca-

108 1815 345 1892 duceatorem
379 1820 578 1915 praemisit,
614 1821 674 1918 qui
707 1819 951 1912 denuntiaret,
982 1823 1020 1894 ni
1045 1821 1229 1914 dederent,
1256 1824 1354 1920 ipsos

91 1929 225 2002 ‘ultima
252 1954 343 2003 esse
372 1954 552 2026 passuros
605 1930 660 2004 Illi
686 1929 960 2004 caduceatorem
984 1933 1022 2004 in
1046 1943 1194 2023 turrem,
1222 1943 1259 2005 et
1285 1934 1356 2006 situ

108 2048 140 2110 et
160 2065 275 2137 opere
304 2041 470 2112 multum
495 2036 635 2130 editam,
661 2039 885 2139 perductum,
912 2053 1046 2138 quanta
1073 2053 1168 2116 esset
1193 2041 1356 2131 altitude,

106 2149 229 2224 intueri
263 2152 415 2240 iubent,
451 2175 491 2222 ac
523 2153 686 2225 nuntiare
718 2150 945 2243 Alexandr0,
973 2180 1047 2228 non
1080 2152 1205 2227 eadem
1239 2154 1357 2251 ipsum

106 2419 158 2456 mss.
174 2402 292 2483 propius
313 2400 432 2455 accedit.
483 2401 524 2454 De
541 2403 607 2455 urbe
626 2401 719 2456 Celae-
754 2403 817 2456 locis
835 2405 905 2474 apud
917 2403 1022 2457 Livium
1039 2405 1128 2456 arbem
1142 2422 1294 2474 oppnqnare
1306 2406 1356 2457 ad·

106 2488 191 2525 narum
208 2473 278 2525 vade
297 2470 441 2528 Herodot.
458 2467 501 2523 lib.
519 2486 571 2539 vn,
590 2477 633 2538 26,
661 2471 719 2524 Xe·
754 2482 826 2525 ortas
853 2482 900 2525 aut
922 2473 977 2526 sine
1008 2471 1137 2525 varietate
1158 2480 1206 2525 aut
1227 2471 1266 2524 ita
1289 2471 1355 2541 legi-

106 2541 212 2610 nophon.
232 2540 332 2593 Anab.
352 2553 374 2604 1,
395 2544 421 2604 2,
445 2555 553 2607 quorum
576 2538 719 2611 descriptio
753 2549 807 2606 tur,
826 2548 857 2593 ut
874 2540 958 2595 altera
975 2542 1057 2594 forma
1070 2544 1184 2595 adorsus
1201 2540 1229 2594 in
1247 2558 1300 2593 uno
1318 2540 1357 2592 al·

107 2606 305 2662 inuniversum
325 2625 391 2660 cum
408 2614 499 2660 nostro
512 2607 639 2678 scriptore
656 2626 718 2662 con-
753 2616 845 2662 terove
867 2609 1004 2663 deterioris
1027 2618 1107 2663 notae
1129 2609 1218 2663 codice
1240 2608 1356 2661 invenia-

108 2677 188 2744 sentit‚
211 2677 236 2730 si
260 2674 482 2747 Καταρῥήκτην
499 2676 630 2730 Herodoti
654 2694 718 2729 eun-
753 2685 807 2744 tur,
825 2694 875 2730 nec
889 2677 934 2732 alii
947 2677 1224 2748 aliornmscriptorum
1239 2676 1289 2730 loci
1301 2682 1356 2729 ine-

107 2745 160 2798 dem
175 2763 234 2800 esse
261 2762 298 2799 ac
325 2744 467 2812 Marsyam
483 2752 596 2812 statuas,
619 2751 718 2815 Marsy·
753 2745 818 2799 liore
835 2746 943 2800 fortuna
964 2747 1015 2800 huc
1038 2747 1181 2800 trahuntur
1201 2764 1218 2798 a
1235 2745 1357 2816 Scylerto

107 2823 253 2868 amantem
272 2814 304 2867 in
318 2813 499 2866 Maeandrum
509 2814 655 2880 decurrere,
674 2833 718 2868 cu·
754 2815 932 2883 grammLat.
951 2818 973 2882 ξ.
990 2821 1055 2869 1723
1085 2823 1140 2867 not.
1161 2821 1190 2867 12
1210 2813 1285 2865 malis
1301 2812 1357 2865 edi·

107 2880 141 2935 ius
157 2882 254 2937 itidem
273 2883 339 2935 fons
353 2897 439 2951 prope
448 2881 573 2935 Calaenas
582 2890 631 2949 est,
651 2883 728 2949 Cur·v
754 2883 869 2936 tionibus
887 2891 989 2949 utente,
1005 2903 1030 2935 v.
1047 2901 1069 2936 e.
1082 2882 1207 2952 Vergilii,
1225 2881 1271 2934 ubi
1288 2883 1356 2934 Aen.

107 2950 154 3004 tius
169 2971 223 3005 non
248 2957 458 3005 commemorat.
492 2949 554 3018 Sed,
576 2952 646 3020 quod
669 2954 728 3004 illd
753 2966 806 3016 vn,
826 2957 876 3004 386
896 2951 923 3003 in
940 2952 1061 3004 Mediceo
1079 2950 1177 3019 legitur
1194 2952 1288 3002 Maias
1308 2952 1356 3003 ad·

111 3028 253 3088 tenpestate
273 3019 355 3084 dicit,
375 3034 409 3070 eo
426 3017 542 3087 pertinet
558 3021 638 3089 quod,
656 3037 718 3073 con·
754 3029 811 3071 orta
838 3020 915 3087 nefas
941 3021 1114 3086 maioremque
1145 3036 1205 3069 orsa
1224 3020 1357 3086 furorem.
1388 3037 1391 3041 ·

114 3086 165 3139 dita
180 3089 212 3140 ab
231 3088 377 3141 Antiocho
393 3085 511 3156 (Sotere)
529 3090 594 3141 urbe
629 3088 718 3158 ropin-
754 3085 870 3139 Omnino
883 3085 956 3138 nulla
972 3104 1024 3138 vox
1042 3092 1083 3137 est
1101 3087 1236 3136 adordiri:
1254 3086 1358 3136 adoriri

116 3171 164 3223 qua
182 3157 313 3225 Apamea,
346 3155 477 3208 Celaenae
498 3164 599 3209 veteres
620 3158 653 3209 ab
677 3157 718 3208 in·
753 3154 853 3207 dictum
879 3161 920 3206 est
946 3161 977 3206 ut
1000 3153 1112 3222 aqqredi
1134 3152 1167 3204 de
1189 3151 1290 3221 impetu
1312 3169 1357 3203 cu-

116 3222 172 3275 colis
191 3224 343 3278 derelictae
368 3232 443 3275 sunt:
475 3222 584 3278 Strabo'
599 3225 657 3278 Lib.
675 3239 720 3276 ΧΠ
754 3223 856 3275 iusdam
873 3222 911 3275 rei
928 3222 1110 3292 perficiendae.
1145 3220 1188 3273 Ne
1206 3219 1276 3290 apud
1294 3218 1358 3272 Gel-

112 3290 677 3362 pag.5lt.AnteaPhrygiaecaputfi1erant
691 3301 720 3346 et
754 3291 819 3345 lium
840 3291 946 3361 quidem
972 3306 1033 3357 xm,
1058 3297 1088 3344 21
1113 3290 1242 3359 Hippiam
1269 3298 1358 3357 tyran·

108 3370 252 3415 mercatura
288 3361 430 3413 florebant
454 3377 498 3427 ea,
528 3380 580 3432 qua
611 3363 720 3431 posthac
754 3380 815 3413 nam
833 3361 976 3427 interficere
994 3361 1087 3413 adorsi
1108 3369 1183 3412 erent
1204 3374 1294 3411 veram
1319 3357 1357 3410 le·

107 3429 218 3500 Apamea
237 3430 271 3484 in
289 3427 364 3482 Asia
381 3428 498 3497 proxime
515 3438 576 3499 post
584 3431 720 3501 Ephesum
754 3429 869 3483 ctionem
886 3437 959 3509 puto.
1349 3478 1376 3506 Ι,

107 3498 197 3556 flonut.
789 3501 812 3565 ξ.
832 3505 855 3549 7.
883 3517 911 3550 tn
930 3500 1037 3565 torrem]
1056 3496 1101 3549 Sic
1118 3495 1249 3548 edendum
1268 3512 1357 3548 curan

135 3571 156 3634 ξ.
175 3575 198 3622 6.
238 3569 274 3619 ni
285 3566 428 3634 dederent]
447 3565 525 3630 Quod
542 3566 606 3619 olim
624 3568 719 3620 edeba·
753 3582 787 3618 ex
804 3565 879 3618 Leid.
898 3573 925 3618 et
942 3565 1121 3626 Beruensibus
1144 3563 1358 3633 Florentinisque

106 3641 145 3688 tur
160 3654 177 3689 a
192 3634 285 3708 pleris
306 3650 345 3686 ue
364 3635 395 3684 ni
411 3651 438 3686 se
456 3637 576 3687 dederent
594 3651 628 3688 ex
645 3637 719 3688 dete·
755 3635 875 3687 omnibus
902 3642 1007 3704 praeter
1033 3652 1114 3686 unum
1133 3632 1167 3699 G,
1195 3633 1241 3703 qui
1264 3634 1358 3685 turrim

106 3703 210 3760 rioribus
231 3653 322 3758 codd.
343 3702 537 3772 depromptum,
560 3703 666 3756 Medius
692 3712 720 3757 et
755 3703 843 3768 habet,
868 3703 938 3773 quod
959 3703 1021 3756 inde
1043 3720 1059 3755 a
1080 3700 1222 3756 Vindelino
1240 3699 1358 3771 Spirensi

107 3769 219 3827 Radems
241 3771 473 3826 condemnarunt.
499 3771 593 3825 Plures
605 3771 675 3824 enim
692 3780 720 3825 et
755 3771 883 3825 editiones
900 3770 1013 3825 obtinet.
1035 3770 1095 3824 Lib.
1113 3785 1155 3836 IV,
1175 3777 1206 3824 19
1226 3772 1254 3823 in
1281 3771 1358 3822 eltis·

105 3841 219 3897 meliores
263 3839 352 3894 codd.
388 3856 528 3907 pronomen
558 3839 721 3912 reciprocum
755 3841 849 3894 simam
875 3850 981 3907 turrem,
1008 3848 1036 3893 et
1052 3850 1094 3905 Ν,
1122 3846 1154 3892 26
1179 3841 1207 3890 in
1232 3839 1357 3907 proxima

106 3908 112 3920 '
144 3920 237 3978 orant,
258 3916 298 3960 ut
317 3904 499 3978 subintelligas
518 3927 612 3964 arcem.
645 3910 720 3962 Idem
755 3919 827 3962 turre
844 3907 873 3961 in
890 3909 1010 3962 ommbus
1027 3906 1220 3978 exemplaribus
1238 3911 1288 3969 est,
1311 3919 1357 3954 ex-

104 3927 221 4034 ffiderus
242 3976 337 4048 paulo
355 3983 418 4027 ante
426 3981 537 4031 adorsus
555 3979 720 4032 scribendum
756 3985 832 4048 cepto
849 3994 904 4030 uno
920 3977 989 4031 Flor.
1003 3978 1041 4043 H,
1059 3976 1104 4046 qui
1122 3974 1209 4045 priore
1227 3971 1284 4026 loco
1302 3981 1358 4050 ter-

104 4050 213 4116 putavit,
237 4054 276 4099 ut
296 4043 366 4097 olim
385 4053 445 4096 ante
461 4047 576 4100 Modiam
593 4048 722 4100 edebatnr
757 4049 808 4099 rim
826 4044 941 4099 exhibet.
979 4045 1020 4100 Cf.
1038 4040 1238 4097 Drakenborch.
1256 4040 1290 4092 ad
1298 4038 1357 4093 Lrv.

105 4123 130 4169 et
144 4117 251 4188 legitur
272 4113 306 4166 in
325 4110 721 4180 Pau.1.a,F10r.DuF1er
756 4130 848 4182 xxm,
869 4120 900 4167 37
926 4114 971 4184 qui
999 4112 1090 4167 itidem
1117 4109 1192 4164 codd.
1220 4126 1280 4162 mss.
1312 4125 1359 4187 au-

106 4182 176 4240 Gex
194 4189 276 4239 corr.
317 4177 517 4236 Drakenborch.
536 4185 569 4236 ad
585 4183 643 4237 Liv.
658 4184 721 4254 epit.
757 4183 909 4237 ctoritatem
926 4191 1031 4236 secutus
1049 4181 1094 4233 illo
1110 4179 1169 4257 loco
1187 4188 1285 4230 turrem
1303 4177 1358 4229 edr-

104 4251 277 4307 libxxxv1
317 4246 430 4300 eandem
462 4250 536 4303 litem
568 4252 650 4305 movit
684 4260 720 4318 et,
756 4251 805 4304 dit.
826 4251 885 4304 Nec
903 4252 977 4304 deest
994 4252 1359 4318 grammatrcorum·veterum

105 4322 143 4375 ubi
169 4325 203 4376 de
235 4315 403 4386 incipienda
423 4334 451 4369 re
471 4319 580 4387 dicitur,
608 4324 720 4374 adorsus
755 4318 884 4384 Prisciani
907 4327 935 4371 et
953 4316 1065 4372 Charisii
1087 4314 1359 4393 utramqueformam

106 4391 281 4445 scribendum
300 4390 400 4456 putat:
424 4386 503 4457 falso,
526 4407 586 4442 nam
603 4388 721 4460 plurimis
756 4396 784 4443 et
801 4391 837 4442 im
854 4394 883 4441 et
901 4404 939 4441 em
956 4383 1124 4458 probantium
1141 4390 1293 4438 auctoritas.

1119 4467 1154 4519 1*
