2926 5174
111 262 157 333 12
492 222 497 231 ¹
581 273 615 335 o.
644 271 768 324 cunrn
792 273 878 324 num

107 466 187 537 tum
213 459 451 534 cummaxime
476 457 578 529 utilia
604 453 832 546 suadentem,
867 455 1027 527 abstrahi
1045 453 1157 533 'iussit
1183 453 1232 527 ad
1257 457 1339 554 capi·

108 576 181 647 tale
213 571 435 668 supplicium.
501 565 565 639 Ille
605 590 652 638 ne
688 574 768 638 tum
807 564 952 661 quidem
988 565 1164 638 libertatis
1206 566 1368 656 oblitust

108 686 223 776 lateo,
262 680 394 777 inquit,
427 689 592 777 puratum
616 675 731 750 mortis
756 701 851 749 mem
876 677 1031 752 odorere:
1070 688 1196 773 expetet
1219 701 1341 774 poenus

108 793 239 870 consilii
263 791 330 865 mei
353 789 457 887 spreti
481 789 570 884 ipae,
612 798 725 861 contre
749 812 847 886 quem
872 787 931 859 nbi
954 785 1057 860 sensi.
1133 786 1190 859 Tn
1217 787 1342 886 quiden

109 904 240 979 licentio
264 900 362 1001 repni
386 903 454 972 tum
485 898 589 973 subdo
620 909 766 971 metatus
778 952 787 988 ,
827 897 1056 971 decemremem
1094 895 1162 969 eris
1195 896 1342 994 posteris,

110 1015 274 1104 domines,
301 1037 377 1085 cnm
401 1035 437 1084 se
455 1009 642 1108 penetrem
657 1010 834 1110 fortmme,
860 1007 960 1080 etiem
984 1019 1143 1080 naturam
1169 1007 1341 1080 dediscere.

108 1124 209 1198 Haec
234 1122 501 1210 vociferantem,
529 1121 657 1216 quibus
683 1121 898 1215 imperatum
924 1128 1012 1205 erat,
1028 1117 1212 1214 iugulant.
1263 1113 1342 1189 Sera
1350 1135 1371 1182 19

110 1233 238 1307 deinde
263 1231 485 1329 poenitentia
512 1230 621 1303 subiit
646 1254 784 1328 regem,
812 1253 854 1300 ae
879 1253 967 1301 vera
993 1227 1127 1300 dixisse
1154 1229 1342 1317 consessus,

109 1344 250 1442 sepeliri
276 1368 358 1416 eum
384 1341 496 1414 iussit.
1352 1417 1353 1420 Ἴ

59 1465 80 1535 6
213 1452 419 1552 Thymodes
448 1461 542 1540 erat,
575 1448 747 1522 Mentoris
780 1450 889 1538 filine,
922 1448 1073 1546 impiger
1098 1448 1255 1521 iuvenis:
1294 1451 1377 1520 cuin.

107 1574 340 1663 praeceptum
359 1573 415 1635 est
434 1586 564 1658 arege,
590 1568 632 1631 ut
658 1585 782 1633 omnes
808 1559 1016 1658 peregrinos
1041 1558 1182 1648 milites,
1208 1559 1247 1630 in
1274 1558 1343 1654 quis

1 1710 22 1767 g
108 1674 302 1772 plurimum
328 1673 486 1746 habebat
512 1670 605 1767 spei,
632 1697 654 1742 a
680 1669 914 1743 Pharnabazo
942 1670 1128 1766 acciperet,
1156 1694 1269 1766 opera
1294 1693 1342 1741 eo·

108 1809 190 1856 rum
227 1809 357 1856 usurus
397 1784 434 1854 in
473 1783 584 1855 bello:
622 1781 690 1877 ipsi
726 1778 969 1853 Pharnabazo·
1001 1779 1113 1851 tradit
1151 1780 1342 1877 imperium,

108 1894 206 1991 quod
219 1905 339 1968 vautea
365 1892 549 1966 Memnoni
579 1890 738 1964 dederat.
989 1881 991 1885 ’

210 2003 372 2077 Anxium
399 2003 443 2077 de
459 2003 685 2076 instantibus
712 2000 816 2089 curie,
843 2000 1030 2097 agitabant
1061 1999 1169 2072 etiam
1203 2024 1271 2096 per
1296 2013 1364 2072 s0·2

107 2140 231 2187 mnum
244 2116 379 2211 species
397 2114 657 2186 imminentium
681 2137 818 2201 rerum3
846 2111 922 2184 sive
946 2112 1023 2182 illas
1050 2109 1251 2207 aegritudo,
1277 2111 1342 2182 sive

112 2224 284 2304 divinatio
324 2225 434 2296 animi
471 2223 728 2320 praesagientis
767 2221 925 2294 accersit.
992 2219 1119 2294 Castra
1151 2218 1366 2293 Alexandria

109 2458 230 2522 maxime,
248 2454 288 2507 uti
298 2455 408 2534 simplex
418 2464 479 2522 tam,
498 2456 531 2508 ad
541 2454 713 2526 praeteritum
747 2457 811 2509 toris
819 2456 920 2576 filiusg
930 2455 1011 2578 Apud
1023 2453 1167 2507 Arrianum
1184 2461 1226 2506 est
1238 2451 1344 2522 Θυμών-

143 2524 255 2591 rtinere3
272 2525 319 2576 sed
332 2523 479 2593 saepissime
496 2523 576 2576 etiam
592 2523 664 2594 prius
681 2523 713 2576 il·
748 2521 807 2590 dae,
825 2524 944 2576 sedliri
977 2521 1083 2588 urtiani,
1101 2522 1153 2575 mei
1170 2530 1244 2576 certe
1254 2538 1343 2587 omnes,

120 2593 156 2644 ud
173 2610 232 2646 cum
249 2591 410 2662 temporibus
428 2592 577 2662 praeteritis
590 2591 713 2672 coniungi
747 2591 797 2645 sibi
818 2599 948 2645 constant.
996 2591 1104 2643 Fratres
1130 2598 1220 2643 autem
1246 2591 1344 2643 filerunt

109 2660 233 2730 reperias,
252 2667 283 2713 ut
300 2677 405 2729 prorsus
423 2662 501 2714 abeat
518 2660 615 2713 ineam
633 2660 712 2730 signi·
746 2661 856 2713 Mentor
872 2667 900 2712 et
918 2660 1058 2725 Memnon,
1079 2658 1192 2725 Rhodii,
1211 2673 1344 2729 eorumque

109 2728 257 2783 ficationem
275 2745 354 2798 quam
371 2726 497 2780 Germani
518 2728 645 2782 vocabulo
667 2745 712 2798 ge:
747 2745 863 2781 sororem
874 2729 1023 2781 Artabazus
1040 2727 1155 2780 habebat
1172 2726 1200 2779 in
1218 2727 1344 2780 matrimo-

110 2803 178 2854 tote
201 2795 348 2849 tribuimus.
384 2795 454 2849 Vide
475 2797 511 2862 V,
535 2804 577 2863 22,
600 2804 614 2850 2
634 2803 662 2848 et
679 2797 713 2848 ad
747 2796 800 2862 nio,
820 2797 932 2849 fecundo
950 2796 1104 2861 admodum,
1122 2813 1185 2847 nam
1203 2811 1344 2848 communes

110 2879 170 2931 vn,
190 2871 232 2929 22,
251 2871 275 2916 2.
311 2864 405 2934 Itaque
423 2882 476 2917 non
493 2864 601 2931 mirere,
620 2864 642 2916 si
660 2883 713 2918 non
748 2863 824 2917 liberi
842 2865 950 2917 fuerunt
968 2884 984 2928 η
1002 2862 1048 2915 filii
1066 2870 1093 2914 et
1108 2883 1130 2914 ω
1147 2862 1230 2928 filiae3
1249 2865 1345 2917 illorum

110 2933 194 2986 solum
211 2950 280 2985 nunc
289 2934 459 2985 cummaxime
476 2932 565 2987 iuncta
573 2932 711 2999 inveneris,
747 2949 814 2984 unus
832 2931 1019 2985 Pharnabazus
1041 2944 1096 2983 tum
1114 2932 1238 2983 avunculi
1256 2928 1345 2985 mortui

110 3001 156 3055 sed
179 3000 259 3054 etiam
281 3011 341 3054 tnnc
364 3003 533 3054 cummaxime
554 3001 570 3054 i.
589 3018 611 3054 e.
646 3009 712 3056 etate
746 3000 884 3071 imperium
902 3017 974 3054 susce
993 2999 1023 3052 it.
1067 2998 1135 3052 Vide
1160 2999 1231 3052 infra
1253 3001 1287 3052 ad
1301 2999 1345 3060 VI,

109 3071 204 3125 rumolt
241 3069 311 3123 Vide
327 3069 349 3131 si
385 3069 453 3122 lacet
471 3069 571 3123 Duker.
590 3071 623 3122 ad
663 3069 711 3123 lor.
748 3077 780 3122 14
798 3076 826 3121 et
844 3068 946 3122 Diodor
985 3067 1041 3135 VI,
1054 3072 1085 3120 52
1103 3065 1345 3137 ‘cumWesselingii

108 3153 149 3205 1v,
170 3145 194 3205 1,
213 3145 238 3205 3,
258 3088 428 3217 Oudenddrp.
447 3138 481 3189 ad
497 3138 617 3192 Frontin.
636 3153 670 3204 11,
686 3145 710 3202 9,
746 3145 817 3191 nota.

110 3212 125 3260 5
145 3214 173 3258 et
191 3207 224 3258 ad
242 3206 314 3258 Suet.
332 3206 432 3259 Dormt.
453 3211 494 3272 10,
518 3207 713 3259 Cellarium‘ad
781 3206 871 3275 antea]
890 3204 980 3274 Vulgo
991 3213 1051 3258 unte
1068 3203 1129 3255 inde
1146 3205 1180 3257 ab
1198 3203 1263 3257 edit.
1298 3202 1346 3256 rin-

111 3273 187 3353 Qurt.
201 3288 284 3339 v,vn
300 3273 346 3340 in.,
363 3272 483 3325 Freinsh.
501 3273 528 3324 in
545 3273 631 3326 indice
645 3273 713 3326 Cur-
747 3290 817 3394 gpgl,
835 3291 895 3326 mss.
911 3283 988 3326 antee
1005 3273 1110 3342 praeter
1119 3271 1200 3325 Bern.
1210 3273 1233 3326 B
1244 3279 1274 3325 et
1280 3221 1345 3325 l'lor.

109 3349 192 3396 aeno.
818 3379 825 3393 .

146 3411 169 3474 ς.
189 3412 229 3459 18.
258 3407 363 3459 consilii
379 3409 430 3459 mei
446 3408 540 3476 spreta]
577 3406 622 3459 sic
638 3406 712 3459 Leid.
783 3412 805 3476 ξ.
815 3416 839 3462 3.
857 3418 881 3461 et
893 3411 976 3478 poulo
989 3418 1052 3478 port
1069 3410 1222 3460 Alexander
1240 3407 1346 3475 addan]

110 3473 307 3530 BernAFlor.
325 3473 363 3540 Β;
381 3476 461 3527 turba
478 3474 638 3528 deteriorum
653 3493 713 3529 cum
746 3475 780 3529 ln
797 3476 860 3529 edit.
896 3476 961 3530 rinei
980 3475 1152 3546 coeterisque
1160 3476 1346 3546 antiquioribus

111 3542 189 3596 editis
206 3543 257 3594 mei
274 3543 378 3594 consilii
395 3543 485 3612 spreti.
530 3543 597 3596 Mox
614 3545 638 3595 is
656 3545 712 3612 ipre
747 3552 810 3597 ante
827 3495 948 3598 Medium
962 3495 1120 3615 legebantur
1137 3544 1280 3598 accusativi
1289 3545 1347 3597 Ale-

110 3610 198 3664 nescio
214 3610 284 3661 unde
296 3608 324 3661 in
333 3609 377 3662 vul
398 3610 539 3664 ,editiones
549 3611 619 3679 (Iun.
626 3611 713 3682 Mod.)
747 3616 879 3666 xnndrnm
897 3615 1152 3681 adduci—-eqno
1172 3615 1347 3666 deinde--

110 3678 198 3744 venit,
217 3684 245 3730 et
261 3695 277 3730 a
293 3628 471 3732 Freinslremio
488 3678 568 3731 etiam
585 3681 713 3750 Bougars.
748 3691 858 3747 vectum,
885 3682 970 3734 subito
988 3699 1043 3734 esse
1060 3682 1223 3747 subductum,
1242 3678 1347 3734 adiectis

110 3745 172 3800 libri
188 3744 346 3799 auctoritate
363 3747 479 3813 fulcitur,
497 3749 544 3799 sed
560 3749 584 3800 is
602 3766 655 3801 non
672 3765 713 3801 re·
748 3748 828 3801 etiam
853 3749 1079 3819 interpretationis
1111 3766 1188 3802 causa
1215 3756 1277 3819 post
1303 3764 1348 3817 qno

110 3814 213 3886 peritur
229 3813 257 3866 in
274 3813 328 3868 ullo
346 3832 463 3868 meorum
484 3832 532 3869 nec
553 3815 581 3868 in
598 3815 714 3870 editione
748 3819 805 3886 ipse
813 3819 915 3886 fnisset
937 3817 977 3870 his
998 3817 1097 3871 verbis:
1124 3834 1181 3869 cnm
1203 3819 1348 3886 appelletur

110 3882 235 3954 principe.
748 3894 814 3938 esset
832 3902 886 3937 rex.
904 3884 958 3938 Sed
976 3886 1040 3939 haee
1057 3884 1161 3956 quidem
1179 3887 1260 3938 verba
1277 3883 1348 3937 facile

146 3955 168 4020 ξ.
188 3958 229 4005 19.
247 3952 400 4021 imperatum
419 3954 486 4022 erut]
514 3950 558 4005 Sic
576 3970 624 4021 pro
641 3951 713 4032 vulg.
748 3961 858 4026 apparet
875 3971 909 4005 ex
927 3954 1046 4024 sequenti
1063 3952 1183 4007 orat-ione
1200 3954 1234 4004 ad
1252 3953 1306 4005 hl.
1322 3951 1346 4003 in

112 4030 169 4072 erat
186 4021 339 4099 imperatum
357 4020 458 4074 codices
476 4020 608 4086 meliores,
633 4019 713 4139 pleri·
748 4021 866 4099 margine
882 4022 960 4074 fuisse
977 4022 1121 4092 adscripta,
1140 4020 1179 4072 uti
1197 4037 1227 4072 re
1245 4018 1346 4073 verain

130 4102 163 4138 ue
180 4095 386 4155 om1ttunternt,
406 4089 625 4142 unusFlor.Eet
659 4104 713 4140 em.
748 4089 879 4159 plerisque
897 4090 971 4142 codd.
985 4091 1055 4144 Flor.
1074 4090 1113 4155 fit,
1132 4106 1162 4142 ac
1179 4088 1274 4140 deinde
1292 4096 1346 4140 tex·

111 4104 254 4206 Mhabent
271 4166 327 4209 eret
345 4159 405 4236 imp.
423 4156 528 4208 Deinde
542 4157 649 4225 sepeliri
658 4173 714 4208 enm
749 4156 789 4209 tui
806 4156 951 4211 interiecta.
978 4159 1078 4212 Verum
1096 4158 1129 4210 de
1145 4156 1232 4227 priore
1249 4171 1346 4210 correc-

112 4224 202 4275 omnes
225 4223 309 4275 nostri
331 4223 404 4292 libri,
431 4224 512 4295 vulgo
529 4242 585 4277 enm
603 4242 657 4293 sep.
675 4223 715 4275 in·
749 4224 822 4277 tione
844 4243 922 4294 quam
939 4227 1045 4280 Modius
1066 4243 1122 4279 sese
1143 4242 1177 4276 ex
1199 4225 1273 4277 codd.
1298 4222 1347 4275 suis

111 4306 188 4343 verso
205 4289 303 4342 ordine.
750 4292 842 4346 fecisse
863 4293 928 4360 fert,
955 4300 1014 4348 cuni
1035 4295 1062 4347 in
1085 4293 1202 4363 margine
1225 4292 1346 4345 Iunianae

148 4357 213 4428 Cep.
233 4363 257 4425 6,
285 4361 307 4427 ξ.
328 4366 350 4413 1.
379 4362 523 4430 Thymodes
547 4368 612 4427 ernt,
638 4359 716 4414 Men·
750 4368 931 4432 proponatur,
959 4362 1080 4417 dubitare
1102 4361 1200 4434 possis,
1227 4358 1345 4431 quoniam
