2926 5174
173 281 246 353 360
640 295 675 360 o.
703 295 828 348 curru
853 295 938 348 aum

170 483 393 558 simulatione
419 480 544 554 mortis
570 481 757 555 tutiorem:
800 505 838 554 se
864 505 993 579 corpus
1021 480 1100 555 eius
1128 481 1337 580 protexisse
1358 483 1403 556 cli-

171 622 240 696 peo
276 621 360 685 suo,
398 603 613 689 ruentesque
651 593 688 664 in
728 592 827 665 illum
866 617 931 665 sua
967 618 1080 666 manu
1112 592 1270 666 occisos.
1323 592 1434 684 Quaeri

171 720 311 809 patrem
335 729 518 802 nunquam
544 728 659 800 aequo
685 703 803 778 animo
826 728 903 778 esse
920 706 1139 795 confessum,
1168 704 1326 778 invitum
1347 706 1404 778 filio

171 819 362 894 debentem
388 818 540 890 salutem
566 841 677 888 suam.
729 814 854 913 ltaque
879 825 963 913 post
988 815 1284 914 expeditionem,
1316 842 1403 914 quam

173 933 249 1007 sine
268 956 311 1004 eo
333 930 475 1003 fecisset
499 927 634 1026 ipsein
655 925 805 1026 Illyrios,
831 928 1004 1001 victorem
1030 928 1227 1026 scripsisse
1254 952 1295 1002 se
1319 929 1403 1027 patri,

173 1045 271 1118 fusos
306 1043 518 1140 fugatosque
552 1040 691 1129 hostes,
728 1065 795 1113 nec
832 1039 975 1113 affuisse
1013 1065 1174 1138 usquam
1206 1039 1402 1139 Philippum

172 1154 295 1228 Laude
328 1154 455 1252 dignos
488 1176 583 1241 esse,
616 1176 690 1223 non
721 1152 782 1248 qui
808 1149 1080 1225 Samothracum
1114 1152 1223 1225 initia
1255 1152 1432 1242 viserenta

173 1292 255 1340 cum
280 1264 405 1338 Asiam
431 1264 486 1336 uri
517 1264 722 1360 vastarique
754 1273 952 1362 oporteret,
987 1263 1051 1337 sed
1079 1288 1163 1354 eos,
1201 1263 1267 1360 qui
1291 1263 1403 1362 magni

174 1378 297 1453 tudine
324 1401 443 1449 rerum
468 1375 577 1448 fidem
603 1374 886 1449 antecessissent.
1456 1472 1459 1477 Ι

123 1495 144 1563 l
275 1487 375 1561 Haec
401 1486 518 1561 ethis
545 1485 671 1559 similia
689 1487 773 1560 laeti
792 1486 935 1561 audiere
953 1487 1115 1578 iuvenes,
1142 1486 1293 1586 ingrata
1311 1485 1426 1561 senior

173 1601 271 1675 ribus
304 1610 425 1691 erant,
460 1598 615 1672 maxime
645 1608 793 1697 propter
818 1597 1039 1698 Philippum,
1076 1597 1148 1672 sub
1184 1624 1260 1696 quo
1292 1598 1401 1672 datius

174 1712 359 1786 vixerant:
388 1735 470 1784 cum
489 1707 612 1800 Clitus,
638 1735 685 1784 ne
703 1711 780 1809 ipse
807 1708 949 1807 quidem
976 1711 1062 1783 satis
1091 1710 1253 1802 sobrius,
1280 1711 1326 1785 ad
1346 1722 1424 1799 eost

176 1826 236 1923 qni
260 1823 353 1924 ipfra
377 1822 495 1920 ipsum
521 1821 711 1912 cubabant,
739 1846 942 1912 conversus,
968 1819 1153 1919 Euripidis
1182 1825 1325 1897 rettulit
1346 1845 1399 1894 ‹ar-

174 1963 274 2028 men,
312 1936 364 2008 ita
389 1944 431 2006 ut
457 1957 566 2007 sonus
593 1932 726 2031 magis,
766 1958 872 2030 quarn
898 1955 1014 2004 sermo
1047 1932 1221 2006 exaudiri
1254 1943 1399 2033 possets

173 2066 268 2146 rege,
296 2071 367 2144 quo
394 2043 669 2144 significabatur,
696 2045 790 2116 male
815 2044 1009 2118 instituisse
1024 2042 1201 2137 Graecos,
1230 2045 1327 2143 quod
1348 2054 1423 2117 nos

174 2159 272 2258 pacis
308 2182 434 2255 regum
472 2155 663 2229 dumtaxat
696 2155 841 2228 nomina
874 2156 1128 2229 inscriberent:
1171 2159 1295 2232 alieno
1331 2156 1398 2231 enin

178 2269 350 2368 sanguine
375 2278 517 2367 partam
541 2268 692 2369 gloriam
717 2266 888 2364 intercipi.
940 2264 1064 2364 ltaque
1092 2293 1175 2360 rere,
1205 2295 1290 2344 cum
1315 2265 1398 2365 suspi-

177 2391 318 2454 caretur
343 2380 531 2477 malignius
555 2379 719 2452 habitum
745 2404 824 2453 esse
850 2405 1065 2470 sermonem,
1103 2383 1317 2478 percontari
1342 2403 1398 2479 pro

177 2493 293 2567 xirnos
315 2492 442 2590 coepit,
468 2491 553 2589 quid
581 2516 627 2564 ex
647 2489 740 2566 Clito
766 2490 959 2565 audissent.
998 2491 1046 2565 Et
1070 2492 1141 2566 illis
1172 2494 1223 2568 ad
1252 2491 1422 2568 silendum

181 2692 267 2751 Curtii
284 2709 352 2762 vm,
370 2698 418 2760 48,
442 2700 473 2748 16
496 2693 548 2748 huc
569 2693 651 2749 trahit
672 2693 781 2761 fallitur,
816 2693 927 2750 Ponitur
944 2692 1014 2746 enim
1031 2711 1089 2746 cam
1113 2694 1199 2749 etiam
1217 2696 1265 2751 ubi
1281 2713 1334 2750 non
1346 2706 1399 2765 pm

180 2763 393 2846 quandoquidem
408 2761 454 2816 illo
469 2762 529 2816 loeo
547 2763 686 2816 nonullos
706 2762 783 2816 solita
817 2761 894 2817 cessit
911 2764 971 2815 iam.
1007 2761 1051 2816 sio
1065 2780 1097 2815 su
1118 2781 1149 2816 ra
1167 2764 1217 2818 lib.
1233 2780 1287 2832 vu,
1301 2769 1399 2818 clim

180 2833 438 2956 prgmlqiciationeeptm
456 2850 511 2885 non
528 2832 580 2886 alio
597 2841 718 2903 tempore
736 2840 783 2886 aut
818 2833 972 2912 tamennalte
990 2841 1081 2952 eqeqtab
1108 2835 1399 2956 umpuqxistebutlustt

190 2910 362 3038 oeso25ptqrpc
380 2940 489 3040 affuisse
506 2987 616 3041 usquam
634 2970 716 3039 Plu]
734 2970 785 3023 Er·
819 2918 885 3023 llis?
897 2918 936 3022 dl
952 2918 1027 3040 llll.
1048 2912 1401 3045 aEetrqowoAEmqapq
1452 2937 1463 3000 l

181 3056 254 3094 rasse
270 3047 335 3111 puto
350 3037 534 3108 snakenburg.
552 3039 598 3109 qui
615 3038 643 3091 in
660 3056 721 3092 mss.
739 3056 786 3092 aa·
820 3039 899 3092 tontis
916 3040 993 3091 mulis
1011 3039 1167 3108 circumfusi
1191 3042 1274 3094 amici
1294 3049 1321 3095 ut
1338 3050 1401 3092 um·
1450 3029 1463 3156 μ

182 3126 258 3181 quam
276 3124 347 3174 esse,
373 3108 444 3178 quod
465 3115 529 3161 tunc
550 3106 631 3174 vulgo
649 3108 783 3174 ederetur,
817 3109 900 3159 nisset
917 3107 1092 3160 saiorodaal:
1110 3125 1182 3160 cum
1201 3109 1401 3180 exsequias

182 3176 356 3231 contenderit
391 3174 425 3228 In
446 3176 512 3254 meis
535 3174 656 3229 omnibus
673 3194 783 3245 usquam
818 3184 950 3228 cesserant
972 3178 1010 3228 ad
1034 3177 1195 3244 cupiendum
1223 3179 1308 3232 locum
1332 3171 1401 3229 assi
1449 3148 1463 3212 ‘-

182 3253 232 3310 est,
249 3262 299 3298 nec
316 3244 428 3297 alterum
445 3244 511 3296 rllnd
529 3244 592 3297 seiri
609 3252 706 3314 potest.
818 3247 868 3297 duo
886 3252 1024 3296 occanum
1040 3245 1145 3297 atritas
1169 3262 1272 3315 aquom
1291 3250 1402 3316 postmitt-
1450 3215 1463 3280 l

184 3311 783 3435 1itlltltlltlalltlldlffl*
817 3326 881 3448 ‘tt’
896 3318 942 3434 a
962 3318 1003 3433 t·
1020 3318 1158 3434 amsa
1178 3321 1226 3437 4⁰2
1322 3327 1403 3431 sa

183 3397 783 3528 tiuprtoresyllana,frg‹l¹uentissillld⁰1l1ordpedo,
818 3419 969 3528 scribaris]
1000 3398 1356 3518 §Vulgouinlxcr‘libernelumdrnl
1370 3443 1403 3501 ml
1451 3433 1463 3498 l

183 3533 217 3572 na
235 3518 297 3588 qmd
315 3517 348 3569 de
365 3519 524 3589 corrigendo
543 3536 601 3573 cum
615 3519 725 3573 Heinsio
739 3535 784 3572 co·
820 3517 922 3575 restitm
951 3525 1012 3588 post
1037 3516 1164 3572 Medium
1191 3518 1404 3600 plurimorum&
1452 3513 1463 3576 l

183 3586 262 3658 gites.
821 3585 982 3657 optimorum
1003 3585 1125 3640 codicum
1143 3598 1356 3660 scnptirrarn,s
1453 3580 1463 3646 ¹.

218 3656 415 3708 Samothracum
436 3658 567 3725 mysterio]
603 3656 639 3710 Iis
655 3656 788 3711 initiatum
821 3675 876 3712 non
891 3655 1030 3709 discedunt
1042 3663 1200 3710 nostrorum
1209 3657 1264 3715 nisi
1273 3659 1341 3713 Flor.
1453 3648 1463 3703 l

183 3722 253 3781 Phili
272 3740 334 3793 pum
347 3723 486 3778 etiamtum
495 3724 721 3779 adolescentulum
733 3733 789 3779 tra·
822 3727 904 3780 Bern.
921 3724 954 3789 B,
971 3725 1033 3778 item
1050 3723 1156 3778 Voss2
1177 3726 1246 3797 (qni
1268 3728 1346 3783 habat
1359 3720 1404 3777 sai·
1453 3704 1463 3760 l

183 3795 224 3849 dit
232 3742 368 3872 Plutarch.
384 3791 411 3872 in
430 3793 507 3846 Alex.
517 3800 542 3848 2.
569 3793 623 3847 Sed
640 3795 707 3848 illud
722 3803 790 3849 tem·
824 3797 964 3860 terantur).
992 3793 1090 3847 Versus
1109 3801 1175 3847 sunt
1192 3789 1404 3850 celeberrimins

183 3880 231 3935 pus
249 3859 392 3931 srgmficarr
411 3863 436 3915 h.
450 3863 467 3915 l.
484 3862 548 3915 mihi
569 3881 624 3916 non
646 3864 676 3916 fit
696 3862 786 3916 verisi-
821 3861 913 3934 ripidis
935 3877 970 3914 ex
987 3861 1176 3916 Andromacha
1195 3871 1248 3919 693
1267 3882 1324 3937 sqq.
1344 3858 1404 3928 ota·
1462 3916 1463 3926 ,

184 3931 263 3986 mile:
280 3928 365 3999 magis
383 3929 634 4012 credouPhilippum
651 3939 713 4012 ante
732 3950 787 3985 sus·
822 3930 886 3985 „aa
897 3927 1002 3983 Ἑλλάδ’
1018 3927 1054 3985 oie
1067 3935 1163 3986 κακῶς
1174 3927 1408 4017 ,νομίζηαιζθταζ

185 4001 572 4146 resalutantis
586 4002 788 4140 sarissas
821 3995 1405 4143 aaaestumasset

186 4152 386 4206 consumpsisse.
823 4136 881 4192 ἀλλ’
897 4134 1074 4210 ὁστρατηγὸς
1087 4135 1144 4201 τὴν
1163 4133 1287 4204 δόκησιν
1305 4138 1404 4211 demat

222 4205 322 4275 Cap4,
341 4210 413 4272 §.id
440 4225 497 4260 cum
518 4205 612 4275 Clitus]
639 4208 728 4277 Vulgo
737 4217 790 4261 tum
858 4214 880 4273 §.
897 4211 939 4260 30.
974 4208 1012 4258 ad
1036 4205 1167 4258 alendum
1197 4207 1344 4274 obstinatis]
1373 4198 1405 4255 ⁸¹⁰

191 4274 276 4328 Clitas
294 4273 436 4328 secundum
457 4282 560 4329 nostros
578 4275 659 4328 Bern.
676 4275 700 4328 B
719 4276 789 4329 Flor.
824 4276 903 4330 ambo
921 4274 1001 4328 Bem.
1020 4279 1048 4326 et
1064 4271 1139 4326 Flor.
1155 4274 1289 4329 Asscrfl
1309 4281 1336 4328 et
1349 4264 1403 4326 lul

187 4341 246 4419 ΕΗΙ
258 4344 370 4409 (Vossa
404 4342 560 4414 quadrigam
578 4342 789 4398 deterrimorum.
823 4348 900 4397 Voss.
912 4351 935 4397 1.
945 4349 974 4410 23
991 4341 1070 4412 vulgo
1086 4345 1126 4395 od
1143 4344 1283 4398 sileretium
1298 4333 1403 4415 quaid*

188 4408 294 4480 Rehqui
311 4426 364 4478 quo
400 4412 561 4467 cumModio
579 4411 705 4480 dedimus,
724 4431 789 4467 cam.
824 4412 906 4484 plicet
918 4417 1033 4466 nectam
1049 4408 1159 4480 proprie
1175 4411 1280 4468 dictum
1288 4418 1334 4465 est.
1355 4405 1403 4461 Gur·
