2926 5174
108 296 179 368 138
582 313 616 377 a.
644 311 767 365 cnarn
791 314 877 367 aum

103 498 186 599 quid
210 508 362 586 metuam,
388 520 464 568 cum
488 495 558 568 acie
584 496 756 569 deterruere
777 495 897 593 paret?
931 496 1208 573 Heraeorum
1230 521 1320 570 uuum

104 606 259 705 impleuit.
313 603 384 679 Sed
407 606 506 679 huius
532 606 661 680 comitii
679 619 797 704 postea
823 631 949 706 quoque
973 608 1058 681 ratio
1082 606 1256 681 reddetur:
1277 634 1321 682 uos

104 718 146 791 ite
172 716 220 789 ud
245 716 367 814 copias,
394 716 511 816 quibus
537 718 674 817 quisque
693 729 838 815 maeret.
878 717 953 816 Epo
979 717 1048 789 ium
1073 717 1188 810 adero,
1214 731 1242 791 et
1258 719 1325 818 quid

93 828 179 926 fieri
203 826 301 901 uelim
326 851 500 924 eupouum.
553 827 650 900 Raro
677 825 881 915 admodum,
907 826 1095 900 admonitu
1119 828 1233 925 magis
1259 829 1360 900 ami-u

106 963 239 1026 corum,
267 961 373 1031 quam
399 948 498 1010 metu
525 937 735 1010 discriminis
763 935 928 1026 adeundi,
942 937 1090 1010 thorace
1116 938 1172 1009 uti
1198 940 1327 1029 solebat

106 1060 193 1121 tunc
225 1072 366 1143 quoque
396 1049 617 1120 munimento
650 1048 810 1144 corporis
837 1057 981 1144 sumpto
1008 1048 1187 1146 processit
1213 1047 1258 1120 ad
1281 1049 1329 1120 mi-

105 1160 196 1231 lites.
248 1155 357 1229 Haud
388 1157 475 1229 alias
509 1171 585 1231 tam
616 1159 770 1230 alacrem
801 1155 968 1229 viderant
998 1183 1138 1254 regem:
1177 1169 1214 1231 et
1244 1159 1331 1232 vultu

108 1270 183 1343 eius
209 1268 373 1340 interrito
400 1279 535 1342 certam
557 1293 663 1366 spem
687 1267 859 1340 victoriae
885 1266 1167 1363 augurabantur.

58 1381 105 1454 50
210 1377 331 1475 Atque
363 1379 421 1451 ille
452 1388 601 1477 proruto
633 1377 728 1449 vallo
755 1379 854 1451 exire
881 1376 1001 1474 copias
1027 1376 1140 1467 iubet,
1168 1376 1330 1473 aciemque
1341 1393 1361 1443 u

107 1489 273 1586 disponit.
325 1486 367 1558 ln
394 1488 523 1561 dextro
550 1512 661 1560 cornu
685 1487 794 1560 locati
820 1498 905 1562 sunt
931 1487 1078 1583 equites,
1107 1511 1199 1583 quos
1225 1511 1331 1585 agema

109 1598 347 1697 appellabant.
399 1598 571 1672 Praeerat
601 1597 657 1669 his
686 1595 815 1670 Ohtus:
852 1599 909 1671 cui
942 1597 1062 1669 iunxit
1087 1597 1252 1670 Philotae
1274 1608 1330 1669 tur·

107 1735 200 1800 mas,
234 1717 442 1803 ceterosque
486 1709 685 1806 praefectos
721 1708 880 1803 equitum
918 1707 1021 1779 lateri
1058 1708 1134 1780 eius
1171 1707 1329 1805 applicuit

108 1933 285 2008 prehenderit.
320 1935 392 1988 Nam
414 1935 485 2005 apud
507 1933 629 1988 Tacitum
653 1950 712 1987 cum
746 1931 834 2001 Supra
844 1937 927 1998 tat?
945 1929 1094 1984 tradiderat
1114 1931 1225 1986 Curtius
1241 1933 1331 1986 tortam

108 2011 182 2059 recte
200 2004 295 2056 edatur
311 2002 380 2055 Anu.
397 2017 465 2069 XVI,
494 2010 526 2055 14
544 2009 612 2056 extr.
631 2004 712 2055 iuter·
746 2018 824 2068 quum
847 2017 910 2052 roro
935 2001 1073 2065 induebat,
1097 2002 1194 2054 amicis
1218 2000 1331 2054 orantibus

109 2075 173 2127 cisia
191 2074 262 2125 uersis
280 2080 385 2124 mortem
403 2073 599 2140 approperaret,
621 2078 712 2123 tamen
746 2069 865 2136 sumpsit,
885 2067 955 2120 infra
971 2081 1023 2132 vn,
1042 2073 1087 2134 33,
1106 2075 1121 2122 3
1142 2069 1246 2138 (Alex)
1263 2071 1332 2121 thora

109 2141 154 2194 lib.
168 2154 218 2207 XV,
234 2145 267 2193 35
287 2140 451 2191 brachiorum
468 2157 547 2192 uenus
565 2140 712 2192 interscidit
746 2154 799 2189 cem
817 2137 923 2189 iudutus
935 2137 1056 2204 procedit
1074 2138 1113 2189 ad
1129 2139 1242 2204 milites,
1258 2151 1288 2202 X,
1307 2140 1332 2189 u

110 2208 216 2273 editur,
239 2205 312 2275 quasi
330 2205 481 2276 Torquatus
504 2206 588 2260 securi
604 2205 713 2260 brachia
745 2204 790 2256 fin.
808 2205 944 2272 Meleaper
957 2205 1061 2256 thorace
1073 2208 1333 2275 sumptocupitauua.

110 2273 254 2344 abruperit.
289 2273 344 2326 Sed
360 2275 425 2326 haec
441 2275 575 2328 hactenus.
745 2273 935 2324 Anuotandum
947 2270 1053 2325 videtur
1066 2272 1148 2325 etiam
1161 2273 1273 2344 primum
1283 2273 1334 2325 lem-

147 2348 171 2409 S.
189 2349 231 2395 24.
266 2343 344 2394 huius
369 2345 472 2395 consilii
487 2352 581 2410 postea
600 2343 710 2411 quoque]
746 2339 824 2393 matis
845 2342 953 2393 verbum
978 2339 1050 2408 quod
1071 2348 1212 2409 astrum,
1234 2341 1261 2394 in
1276 2339 1335 2394 laia

112 2411 156 2464 Sic
173 2427 263 2462 omnes
280 2410 368 2474 codd.;
390 2409 470 2478 vulgo
493 2418 582 2463 autem
599 2411 679 2463 ctiam
696 2427 712 2463 a
745 2408 826 2462 Bcrn.
843 2412 870 2460 A
887 2408 957 2460 Flor.
974 2406 1048 2460 ABG
1069 2407 1152 2479 scribi
1170 2412 1254 2477 ratio,
1278 2407 1335 2462 aaa

110 2477 203 2532 Modio
220 2477 309 2529 editur
325 2479 401 2529 huius
420 2495 519 2546 quoque
531 2480 635 2532 consilii
643 2479 712 2543 ratio
746 2485 785 2538 rei
806 2502 884 2538 causa
909 2493 950 2538 est
972 2493 1037 2538 nota
1061 2503 1091 2538 ro
1114 2485 1187 2538 male
1209 2485 1336 2549 intellecta,

110 2556 201 2616 postea
218 2548 350 2598 reddetur·
747 2553 814 2607 aaut
840 2560 949 2623 apparet
973 2569 1007 2606 ex
1027 2553 1100 2608 Flor.
1124 2554 1154 2606 H
1177 2555 1207 2607 in
1247 2553 1300 2608 uo·

147 2627 171 2685 S.
190 2627 232 2674 25.
266 2639 330 2674 raro
357 2651 392 2659 -
422 2622 508 2689 mopis
534 2623 610 2675 amic.
652 2641 712 2675 uam
746 2622 798 2674 ista
819 2631 885 2674 nota
907 2629 961 2688 est,
990 2639 1050 2675 cum
1075 2621 1104 2673 in
1130 2622 1216 2676 Bern.
1277 2621 1289 2687 ξ’
1315 2635 1338 2673 u

111 2700 179 2743 metu
198 2692 277 2743 discr.
295 2690 411 2742 adeundi
428 2691 530 2742 thorace
554 2692 604 2758 uti]
665 2690 712 2744 dit.
747 2689 845 2743 assecla
862 2690 897 2743 sit
913 2692 990 2744 ratio.
1030 2691 1125 2758 Utique
1142 2709 1196 2761 pro
1214 2694 1253 2745 uti
1269 2687 1339 2744 estin

112 2778 151 2830 pr.
187 2776 250 2812 raro
284 2760 423 2810 admodum
457 2761 527 2810 adm.
571 2760 713 2811 amicorum
747 2759 825 2812 Voss.
845 2765 858 2810 1
877 2757 948 2811 Flor.
967 2759 995 2810 H
1011 2758 1093 2810 Bern.
1111 2758 1145 2811 B.

112 2830 191 2897 quia
207 2836 288 2880 metu
310 2829 407 2879 discr.
430 2829 617 2880 adeundum
642 2837 713 2880 erat
782 2836 834 2878 tum
861 2827 990 2946 alacreuss
1033 2827 1147 2879 Alacres
1176 2827 1254 2880 Leid.
1277 2826 1340 2880 Vos.

111 2898 151 2949 uti
168 2897 273 2949 solebat.
291 2894 376 2947 Aldus
393 2893 467 2946 dedit
484 2913 541 2947 cum
558 2905 639 2948 metus
658 2897 713 2948 dis·
747 2894 818 2946 Flor.
844 2894 927 2947 ABG.
991 2912 1025 2947 on
1051 2893 1209 2963 obsequor,
1243 2913 1298 2949 nam
1320 2892 1342 2945 iu

112 2965 231 3017 criminis
252 2967 360 3028 aderat,
383 2979 466 3032 eaque
483 2963 568 3016 adhuc
585 2963 715 3042 scriptura
746 2961 881 3015 nominum
898 2961 1127 3015 terminationibus
1152 2963 1223 3017 fides
1240 2962 1342 3018 codicum

112 3033 184 3102 vulg.
207 3031 310 3085 mansit.
346 3030 400 3084 Sed
422 3032 497 3084 codd.
519 3049 578 3084 mss.
600 3049 713 3102 pnmum
747 3030 828 3083 varia.
864 3071 867 3076 .

113 3118 203 3154 omnes
233 3108 296 3169 post
324 3102 462 3152 admodum
493 3101 595 3152 addunt
621 3117 713 3168 opens,
783 3098 849 3167 Cap.
868 3104 914 3163 50,
941 3101 1022 3165 §.aa
1053 3108 1167 3167 proruto
1196 3102 1275 3169 uallo]
1308 3096 1343 3151 Sic

112 3170 184 3239 quod
192 3167 385 3221 Freinshemius
399 3167 531 3220 intellexit
545 3184 601 3220 esse
618 3170 713 3236 mapa,
748 3183 782 3218 ex
798 3165 949 3220 mehoribus
966 3166 1041 3220 oodd.
1059 3165 1123 3219 olim
1140 3167 1253 3222 Medius
1268 3167 1342 3221 edida

113 3236 238 3306 quoniam
267 3235 386 3304 sequitur
416 3235 444 3287 in
476 3236 551 3287 codd.
600 3235 715 3304 lerisque
748 3242 806 3301 rat,
831 3234 873 3288 oui
890 3251 966 3286 nemo
983 3233 1084 3304 paruit;
1111 3252 1188 3288 nune
1212 3254 1275 3290 vero
1292 3252 1343 3289 con·

114 3322 192 3373 quam
214 3312 282 3356 metu
305 3303 345 3371 (in
366 3302 437 3355 Flor.
459 3301 566 3355 DEGH
613 3319 667 3355 ern.
690 3303 713 3356 B
749 3302 835 3355 sensui
853 3302 1015 3372 optimorum
1036 3301 1168 3355 librorum
1186 3303 1263 3359 Leid.
1279 3304 1342 3358 Vasa

115 3375 175 3424 dum
198 3382 279 3436 uictu,
307 3370 335 3422 iu
355 3369 427 3422 Flor.
454 3369 494 3422 GI
522 3373 582 3422 dum
608 3373 714 3431 metum)
751 3371 863 3424 1Bern.
877 3372 903 3423 A
919 3370 990 3423 Flor.
1003 3370 1053 3422 AB
1067 3369 1184 3424 aliorum
1201 3373 1279 3427 facile
1293 3388 1342 3426 oon·

114 3440 284 3490 discriminis.
327 3437 402 3502 Quae
419 3445 561 3506 supersunt
582 3437 610 3490 in
632 3439 716 3492 omni·
749 3440 852 3492 cedent.
897 3439 1000 3492 Vallum
1018 3456 1197 3507 prorumpere
1220 3440 1285 3494 nihil
1303 3444 1342 3503 ert,

114 3506 163 3559 bus
181 3506 257 3558 codd.
275 3508 423 3557 adeundum
449 3515 507 3557 erut
522 3505 641 3560 Freinsh.
659 3508 715 3560 effi·
745 3524 916 3577 perrumpere
941 3505 1047 3576 probari
1076 3515 1190 3575 posset,
1223 3510 1246 3562 si
1274 3507 1343 3561 vallia

115 3589 174 3628 cere
184 3573 290 3626 volebat
305 3581 335 3626 ut
349 3571 461 3641 intelligi
474 3583 581 3643 possent
594 3576 715 3629 addendo
750 3576 818 3628 altus
837 3584 865 3628 et
882 3575 971 3628 firmus
988 3581 1066 3639 esset,
1085 3583 1117 3627 ut
1135 3576 1234 3631 ceteris
1248 3573 1342 3630 semu

115 3645 200 3711 quod
224 3645 372 3695 adeundum
399 3640 470 3708 erut,
500 3641 653 3712 reliquaque
679 3643 716 3697 sic
749 3643 870 3713 partibus
888 3661 940 3696 uno
956 3651 1061 3695 tantum
1078 3642 1139 3695 loco
1157 3645 1187 3696 vi
1200 3645 1342 3715 aperiretur,

116 3709 291 3764 continuavit:
315 3712 354 3762 uti
370 3712 469 3763 solebat
485 3713 640 3765 mummeuto
658 3730 714 3765 cor·
748 3729 805 3764 non
826 3719 900 3764 totus
923 3710 1034 3781 pedibus
1060 3710 1224 3766 deiiceretur
1249 3722 1277 3767 et
1299 3709 1342 3764 solo

108 3780 201 3848 poris;
229 3789 288 3831 tuuc
312 3795 411 3847 quoque
436 3789 536 3846 sumpto
557 3779 656 3833 scihcet
677 3798 714 3832 eo.
749 3788 914 3849 aequaretur.
932 3781 992 3832 Hoc
1007 3787 1096 3831 autem
1110 3779 1342 3851 diciturproruere:

115 3848 170 3903 sed
186 3848 236 3900 bae
252 3848 393 3900 verborum
409 3846 624 3916 transpositiones
646 3847 715 3900 diffi-
750 3847 785 3900 cf.
802 3848 836 3900 ad
854 3861 893 3914 Ν,
914 3854 944 3900 12
963 3854 1032 3899 extr.

114 3916 217 3971 uiliores
247 3925 309 3969 sunt
334 3912 413 3986 quam
439 3915 587 3968 litterarum
613 3915 715 3984 aliquot
783 3925 928 3984 ceterosque
939 3917 1087 3984 praefectos
1105 3917 1235 3996 equitum]
1249 3917 1342 3990 Detotq

113 3984 270 4056 praesertim
286 3984 314 4037 iu
331 3983 559 4037 terminationibus
575 3986 716 4037 verborum
751 3985 800 4036 hac
821 3983 886 4037 aciei
908 3983 991 4036 deseri
1011 3981 1085 4035 tione
1108 3985 1172 4036 vide
1196 3984 1341 4039 Schmiedcn

116 4053 297 4108 correctiones.
321 4052 416 4122 Itaque
434 4051 558 4122 quoniam
621 4052 717 4106 uiritur
750 4052 961 4118 annotationem,
987 4000 1108 4104 durtium
1132 4061 1287 4124 comparato
1300 4052 1340 4104 hr-

116 4121 172 4174 eius
188 4121 226 4174 rei
244 4137 340 4173 nomen
353 4138 405 4190 qua
417 4138 477 4173 raro
486 4137 548 4173 usus
557 4120 592 4173 sit
636 4138 717 4173 exan-
750 4119 824 4173 riano
846 4128 874 4173 et
896 4120 1015 4173 Diodoro
1043 4118 1101 4186 (lib.
1124 4134 1208 4187 xvn,
1233 4126 1276 4188 57)
1296 4119 1340 4171 iua

116 4189 177 4254 der,
200 4189 297 4242 conieci
320 4192 422 4242 thorace
449 4206 514 4258 opus
541 4205 611 4256 esse,
635 4196 717 4258 atque
751 4187 928 4257 neghgentiae
944 4186 1086 4257 arguentis.
1120 4187 1196 4240 Nam
1213 4188 1242 4242 in
1256 4189 1340 4258 :dexto

115 4256 282 4327 peregrinum
300 4257 327 4309 id
345 4257 502 4310 vocabulum
518 4256 593 4310 facile
610 4274 644 4310 ex
656 4256 718 4309 reli-
752 4273 834 4309 oornu
858 4257 1001 4310 collocatae
1022 4263 1098 4307 erant
1121 4256 1245 4325 equitum
1261 4254 1340 4309 amico·

116 4324 174 4404 quis
190 4326 331 4377 verborum
348 4328 496 4378 adeundum
514 4334 570 4378 erat
587 4324 718 4394 procedit,
752 4342 811 4377 rum
837 4326 983 4397 (ἑταίρων)
1011 4330 1113 4376 turmae
1140 4331 1219 4390 octo,
1246 4335 1340 4394 quonam

117 4410 140 4445 ει
160 4393 231 4462 quod
250 4408 359 4455 ,necesse
381 4400 423 4446 cst
444 4393 560 4447 adeundi
577 4392 725 4464 scripseris„
752 4392 837 4463 prima
863 4402 921 4447 erat
946 4407 1014 4463 quae
1041 4387 1153 4443 luatur
1182 4392 1276 4465 ἄγημα
1298 4389 1341 4444 siu

16 4790 124 4880 ,κ
181 4804 184 4809 ,
