2926 5174
454 331 503 380 nn
531 329 656 382 onsrrs
682 329 791 381 Anax.
817 330 868 400 vr,
898 330 925 380 a.
1235 315 1307 385 229
1375 308 1382 314 “

72 542 124 589 res
150 541 208 589 res
237 526 357 607 erant,
384 541 490 613 qnam
517 538 605 611 quas
632 516 802 613 praefecti
828 515 956 588 modus
983 527 1142 614 caperet,
1176 527 1308 605 metue·

38 647 59 694 n
72 629 138 700 bat.
194 625 336 727 Quippe
357 621 570 701 ‘Alexander
595 627 719 700 hostes
746 628 839 699 vinci
865 628 1048 718 voluerat,
1076 627 1308 729 Antipatrum

74 741 205 830 vicisse,
230 763 278 813 ne
304 739 434 812 tacitus
462 739 604 836 quidem
630 737 892 836 indignabatur,
912 764 998 811 suae
1024 739 1210 838 demptum
1235 743 1308 840 glo·

41 873 61 918 n
73 853 140 927 riae
169 849 391 940 existimans,
419 849 585 947 quicquid
620 850 785 923 cessisset
811 851 955 923 alienae.
1010 851 1135 949 ltaque
1160 852 1308 951 Antipa-

73 975 122 1037 ter
147 966 210 1062 qui
235 961 350 1061 probe
376 971 500 1033 nosset
526 962 670 1059 spiritus
698 960 783 1050 eius,
797 986 870 1032 non
898 972 953 1034 est
979 988 1087 1036 ausus
1114 966 1190 1062 ipse
1204 991 1310 1064 agere

74 1076 215 1149 arbitria
241 1072 424 1163 victoriae,
452 1072 517 1146 sed
543 1073 730 1146 concilium
757 1069 994 1164 Graecorum,
1022 1074 1107 1170 quid
1132 1076 1209 1148 fieri
1234 1077 1307 1174 pla·

42 1197 172 1277 toceret,
201 1185 392 1259 consuluit.
437 1183 472 1256 A
500 1209 570 1280 quo
596 1182 877 1275 Lacedaemonii,
903 1185 992 1257 nihil
1018 1185 1114 1258 aliud
1141 1212 1248 1283 quam
1268 1198 1309 1260 ut

78 1308 229 1371 oratores
259 1296 401 1369 mittere
428 1294 474 1367 ad
499 1321 621 1395 regem
647 1296 778 1386 liceret,
793 1295 971 1394 Tegeatae
985 1297 1128 1369 veniam
1143 1296 1308 1371 defectio·

78 1409 121 1480 nis
145 1418 294 1507 praeter
327 1418 491 1481 auctores
524 1407 814 1505 impetraverunt.
867 1407 1190 1505 Megalopolitana,
1223 1432 1308 1505 quo·

80 1545 145 1592 rum
171 1521 263 1593 urbs
299 1520 448 1592 obsessa
474 1529 551 1591 erat
577 1545 600 1591 a
625 1518 831 1592 defectionis
859 1519 982 1609 sociis,
1008 1518 1143 1593 Achaei
1170 1531 1207 1593 et
1231 1519 1308 1594 Elei

108 1717 127 1782 ᾗ.
152 1721 192 1768 19.
234 1714 320 1795 probe
346 1721 433 1765 nosset
460 1713 569 1832 spiritua
603 1712 670 1782 eius]
706 1711 774 1765 tiore
791 1711 819 1763 in
836 1711 962 1782 margine,
981 1719 1038 1764 tum
1049 1715 1265 1782 peotaeveniom,
1281 1712 1308 1765 in

83 1781 154 1862 Vulgo
171 1784 308 1852 spiratum,
326 1781 373 1833 sed
389 1779 466 1851 plura
476 1796 517 1832 em
534 1795 672 1832 numerum
707 1779 800 1834 ceteris
821 1779 887 1833 illud
914 1781 985 1851 quod
1006 1781 1094 1834 fuerat
1110 1792 1203 1851 pentae
1220 1798 1309 1835 corru-

10 1870 32 1907 .·
95 1850 239 1905 lunmorum
257 1850 385 1904 librorum
402 1848 544 1902 auotoritas
554 1848 673 1901 defendit
706 1857 783 1919 ptum
806 1857 848 1902 est
871 1859 961 1918 prote,
994 1859 1101 1919 protae,
1145 1868 1233 1916 erere,
1279 1869 1309 1904 ro

10 1916 13 1925 '
83 1867 139 1973 bid.
165 1924 245 1974 Voss,
275 1925 298 1972 1.
317 1926 332 1971 2
351 1934 522 1997 meorumque
547 1916 671 1983 omnium,
702 1919 807 1986 procori
823 1916 851 1968 in
868 1916 999 1970 nonnullis
1017 1918 1110 1986 (Bern.
1171 1918 1241 1972 Flor.
1259 1868 1309 1971 lu*

10 1934 20 2065 l
85 1990 184 2059 exceptis
201 1989 279 2042 Flor.
297 1987 355 2041 Bc.
377 1985 532 2039 Rectissime
549 1985 672 2057 quoniam
708 1985 776 2038 GHI
792 1985 850 2038 Pal.
871 1989 898 2057 1)
917 1986 1052 2039 invenitur
1063 1988 1181 2056 precari.
1217 1988 1308 2057 Appa-

10 2070 16 2127 ·,
85 2059 174 2124 spiritus
192 2056 294 2128 plurali
313 2072 421 2109 numero
439 2055 520 2108 etiam
536 2054 613 2107 unius
626 2055 672 2108 ho·
707 2062 749 2107 ret
766 2053 880 2107 civitatis
898 2054 1005 2108 alieuius
1028 2072 1123 2109 nomen
1140 2055 1168 2108 in
1186 2055 1225 2108 his
1239 2055 1310 2109 voci·

10 2130 16 2165 '¹
84 2124 141 2180 uinis
160 2125 288 2198 superbia
308 2124 414 2185 dicitur.
450 2122 575 2177 Ceterum
598 2131 671 2176 recto
707 2124 756 2176 bus
773 2123 872 2190 latere,
894 2128 956 2176 nam
972 2123 1089 2194 ipsorum
1106 2123 1309 2178 Lacedaemoni-

85 2194 202 2249 aoniecisse
220 2193 396 2263 Antipatrum
418 2192 475 2262 ipse
491 2191 591 2246 indicat
607 2191 670 2245 sori·
704 2210 763 2245 rum
785 2209 863 2246 causa
885 2191 990 2262 integra
1015 2194 1050 2246 ad
1077 2209 1106 2246 re
1140 2211 1166 2246 m
1193 2192 1309 2257 Alcam-

18 2270 21 2275 '
85 2268 130 2329 plor
143 2265 211 2318 libro
229 2277 267 2328 Χ,
286 2269 328 2316 31.
705 2262 781 2313 drum
798 2260 897 2314 reiecta
915 2271 963 2326 est,
981 2279 1047 2332 quae
1064 2279 1112 2315 ver
1130 2278 1146 2315 a
1164 2269 1226 2315 sunt
1244 2261 1310 2316 Dio·

10 2334 17 2357 ⁹
108 2349 175 2400 opere
202 2333 322 2385 arbitria
347 2332 470 2383 metonae
523 2328 595 2384 Olim
620 2327 670 2382 fuit
704 2329 762 2382 dori
778 2328 823 2384 lib.
844 2344 918 2398 xvn,
936 2347 958 2384 c
977 2337 1018 2385 73.
1058 2332 1100 2384 Ao
1120 2330 1184 2384 mihi
1204 2330 1310 2402 quidem

85 2401 188 2469 abitio,
214 2400 265 2454 sed
288 2399 403 2453 correxit
424 2398 454 2452 M
491 2397 529 2451 'us
554 2396 670 2451 omnium
703 2399 735 2450 fit
756 2397 897 2452 verisimile
918 2400 1030 2453 verbum
1046 2402 1152 2470 precati
1180 2417 1196 2453 a
1217 2408 1309 2453 vetere

85 2463 191 2522 lbromm
218 2475 351 2521 matorum
382 2483 517 2521 consensu.
560 2465 670 2519 Liviana
704 2475 851 2521 correctore
869 2466 1000 2522 adiectum
1022 2485 1078 2522 esse
1095 2475 1127 2522 ut
1144 2485 1178 2521 ex
1196 2485 1228 2523 eo
1279 2487 1309 2521 n-

85 2537 232 2611 otlocutim
253 2537 287 2590 de
305 2554 357 2607 qua
373 2536 433 2589 vide
451 2535 577 2590 Gronovii
591 2535 669 2589 Obss.
706 2536 782 2589 deret
792 2537 871 2590 colon
881 2540 1052 2591 act—mittere
1060 2539 1157 2603 liceret,
1166 2536 1193 2590 in
1202 2485 1309 2607 sylliabis
1369 2537 1375 2545 ⁴

10 2622 13 2651 ε
85 2599 116 2657 hb.
135 2623 164 2660 1v
186 2625 209 2661 c.
242 2613 273 2659 11
297 2623 359 2675 pag·
382 2612 430 2659 647
458 2604 520 2657 edit.
543 2603 615 2674 Lips.
644 2611 672 2656 et
707 2612 796 2657 autem
824 2604 882 2658 istis
907 2617 1000 2675 pentae
1024 2605 1108 2659 latere
1136 2607 1309 2675 Tegeatarum

10 2674 15 2697 '·
85 2675 134 2727 ont
149 2677 196 2730 lib.
215 2690 285 2741 vm,
304 2681 329 2740 4,
346 2681 388 2728 34.
410 2673 501 2727 Iunius
519 2680 671 2727 correxerat
705 2690 809 2727 nomen.
845 2673 889 2727 Sic
910 2674 980 2727 enim
1002 2682 1030 2727 et
1047 2675 1196 2727 litterarum
1214 2676 1309 2728 ductus

10 2796 12 2801 .
84 2744 202 2812 arturum,
222 2760 280 2797 non
302 2743 381 2810 male,
408 2741 458 2796 nisi
483 2758 575 2795 verum
601 2748 670 2795 esset
707 2742 799 2795 iubent
816 2750 844 2795 et
861 2741 986 2797 historiae
1003 2744 1069 2796 fides
1086 2744 1236 2796 concordat.
1255 2744 1309 2795 Aa·

84 2807 183 2867 altarum.
590 2853 594 2860 .
705 2810 808 2864 sohines
825 2809 965 2864 animadv.
982 2811 1056 2865 Ctesi
1076 2812 1184 2864 hontem
1197 2830 1223 2880 p.
1238 2818 1269 2863 77
1285 2814 1309 2879 ς.

10 2882 13 2953 2
107 2884 240 2936 concilium
263 2880 358 2933 Graec.
375 2911 410 2920 —-
426 2880 567 2950 consuluit]
602 2877 670 2932 Uon-
707 2830 1125 2934 roassekk.siouieitdehoeiello
1134 2877 1308 2933 Graecorum:

10 2960 19 3013 ’,-
82 2947 149 3004 ailina
167 2949 296 3022 plerique
313 2964 401 3002 omnes
415 2947 476 3002 libri
488 2945 669 3019 manuscripti,
705 2944 932 3016 Λακεδαιμόνιοι
961 2951 1015 3016 μὲν
1047 2953 1094 3000 καὶ
1127 2946 1161 3000 τὸ
1196 2946 1309 3007 ξενικὸν

82 3017 116 3070 led
136 3028 253 3074 tuentur
280 3024 369 3070 tamen
394 3016 466 3071 Flor.
488 3018 515 3070 A
543 3017 624 3070 Bern.
646 3016 672 3069 A
707 3021 843 3081 ἐπέτυχον
869 3016 942 3088 μα’χῃ
969 3021 1016 3067 καὶ
1043 3013 1211 3087 διέφθειραν
1242 3015 1309 3072 τοὺς

10 3102 13 3107 ’
82 3086 200 3157 vulgatam
229 3103 313 3157 quam
330 3085 409 3139 etiam
430 3093 541 3157 propter
558 3083 672 3138 vicinum
706 3090 771 3157 περὶ
799 3083 953 3157 Κόρῥαγον
985 3082 1170 3204 asportasse,
1207 3080 1309 3137 Ἠλεῖοι

81 3156 170 3210 verbum
189 3155 349 3211 consulendi
369 3155 489 3208 deserere
506 3153 594 3208 nolim.
631 3152 671 3207 Cf.
706 3151 830 3208 δἀὐτοῖς
857 3152 1019 3222 σομμετεβά
1038 3173 1107 3206 οντο
1132 3157 1178 3204 καὶ
1200 3150 1309 3217 Ἀχαιοὶ

81 3222 104 3275 ad
116 3240 177 3294 v111,
198 3231 236 3279 24
256 3241 297 3293 pr.
315 3223 373 3278 Hoc
389 3223 448 3278 loco
466 3221 589 3277 dicuntur
606 3239 670 3275 con·
705 3222 811 3276 πάντες
829 3220 904 3287 πλὴν
921 3219 1106 3287 Πελληναίον
1126 3226 1173 3273 καὶ
1191 3220 1308 3291 Ἀρκα-

79 3304 190 3365 gregatae
215 3289 366 3362 legationes
389 3291 536 3346 civitatium
558 3289 671 3344 Graeca·
707 3289 762 3344 clla
788 3297 881 3344 πᾶσα
916 3288 991 3355 πλὴν
1025 3288 1154 3362 Μεγάλης
1188 3291 1307 3353 πόλεως,

79 3374 123 3416 lum
142 3364 259 3418 foedere
276 3359 447 3415 Macedonico
464 3359 670 3426 coniunctium,
707 3359 776 3424 αὕτη
795 3356 825 3412 δὲ
843 3357 1035 3432 ἐπολιορκεῖτο
1050 3365 1097 3411 καὶ
1105 3357 1171 3412 καθ’
1188 3363 1309 3425 ἑκάστην

78 3433 132 3496 quod
158 3431 311 3502 scriptores
343 3445 480 3483 commune
511 3427 671 3483 Graecorum
705 3428 812 3501 ἡμέραν
837 3425 966 3488 ἐπίδοξος
992 3420 1029 3494 ἢν
1055 3426 1173 3481 ἁλῶναι.
1213 3429 1308 3500 Itaque

78 3501 204 3556 nucinum
233 3496 367 3568 appellare
399 3498 486 3552 solent
507 3496 553 3565 (τὸ
572 3497 671 3550 κοινὸν
705 3497 835 3551 Arcadiae
868 3496 1002 3551 civitatem
1039 3495 1228 3552 nobilissimam
1260 3499 1310 3552 huc

76 3575 122 3622 τῶν
137 3567 290 3632 Ἑλλήνων
309 3564 464 3641 συνέδριον,
478 3565 670 3633 Diodorxvu,
705 3567 848 3620 inferentes
876 3573 948 3619 certe
974 3584 1027 3619 non
1053 3566 1165 3624 multum
1191 3569 1225 3622 ab
1252 3566 1310 3638 ipsa

76 3639 116 3700 lt).
159 3637 207 3691 De
249 3632 375 3688 Graeciae
411 3637 491 3689 rebus
524 3634 671 3705 imperante
705 3635 819 3689 auctoris
844 3645 934 3689 mente
956 3637 1091 3689 aberrasse
1105 3653 1152 3689 nos
1175 3636 1309 3690 existima-

73 3703 221 3761 Alexandro
245 3701 325 3768 olim,
347 3704 407 3757 dum
423 3704 453 3757 in
472 3703 565 3758 Curtio
582 3719 671 3756 recen·
706 3723 774 3758 mus.

72 3778 141 3831 sendo
149 3791 259 3835 versor,
275 3771 390 3826 libellum
402 3773 536 3843 composui
544 3772 672 3825 insertum
740 3772 816 3837 Quae
834 3779 979 3843 sequuntur
993 3772 1086 3827 itidem
1100 3780 1225 3843 corrupta
1233 3778 1308 3839 sunt3

70 3836 90 3896 in
104 3844 174 3899 libro
193 3846 337 3895 menstruo
353 3840 505 3896 Zeitschrist
520 3840 670 3908 fiirKunst‚
707 3859 773 3913 qnae
790 3842 819 3895 in
836 3842 907 3895 Flor.
925 3842 951 3894 A
973 3841 1009 3896 sic
1030 3842 1168 3912 leguntur:
1195 3842 1309 3910 Macyn-

70 3906 263 3968 Wissenschast
284 3909 338 3961 und
355 3908 513 3964 Gasohichte
531 3910 577 3963 des
595 3909 672 3962 Krie-
706 3913 840 3980 tepolitooi
858 3928 966 3980 quorum
984 3913 1046 3964 orba
1065 3912 1245 3963 commerata
1264 3911 1309 3960 de·
1345 3920 1348 3926 ’

67 3993 113 4050 gas,
132 3980 200 4035 Vol.
219 3993 243 4031 v
262 3977 325 4030 fasc.
344 3986 366 4031 7.
383 3985 407 4033 8.
426 3986 450 4034 9.
486 3978 575 4032 Berol.
597 3983 671 4031 1825.
698 3981 826 4050 sectionis
848 3980 903 4032 eiua
926 3981 1008 4032 octos
1026 3980 1085 4032 eteb'
1102 3985 1154 4030 oet.
1182 3976 1263 4029 Bern.
1281 3978 1308 4029 A

93 4055 116 4121 §.
146 4056 193 4104 20.
236 4047 367 4115 Teqearae
392 4049 494 4102 veniam
516 4047 670 4127 defectionis
704 4050 803 4117 mapale
816 4049 960 4118 politania,
983 4064 1092 4116 quoram
1110 4046 1172 4098 orbs
1190 4054 1247 4097 erat
1266 4045 1308 4098 ob-

63 4141 91 4163 *
107 4122 145 4174 im
166 4114 337 4184 erraverunt]
366 4115 466 4172 Videor
482 4115 546 4169 mihr
562 4114 671 4169 medici·
704 4134 778 4171 sesso
805 4135 822 4169 a
848 4117 1002 4185 defectionis
1030 4116 1085 4167 eius
1112 4115 1193 4166 aclas
1221 4123 1244 4165 er
1263 4115 1306 4167 eli.

61 4197 117 4243 lum
157 4185 204 4239 uic
223 4183 287 4236 looo
305 4184 436 4253 attulisse,
460 4202 539 4255 quam
560 4193 592 4238 ut
608 4183 671 4237 viris
706 4185 786 4239 Snak.
805 4202 839 4237 ex
854 4184 929 4237 Leid.
956 4183 1045 4236 affert:
1070 4181 1307 4250 Maeqalepolitoni

59 4251 141 4313 doctis
175 4253 277 4306 robem
291 4267 324 4302 ex
356 4253 474 4308 riendum
487 4261 536 4307 ast.
553 4253 669 4307 Inoodd.
705 4261 733 4308 et
750 4273 767 4308 ο
786 4254 938 4323 desectionis
957 4253 1022 4318 aas,
1040 4267 1074 4303 ex
1090 4250 1167 4304 Voss.
1188 4255 1200 4300 1
1221 4251 1307 4304 obsea-

56 4314 130 4381 Laid.
151 4275 237 4376 iiosa
258 4325 272 4371 1
298 4316 367 4373 For.
382 4325 431 4376 AB
455 4322 492 4377 sic
508 4321 618 4392 legitur:
637 4324 669 4375 li·
704 4334 776 4377 serat
793 4329 821 4376 et
839 4323 928 4374 Achae
948 4321 1032 4373 Siren.
1058 4317 1130 4370 Flor.
1147 4317 1170 4369 B
1189 4321 1306 4387 moeqale

54 4404 123 4448 cerat
136 4389 255 4463 precati
272 4397 363 4456 prorae
378 4394 493 4445 veniam:
509 4391 535 4443 in
553 4391 669 4444 BernA
698 4394 815 4461 politooi
839 4407 947 4460 quorum
973 4389 1035 4440 urba
1062 4388 1168 4439 obsesso
1190 4396 1247 4439 erat
1270 4391 1307 4442 od

48 4463 161 4522 precari
179 4459 265 4512 deest
282 4462 313 4508 et
329 4460 448 4531 expletur
472 4477 552 4513 manu
577 4476 667 4514 recen·
702 4461 844 4531 effectionis
862 4459 926 4512 aias.
947 4457 1059 4510 Obsessa
1076 4453 1306 4512 erotetiaminre·
