2926 5174
498 332 546 382 nu
574 333 701 387 unsris
728 333 837 384 Annii.
863 334 916 403 ni,
944 332 985 380 12.
1307 327 1354 400 21

97 513 272 603 interfluit,
303 523 349 586 et
378 524 473 587 tune
499 525 617 590 aestas
644 525 732 606 erat,
759 515 859 589 cuius
885 518 982 591 calor
1008 543 1082 593 non
1108 523 1215 596 aliam
1240 529 1355 624 magis

99 651 189 724 quain
216 622 382 699 Ciliciae
413 650 517 699 oram
550 651 685 724 vapore
712 625 796 699 solis
822 625 1000 718 accendit,
1034 639 1072 702 et
1097 630 1168 706 diei
1192 636 1354 710 fervidis·

100 739 212 811 simum
238 745 407 834 tempus
436 747 638 835 exceperat.
690 734 844 809 Pulvere
876 739 981 811 simul
1013 764 1054 813 ac
1081 740 1212 816 sudore
1237 749 1354 842 pertu-

100 874 164 922 sum
187 871 326 944 regem
355 846 536 920 invitavit
560 848 677 943 liquor
701 845 866 937 fluminis,
892 858 935 921 ut
960 849 1114 923 calidum
1140 852 1258 927 adhuc
1278 881 1353 930 cor·

100 985 154 1058 pus
176 958 368 1030 ablueret.
429 956 556 1053 Itaque
581 967 683 1031 veste
718 955 882 1054 deposita
907 958 944 1030 in
971 971 1166 1059 conspeetu
1191 967 1352 1062 agninis,

101 1069 277 1168 (decorum
307 1092 466 1164 quoque
491 1069 653 1140 futurum
677 1077 788 1155 ratiis,
814 1067 846 1139 si
871 1070 1088 1145 ostendisset
1113 1074 1197 1164 suis,
1223 1076 1295 1149 levi
1316 1088 1353 1150 et

100 1181 236 1279 parabili
276 1179 395 1252 cultu
440 1178 600 1275 corporis
634 1203 673 1251 se
708 1202 787 1251 esse
826 1179 1062 1277 contentum,)
1095 1180 1281 1258 descendit
1294 1174 1300 1186 ⁸
1313 1188 1352 1260 in

103 1291 233 1363 flumen.
285 1288 453 1384 Vixque
488 1288 637 1385 ingressi
671 1289 790 1362 subito
821 1289 972 1363 horrore
1006 1300 1107 1364 artus
1132 1291 1247 1389 rigere
1273 1322 1352 1371 coe·

108 1410 223 1498 petunt
229 1457 238 1492 ,
270 1400 406 1499 pallor
441 1396 570 1472 deinde
597 1399 753 1501 suffusus
779 1410 849 1490 est,
886 1409 923 1475 et
947 1408 1065 1474 totum
1090 1405 1351 1500 propemodum

91 1535 218 1607 [corpus
242 1511 377 1584 vitalis
406 1509 510 1581 calor
534 1509 645 1605 liquit.
680 1507 869 1607 Expiranti
895 1511 1045 1584 similem
1070 1512 1223 1587 ministri
1239 1540 1351 1589 manu

106 1621 289 1719 excipiunt,
319 1645 395 1695 nec
426 1619 516 1693 satis
542 1631 744 1717 compotem
774 1621 905 1695 mentis
930 1622 967 1695 in
993 1622 1264 1709 tabernaculum
1290 1626 1350 1700 de-

101 1733 216 1808 serunt.
266 1731 416 1830 Ingens
452 1729 652 1803 sollicitudo
688 1740 725 1804 et
758 1757 873 1829 paene
904 1732 976 1805 iam
1007 1734 1126 1806 luctus
1156 1734 1348 1810 incastris

101 1852 176 1917 erat.
214 1843 372 1918 Flentes
402 1842 659 1937 querebantur,
677 1841 715 1913 in
740 1850 843 1915 tanto
869 1842 1001 1940 impetu
1026 1868 1203 1938 cursuque
1229 1870 1350 1919 rerum

100 1955 204 2028 omnis
230 1953 370 2028 aetatis
401 1977 449 2024 ae
476 1951 667 2025 memoriae
694 1951 927 2025 clarissimum
958 1977 1080 2050 regem
1111 1978 1185 2024 non
1210 1954 1247 2025 in
1274 1956 1350 2030 acie

100 2066 227 2155 saltem,
247 2090 327 2137 non
356 2064 410 2136 ab
439 2061 546 2136 hoste
573 2060 760 2152 deiectum,
780 2059 845 2134 sed
870 2062 1075 2135 abluentem
1100 2087 1194 2159 aqua
1219 2089 1349 2161 corpus

100 2187 254 2275 ereptum
280 2199 369 2248 esse
399 2182 442 2246 et
470 2173 677 2245 extinctum.
722 2172 862 2246 Instare
887 2173 1063 2263 Dareum,
1088 2173 1262 2248 victorem
1288 2201 1348 2247 an·

99 2296 235 2385 tequam
261 2285 433 2359 vidisset
459 2283 610 2357 hostem.
651 2279 726 2356 Sibi
752 2282 897 2357 easdem
922 2294 1055 2374 terras,
1082 2308 1172 2380 quas
1197 2285 1348 2360 victoria

129 2462 151 2505 et
167 2454 218 2506 diei
231 2451 468 2523 fervidissimum
490 2458 588 2530 tempus
610 2465 714 2570 excepe-
748 2448 841 2503 coloris
851 2449 993 2503 communis
1002 2457 1043 2503 est
1051 2450 1164 2521 utrique.
1188 2450 1259 2503 Tum
1267 2450 1348 2521 vulgo

100 2523 149 2591 rot]
181 2518 374 2601 Dubitationis
399 2516 504 2586 aliquid
529 2525 599 2570 inest
620 2517 648 2569 in
683 2535 715 2571 oc
749 2520 822 2598 celer
838 2520 958 2598 reliquit,
984 2536 1032 2572 nos
1049 2536 1120 2572 nuno
1137 2521 1213 2587 liquit
1230 2519 1349 2573 dedimus

101 2589 160 2642 loco.
183 2590 262 2642 Edidi
280 2594 435 2657 exceperat
452 2601 488 2637 ex
505 2587 580 2640 codd.
597 2586 715 2639 BernA
749 2586 829 2640 libros
846 2595 929 2640 secuti
945 2588 1026 2640 Bern.
1043 2587 1070 2641 A
1086 2586 1157 2640 Flor.
1174 2585 1231 2640 BG
1248 2586 1347 2642 Vosal

101 2657 166 2736 ¹Flor.
181 2659 204 2711 B
218 2658 244 2711 G
261 2665 291 2711 et
308 2655 395 2736 Leid.
415 2653 601 2724 Vossianoque
617 2653 714 2725 priore,
749 2655 938 2776 Smiramurque
960 2655 1115 2735 Leidensem
1140 2672 1157 2707 a
1181 2654 1280 2708 familia
1302 2672 1349 2710 sua

103 2734 162 2778 item
175 2727 300 2780 Modiano
319 2725 414 2789 libro,
436 2739 498 2776 cum
513 2723 594 2792 vulgo
611 2722 716 2793 legatur
767 2728 913 2790 asciscere),
930 2732 995 2776 item
1007 2723 1092 2777 Modn
1109 2723 1266 2793 exemplum.
1283 2722 1348 2775 Fre-

104 2806 219 2864 coeperut.
259 2795 321 2848 Nec
340 2802 443 2846 tamen
462 2793 579 2860 ercr'pere
596 2791 715 2844 absolute
767 2808 832 2845 nens
854 2793 923 2862 apud
942 2791 1065 2846 Curtium
1085 2791 1195 2844 verbum
1266 2791 1349 2844 ticum

104 2880 148 2982 pro
164 2866 272 2934 coeptam
294 2861 351 2916 dici
371 2858 592 2913 existimaverim.
635 2859 715 2929 Apud
748 2809 881 2933 inquere,
904 2859 1030 2931 imprimis
1047 2861 1081 2912 de
1098 2858 1184 2912 animo
1202 2809 1347 2912 ‹iideienta

127 2931 201 2985 ivium
223 2947 254 2998 11,
282 2939 297 2986 6
330 2929 517 2984 turbulentior
541 2930 603 2980 inde
628 2945 715 2980 uanus
784 2931 841 2995 §.a
860 2930 1240 2996 quosvictoriaperuprosseut
1275 2926 1349 2980 Editi

108 3002 198 3068 excepit
213 3000 284 3053 lacile
301 2997 450 3067 intelligas
468 2995 586 3066 proxime
599 3013 629 3048 su
663 2995 715 3048 rio-
749 3003 856 3065 praeter
872 2995 1027 3048 Medianum
1043 2996 1165 3061 victores,
1184 3012 1220 3063 qu
1271 2993 1350 3049 fluxit

111 3083 177 3131 rem,
192 3075 264 3136 atque
279 3069 307 3122 in
325 3067 360 3120 iis
380 3063 468 3130 locis,
493 3081 557 3184 quos
580 3064 606 3116 D
658 3064 716 3117 .ad
750 3063 863 3116 eBern.
890 3062 1002 3117 BFlor.
1019 3061 1048 3113 H
1073 3061 1175 3113 Voss2
1199 3069 1227 3114 et
1244 3061 1350 3132 reliquis

115 3132 185 3185 illum
197 3134 277 3188 locum
291 3139 449 3206 comparat,
468 3149 499 3185 eo
517 3148 559 3184 em
567 3133 645 3186 modo
662 3150 716 3185 non
750 3131 805 3184 eius
823 3137 910 3184 sectae
927 3129 1000 3183 libris
1021 3146 1081 3181 mss.
1121 3128 1176 3181 Sed
1198 3127 1280 3182 maior
1301 3146 1352 3181 nu-

118 3200 393 3258 diffidleaccusativum
403 3200 535 3255 attrahas.
553 3201 613 3254 Hoc
627 3209 716 3253 autem
749 3216 836 3253 merus
868 3215 957 3252 omnes
976 3214 1009 3250 ue
1040 3196 1155 3250 melioris
1185 3204 1263 3250 notae
1289 3194 1351 3250 libri

114 3268 168 3322 loco
188 3287 220 3323 ex
238 3271 290 3353 ipso
310 3267 489 3326 nominativo
503 3271 715 3338 fervidissimum
749 3269 873 3334 victoria,
900 3284 936 3338 qu
991 3264 1132 3320 restituere
1149 3282 1203 3319 non
1219 3263 1350 3318 dubitari-

111 3347 202 3408 tempes
224 3343 273 3393 diei
296 3337 514 3410 intelligendum
539 3345 608 3391 esset
629 3339 715 3390 minus
749 3355 815 3390 mus.
857 3335 952 3406 Neque
977 3335 1048 3389 enim
1073 3334 1101 3387 in
1127 3334 1177 3387 hac
1199 3332 1351 3388 condicione

100 3408 236 3477 semidam.
750 3404 868 3459 codicum
890 3422 951 3457 mss.
974 3402 1086 3475 speciem
1107 3403 1239 3474 quandam
1260 3401 1351 3457 verisi-

139 3479 161 3543 ξ.
177 3480 338 3597 2.Hpoluere
356 3475 447 3529 simul
464 3491 496 3525 cc
513 3477 608 3527 sudore
619 3475 712 3543 perfia·
749 3471 903 3527 militudinis
921 3474 1060 3526 observare
1077 3489 1142 3543 opus
1159 3479 1209 3539 est,
1228 3489 1281 3542 qua
1293 3489 1351 3526 mo-

106 3545 171 3614 sum]
232 3563 280 3599 ane
300 3544 459 3616 legitimam
480 3543 620 3595 verborum
637 3543 715 3594 simul
749 3550 792 3596 tus
811 3541 942 3596 Oudendo
976 3542 1034 3594 .ad
1052 3539 1126 3594 Suet.
1135 3541 1206 3611 Aug.
1221 3547 1252 3594 93
1271 3542 1351 3593 vieto·

106 3629 136 3664 co
150 3612 348 3668 collocationem
371 3625 470 3666 omnes
488 3611 564 3664 codd.
581 3609 666 3663 nostri
687 3616 715 3662 et
749 3613 799 3663 riis
816 3609 904 3690 potius
921 3626 953 3662 ve
973 3627 1025 3663 ese
1038 3608 1149 3680 scripsit,
1166 3607 1263 3679 quippe
1279 3609 1351 3679 quod

105 3680 194 3750 reliqui
228 3682 256 3735 ui
279 3679 437 3736 accuratius
459 3677 549 3732 collati
574 3686 637 3731 sunt
662 3695 715 3731 ser-
748 3697 797 3750 pro
816 3696 856 3731 ius
882 3680 1019 3731 accederet
1044 3678 1078 3730 ad
1104 3678 1221 3730 victores.
1257 3675 1351 3730 Cicero

108 3757 174 3802 rant.
208 3699 253 3804 ilio
269 3751 352 3804 etiam
371 3745 457 3820 paulo
474 3753 535 3818 post
557 3747 649 3800 amicis
662 3765 715 3816 pa·
749 3697 855 3818 quidem
872 3745 981 3801 dixisset
995 3764 1052 3800 cam
1061 3746 1179 3813 victoria,
1198 3744 1275 3798 sicuti
1284 3745 1353 3798 dixit

110 3818 168 3869 riter
183 3835 215 3872 ac
232 3821 341 3873 medicis
367 3824 399 3870 et
418 3829 483 3883 vm,
504 3823 535 3868 17
559 3816 661 3868 obsides
678 3816 716 3868 si·
752 3834 778 3886 p.
787 3815 873 3868 Balbo
883 3821 908 3880 6,
923 3818 946 3884 §.
958 3821 988 3870 16
1008 3815 1082 3868 cuius
1099 3832 1142 3867 res
1158 3824 1247 3883 pestee
1265 3830 1352 3865 omae-r

109 3888 157 3938 mul
172 3888 307 3941 habiturus
326 3896 351 3940 et
370 3885 484 3938 milites.
506 3882 561 3938 Vul
581 3885 718 3952 optrivere
749 3893 839 3954 pentes
858 3901 915 3936 eam
933 3884 1083 3938 clarissimo
1096 3883 1352 3935 victoriaterrama·

111 3971 139 4005 cc
154 3958 247 4008 rudore
263 3957 344 4009 simul
358 3953 513 4024 perfusum.
544 3901 611 4006 lliox
629 3961 652 4004 et
665 3969 717 4020 pa·
752 3954 826 4021 rique
836 3961 1039 4032 percprcssent,
1057 3951 1103 4003 sed
1111 3947 1234 4028 simplicis
1243 3945 1353 4026 ablatiri

112 4024 184 4076 rabili
201 4023 265 4076 item
281 4040 376 4078 omnes
396 4019 500 4087 nostri,
517 4019 582 4073 editi
600 4023 718 4090 (praeter
750 4019 778 4072 in
796 4019 844 4072 tali
862 4027 995 4073 structura
1012 4037 1088 4072 usum
1100 4016 1210 4068 Liviana
1226 4032 1352 4084 imprimis

113 4088 193 4161 Mod.)
211 4109 251 4145 uc.
751 4087 871 4159 exempla
888 4088 1047 4152 defendunt,
1069 4103 1086 4138 a
1101 4083 1211 4136 Dukero
1228 4083 1262 4134 ad
1279 4082 1352 4139 Flor.

145 4160 164 4225 §-
180 4167 205 4214 8.
219 4161 309 4229 pellor
326 4157 432 4212 minue
449 4157 565 4225 siffasus
583 4165 631 4223 est,
650 4164 717 4208 et—
750 4165 814 4224 11‚1
835 4166 914 4210 totum
932 4159 1018 4210 orbem
1036 4164 1166 4207 terrerum
1185 4152 1259 4204 bellis
1273 4152 1352 4206 victo·

119 4229 179 4278 calor
189 4230 273 4299 liquit]
293 4224 433 4308 Sqffundi
450 4224 594 4277 denubere
612 4233 640 4277 et
657 4240 716 4276 san·
750 4227 800 4278 riis
819 4241 851 4279 ce
867 4227 1025 4295 peruqraoit
1050 4228 1078 4273 ct
1103 4237 1120 4272 a
1136 4218 1295 4273 Ruhnkenio
1316 4221 1352 4273 ad

121 4294 186 4413 ppipe
203 4298 235 4349 ab
252 4293 432 4349 interioribus
444 4291 561 4361 partibus
569 4293 717 4362 prodeunte
749 4294 791 4346 Ve
811 4293 842 4346 ei.
851 4308 885 4360 11,
905 4298 937 4347 89
956 4301 984 4346 et
1002 4297 1034 4346 97
1053 4306 1107 4341 non
1123 4286 1200 4341 huius
1216 4287 1256 4340 rei
1274 4303 1353 4342 causa

136 4360 203 4417 ''tur
227 4364 348 4435 proprie,
378 4377 438 4413 non
463 4358 528 4413 item
551 4360 657 4432 proprie
682 4360 715 4411 de
751 4364 797 4415 sed
817 4371 848 4415 ut
866 4360 1035 4433 perorandi
1057 4357 1167 4408 verbum
1190 4355 1352 4410 illustrarent

125 4430 206 4495 pallore
223 4433 267 4504 qui
283 4430 429 4485 inducitur
440 4429 522 4496 adei,
540 4430 586 4482 sed
602 4428 716 4484 mutatio
750 4431 838 4486 allata.
881 4431 1033 4484 Omiserunt
1049 4424 1153 4479 Livium
1170 4439 1224 4493 vn,
1242 4429 1276 4478 20
1293 4443 1352 4480 cum
