2926 5174
470 336 519 387 nu
547 335 674 387 unsrrs
701 335 810 386 sunx.
837 337 887 405 vr,
916 333 957 385 rs.
1255 315 1327 386 245

106 521 158 593 teri
183 519 323 593 remissi
349 518 511 611 domum,
547 528 691 617 praeter
717 518 1030 612 Lacedaemonios,
1058 542 1148 615 quos
1174 516 1269 591 tradi
1294 519 1332 590 in

105 629 292 704 custodiam
316 630 442 733 iussit¹

191 739 403 814 Mardorum
434 742 512 814 erat
546 765 635 840 gens
669 740 816 814 confinis
849 739 1070 839 Hyrcaniae,
1106 740 1204 813 cultu
1234 741 1380 814 vitae16

103 877 218 951 aspera
245 862 282 925 et
307 853 502 925 latrociniis
528 862 683 924 assueta.
735 849 835 924 Haeo
870 853 1038 925 solenes
1064 851 1202 949 legatos
1228 853 1330 925 mise-

102 974 158 1055 rat,
185 964 264 1036 'nec
298 960 489 1036 videbatur
521 965 696 1062 imperata
727 962 875 1036 factura
928 963 1055 1059 Itaque
1081 986 1147 1035 rex
1173 960 1332 1060 indigna-

101 1084 154 1164 tus,
182 1073 213 1146 si
241 1099 314 1145 una
339 1098 427 1171 gens
454 1085 578 1171 posset
604 1074 763 1165 efficere,
788 1098 835 1146 ne
860 1073 1015 1147 invictus
1042 1083 1153 1162 esset,
1186 1073 1333 1171 impedi-

101 1186 217 1257 mentis
247 1209 329 1256 oum
354 1185 533 1283 praesidio
559 1186 709 1276 relictis,
735 1185 871 1257 invicta
895 1209 1005 1257 manu
1031 1184 1225 1256 eomitante
1250 1209 1332 1281 pro·

103 1295 191 1369 cedit.
232 1293 352 1368 Noctu
377 1297 446 1368 iter
470 1296 613 1387 fecerat,
628 1306 665 1369 et
691 1296 806 1392 prima
830 1296 912 1368 luce'
935 1294 1050 1368 hostis
1075 1294 1112 1366 in
1138 1304 1334 1392 conspectu

103 1417 179 1478 crat:
218 1406 395 1479 tumultus
430 1408 543 1505 magis
575 1433 683 1504 quam
716 1407 892 1504 proelium
925 1406 1002 1478 fuit
1063 1402 1255 1477 Deturbati
1287 1431 1334 1477 ex

105 1517 249 1608 collibus
284 1542 374 1614 quos
402 1530 682 1616 occupaverant,
713 1516 857 1590 barbari
882 1517 1134 1615 profugerunt:
1168 1517 1336 1614 proximi-

91 1645 157 1721 *que
189 1629 260 1701 vici
294 1629 340 1701 ab
373 1630 497 1702 ineolis
533 1628 666 1702 deserti
704 1629 902 1726 capiuntur.
969 1626 1145 1700 Interiora
1177 1628 1334 1727 regionis

108 1737 163 1810 eius
188 1737 289 1811 haud
316 1765 403 1813 sane
429 1740 519 1813 adiri
544 1741 620 1814 sine
646 1764 778 1837 magna
805 1740 999 1813 vexatione
1026 1740 1205 1812 exercitus
1232 1748 1331 1839 pote·

108 1858 179 1919 rant.
231 1848 322 1947 luga
347 1852 524 1924 montium
549 1852 733 1950 praealtae
770 1851 881 1924 silvae
907 1875 1086 1948 rupesque
1111 1851 1229 1924 inviae
1257 1876 1332 1925 sae·

111 1957 211 2051 piuut3
248 1980 301 2051 ea,
329 1988 421 2058 quae
446 1964 554 2060 plana
580 1972 680 2052 sunt,
706 1987 803 2036 novo
829 1962 1040 2035 munimenti
1065 1986 1197 2058 genere
1223 1962 1331 2059 impe-

91 2063 230 2144 tclierant
262 2073 416 2147 barbari.
467 2073 628 2146 Arbores
664 2072 798 2148 densae
833 2083 919 2145 sunt
946 2071 990 2145 de
1016 2070 1193 2145 industria
1220 2073 1333 2145 consi·

113 2187 168 2271 tae,
192 2209 344 2280 quarum
369 2194 512 2259 teneros
538 2184 656 2258 adhuc
681 2209 801 2258 ramos
833 2209 943 2257 manu
964 2183 1136 2274 flectunt,
1167 2207 1256 2280 quos
1282 2184 1333 2255 iu·

114 2297 205 2366 tortos
237 2320 362 2368 rursus
397 2297 561 2370 inserunt
597 2306 732 2368 terrae:
774 2294 859 2368 inde
893 2295 993 2368 velut
1028 2320 1075 2368 ex
1110 2294 1179 2367 alia
1212 2293 1332 2368 radice

92 2397 255 2478 lluetiores
291 2406 409 2479 virent
440 2409 565 2480 trunci.
617 2405 715 2497 Hos,
752 2432 823 2504 qua
848 2416 980 2479 natura
1005 2405 1093 2496 fec,
1127 2404 1331 2479 adolescere

115 2533 168 2584 uon
196 2517 332 2588 sinunt:
365 2517 497 2614 quippe
529 2518 639 2590 alium
671 2518 729 2589 alii
761 2519 862 2614 quasi
897 2543 996 2591 nexu
1022 2527 1234 2607 conserunt3
1270 2517 1331 2614 qui

115 2620 160 2692 ubi
180 2628 289 2699 multa
315 2626 440 2700 fronde
468 2628 589 2702 vestiti
616 2639 711 2718 sunt,
739 2629 905 2725 operiunt
931 2637 1075 2701 terram.
1122 2626 1248 2723 ltaque
1275 2651 1332 2699 oc·

116 2731 180 2803 culti
210 2761 391 2809 ramorum
426 2739 527 2812 velut
558 2739 676 2836 laquei
713 2749 889 2837 perpetua
925 2763 1031 2836 saepe
1066 2738 1135 2810 iter
1170 2735 1330 2810 cludunt.

142 2928 693 3052 (lap.lt,§.11.inoictomanu]Importu-
724 2994 725 2998 ,
762 2942 785 3007 §.
806 2945 846 2992 12.
882 2938 992 2992 barbari
1011 2937 1197 3007 proserperent]
1233 2935 1334 3005 Prosu-

116 3011 163 3050 1111111
186 3002 212 3055 .l.
221 3004 527 3076 hoeepithetonvidetur‚
536 3008 693 3080 praesertim
723 3009 800 3078 piant
811 3005 886 3072 editi,
899 3006 944 3058 sed
954 3004 1046 3075 scripti
1065 3004 1117 3057 mei
1127 3002 1233 3073 quidem
1241 3021 1331 3057 omnes

116 3079 161 3118 011111
182 3069 246 3124 idem
274 3073 353 3143 paulo
386 3083 448 3127 aute
479 3076 565 3159 qptius
602 3075 691 3130 fuerit.
727 3075 823 3145 aliique
845 3080 977 3144 quotquot
1001 3072 1086 3126 solent
1114 3070 1188 3125 citari
1201 3072 1331 3141 profuge·

115 3129 272 3216 Emendarunt
288 3141 370 3212 igitur
376 3143 570 3198 Freinshemius
580 3147 692 3214 reliquo,
726 3153 796 3197 runt.
815 3143 867 3196 sae
887 3158 1011 3196 enumero
1025 3159 1042 3195 a
1054 3139 1243 3193 Praesentibus
1261 3157 1329 3210 quse

116 3197 217 3280 Heinsius
233 3211 330 3278 incito,
355 3211 502 3266 Schefferus
521 3215 638 3280 indicto,
665 3211 693 3264 hi
727 3211 850 3265 dicuutur
887 3209 997 3264 'storicis
1022 3210 1057 3262 ad
1074 3209 1199 3262 Perfecta
1223 3208 1329 3262 transiri

116 3270 200 3385 qudem
229 3277 301 3347 peius
328 3295 343 3331 e
371 3280 441 3333 malo
472 3280 617 3348 facientes,
645 3296 694 3333 nec
727 3290 755 3333 et
772 3279 829 3333 vioe
846 3296 922 3333 versa
938 3278 1064 3347 vidimus,
1092 3278 1126 3331 cf.
1143 3291 1203 3344 vur,
1231 3282 1278 3345 38,
1297 3285 1329 3332 22

118 3353 170 3410 ,111
184 3342 267 3398 Faber
288 3347 387 3401 felicius
410 3351 544 3418 expedita,
571 3348 693 3420 quoniam
727 3351 821 3417 Itaque
839 3351 928 3417 copias
947 3349 1050 3414 diuidit,
1068 3348 1161 3417 urique
1179 3363 1259 3415 apros
1277 3348 1332 3400 ius-

116 3401 167 3459 1lud
189 3413 288 3480 quidem
313 3417 410 3469 addere
433 3434 621 3488 supervacuum
644 3424 693 3469 est.
727 3419 776 3483 111,-
801 3431 869 3484 vm,
890 3424 935 3484 12,
965 3423 995 3470 13
1024 3416 1190 3469 tabernaculo
1213 3418 1331 3482 excessit,

117 3468 249 3559 Egomalim
266 3485 361 3537 delectu
378 3502 466 3538 mona.
497 3484 550 3538 Sed
562 3485 623 3538 libri
631 3485 694 3538 msti
722 3495 941 3555 percontatusque
959 3487 1025 3555 quid
1041 3486 1081 3537 rei
1098 3487 1133 3538 sit
1150 3487 1333 3553 -cogmoscit

118 3554 164 3594 eun
181 3549 240 3601 mbil
255 3560 369 3621 mutent,
398 3569 439 3605 res
465 3553 545 3607 dubie
566 3552 693 3607 manebit.
729 3553 770 3608 cf.
789 3554 823 3606 od
840 3568 904 3620 vm,
925 3559 966 3619 16,
985 3561 1026 3607 27.

120 3607 280 3672 (Coniecturae
302 3637 375 3673 meae
392 3621 514 3692 opposuit
530 3620 693 3689 Miitzellius,
763 3625 785 3690 §.
812 3629 852 3676 13.
889 3623 962 3676 odiri
987 3653 1022 3664 —
1063 3625 1176 3694 oteraet]
1217 3626 1263 3680 Sic
1289 3625 1332 3678 vel

120 3679 173 3744 quod
187 3688 323 3740 secundum
332 3688 472 3742 Arrianum
481 3705 525 3757 111,
544 3697 578 3744 24
590 3689 691 3759 copiae,
727 3689 785 3743 siue
803 3690 876 3744 libris
894 3698 952 3744 erat
962 3640 1163 3756 emendandum,
1183 3711 1244 3747 nam
1261 3693 1331 3763 regis

121 3745 249 3811 quibuscum
258 3756 408 3811 Alexander
422 3774 479 3811 eam
496 3758 693 3829 expeditionem
726 3776 823 3812 nomen
849 3758 928 3882 longe
952 3767 1092 3813 remotum.
1135 3759 1215 3816 Nunc
1241 3778 1332 3816 omnes

121 3819 218 3899 susceptu,
234 3821 343 3894 integris
356 3824 446 3896 potius
454 3826 601 3897 agminibus
614 3844 693 3898 quam
727 3827 811 3882 nostri
842 3835 870 3881 et
918 3827 1129 3897 uakenburgiani
1156 3827 1195 3881 sio
1221 3830 1331 3894 habent,

122 3878 206 3967 delectis
234 3891 294 3945 viris
321 3893 487 3949 constiterint
521 3893 692 3964 (ἀναλαβών
726 3903 808 3967 atque
831 3895 950 3949 ediderat
966 3895 1073 3950 Medius
1095 3912 1143 3966 pro
1166 3896 1237 3966 vulg.
1257 3898 1333 3950 adire

122 3965 170 4037 wus
184 3974 211 4009 re
227 3957 400 4017 deraemistae
423 3969 468 4015 καὶ
491 3964 558 4020 τούς
575 3963 695 4024 τοξότας
725 3974 838 4035 poterat.

124 4033 157 4068 και
173 4025 234 4081 τοὺς
257 4026 399 4101 Ἀγριάνας
433 4037 479 4082 καὶ
509 4031 562 4098 τὴν
585 4037 694 4084 Κοίνου
763 4037 788 4099 5.
808 4039 847 4087 14.
871 4037 903 4087 de
920 4034 1053 4087 induslria
1071 4031 1133 4085 msti
1151 4047 1250 4099 omnes,
1268 4032 1332 4086 editi

125 4091 157 4163 ξᾱὶ
172 4087 308 4176 ζΑμύντου
326 4097 408 4158 τάξιν
427 4105 472 4150 καὶ
492 4106 553 4154 τῶν
573 4100 695 4174 ἑταίρων
745 4109 835 4155 raeter
852 4101 925 4155 Mod.
950 4117 981 4154 es
1003 4102 1144 4154 industria.
1180 4100 1332 4170 Utrumque

127 4168 212 4211 ‘oscos
225 4163 411 4233 subriperetur
421 4169 542 4224 καὶτοὺς
552 4168 693 4222 insanor—
727 4119 852 4224 latinum
869 4187 934 4237 esse,
952 4176 1041 4221 utrum
1061 4167 1184 4220 ucetiam
1192 4167 1332 4223 Liuianum

126 4224 217 4295 τιστὰς).
238 4230 297 4301 Ipse
309 4233 390 4303 igitur
398 4239 486 4290 valido
495 4255 575 4291 muno
585 4236 695 4291 coniecit
729 4255 797 4292 esse·
812 4247 930 4306 constat,
959 4238 1005 4289 sed
1035 4185 1067 4288 de
1095 4237 1227 4289 industria
1250 4244 1278 4289 et
1304 4237 1333 4290 in

127 4288 332 4354 maudunense.
348 4302 536 4374 Nondisplicet
546 4305 696 4360 coniectura
727 4307 878 4360 universum
896 4304 1059 4377 frequentius
1075 4311 1103 4356 et
1120 4304 1192 4374 apud
1211 4303 1333 4358 Curtium

128 4367 261 4433 quamquam
285 4368 344 4422 illae
362 4371 463 4442 copiae,
483 4391 548 4444 quas
567 4373 694 4427 Arrianus
729 4376 814 4430 solum
832 4375 859 4428 iu
877 4393 926 4428 usu
944 4380 992 4426 est.
1268 4374 1276 4386 ‘

127 4434 232 4500 osnes,
241 4452 274 4489 ne
287 4454 377 4493 munus
387 4440 491 4511 quidem
504 4442 555 4497 dici
562 4446 693 4514 possunt).
765 4447 788 4513 ς.
808 4450 848 4498 15.
885 4443 978 4498 occulti
1003 4457 1135 4494 ramorum
1161 4443 1230 4494 velut
1247 4443 1334 4511 laquei
