2926 5174
120 296 193 369 240
587 314 621 379 o.
649 316 773 368 eunrn
798 317 883 409 nuni

115 510 202 574 eunt
243 525 356 597 aquae
399 511 548 590 terram,
582 499 808 605 praecipitari
847 500 962 590 iubet,
1001 527 1155 599 quorum
1193 529 1338 603 corpora,

114 612 176 684 ubi
200 637 324 685 rursm
350 613 513 709 erumpit,
541 612 692 711 expulsa
717 610 849 703 videre,
876 612 936 708 qui
962 613 1060 686 missi
1086 625 1200 707 erant,
1226 627 1267 688 ut
1290 642 1340 690 ex·

116 723 283 821 ciperent.

66 835 111 905 ll
218 834 393 923 Quartum
409 836 480 908 iam
506 833 600 908 diem
626 833 753 908 eodem
778 837 857 909 loco
884 837 1039 934 quietem
1064 839 1168 912 militi
1194 838 1363 930 dederat,s

114 970 195 1017 cum
222 946 358 1021 litteras
384 945 614 1036 Nabarzanis,
643 946 702 1043 qui
728 945 887 1021 Dareum
912 973 994 1023 cum
1019 950 1132 1025 Besso
1157 951 1340 1050 intercepe-

113 1070 188 1150 rat,
223 1061 366 1158 accipit,
402 1085 552 1157 quarum
584 1059 762 1131 sententia
795 1060 884 1133 haec
919 1073 1014 1136 erat:
1050 1089 1088 1137 se
1123 1061 1245 1135 Dareo
1280 1087 1339 1133 non

112 1172 221 1245 fuisse
255 1171 452 1262 inimicum,
488 1171 596 1243 immo
629 1170 737 1244 etiam
769 1198 860 1269 quae
896 1173 1106 1248 credidisset
1137 1174 1241 1247 utilia
1276 1197 1339 1246 esse

115 1284 284 1376 suasisse,
311 1295 349 1357 et
375 1283 458 1381 quia
482 1281 588 1355 fidele
615 1282 800 1356 eonsilium
826 1285 902 1384 regi
930 1285 1098 1378 dedisset,
1125 1311 1240 1385 prope
1266 1284 1338 1358 occi·

84 1385 86 1391 ¹
114 1419 194 1468 sum
220 1397 265 1469 ab
293 1422 346 1470 eo.
385 1395 555 1493 Agitasse
579 1393 748 1486 Dareum,
775 1396 973 1470 custodiam
1006 1398 1165 1495 corporis
1193 1399 1248 1470 sui
1274 1412 1359 1470 eon-9

113 1519 170 1581 tra
196 1510 251 1581 ius
276 1509 401 1606 fasque
426 1506 615 1605 peregrino
641 1507 742 1578 militi
769 1507 921 1599 tradere,
936 1506 1107 1583 damnata
1127 1509 1336 1607 popularium

112 1619 201 1710 fide,
229 1645 336 1718 quarn
362 1643 427 1716 per
453 1617 626 1691 ducentos
654 1627 691 1691 et
716 1618 863 1718 triginta
889 1646 1002 1694 annos
1028 1621 1241 1696 inviolatam
1266 1619 1336 1718 regi-

104 1730 181 1805 bus
208 1733 280 1805 suis
307 1730 578 1829 praestitissent.
625 1727 671 1804 Se
697 1731 734 1803 in
760 1731 944 1829 praecipiti
971 1743 1008 1806 et
1033 1733 1171 1807 lubrico
1200 1742 1335 1806 stantem
1347 1745 1364 1792 1⁰

112 1844 298 1917 consilium
324 1869 346 1915 a
371 1832 551 1941 praesenti
576 1842 790 1914 necessitate
806 1843 988 1940 repetisse.
1020 1843 1181 1919 Dareum
1202 1865 1333 1943 quoque,

112 1981 193 2028 cum
219 1955 408 2028 occidisset
433 1951 596 2053 Bagoan,
631 1954 699 2026 hae
731 1955 961 2028 excusatione
994 1957 1209 2031 satisfecisse
1243 1977 1332 2054 popu·

110 2067 260 2159 laribus,
273 2078 280 2083 “
294 2066 391 2164 quod
415 2065 642 2138 insidiantem
669 2065 735 2139 sibi
762 2066 1009 2141 interemisset.
1061 2068 1159 2142 Nihil
1187 2093 1264 2141 esse
1285 2063 1330 2137 mi·
1342 2077 1357 2124 11

114 2178 201 2252 seris
228 2179 438 2252 mortalibus
466 2176 592 2275 spiritu
619 2176 744 2249 carius.
783 2175 1019 2272 Amoreeius
1046 2180 1094 2253 ad
1120 2182 1248 2254 ultima
1271 2198 1329 2250 esse

113 2291 331 2388 propulsum.
391 2286 463 2362 Sed
503 2312 546 2360 ea
582 2288 695 2384 magis
734 2314 812 2362 esse
844 2300 1021 2382 secutum,
1055 2317 1165 2389 quam
1197 2300 1326 2389 optasse.

31 2395 76 2473 ’Ψ
112 2400 154 2473 In
196 2400 374 2474 communi
412 2400 613 2472 calamitate
652 2424 754 2472 suam
786 2428 961 2501 quemque
993 2402 1127 2477 habere
1160 2405 1354 2476 fortunam·lt

83 2633 85 2636 ,
147 2583 212 2654 Gap.
232 2592 273 2653 11,
293 2590 316 2652 3.
336 2590 361 2639 8.
396 2585 514 2638 Dareum
532 2585 715 2704 interceperat}
751 2589 864 2655 optasse]
899 2587 997 2640 Editur
1013 2585 1076 2639 inde
1093 2604 1110 2638 a
1126 2586 1281 2658 principibus
1294 2580 1327 2635 sed
1364 2624 1368 2633 .

110 2654 156 2706 An
165 2655 348 2723 interfecerat,
367 2661 398 2707 ut
416 2655 495 2707 Bern.
513 2653 537 2706 B
555 2651 627 2704 Flor.
645 2653 697 2706 ΕΗ
751 2672 781 2707 ea
798 2657 883 2724 mepte
901 2665 1088 2708 canescentem
1112 2673 1198 2724 quae
1224 2654 1326 2723 coenis·

111 2721 161 2775 nisi
179 2725 332 2793 intercepere
358 2723 427 2775 idem
453 2721 508 2774 fere
532 2736 588 2773 esse
606 2719 714 2774 dicimus
749 2733 805 2776 set
822 2726 1037 2788 necessitas,
1060 2741 1163 2792 quam
1181 2741 1246 2792 quae
1261 2731 1326 2791 optes·

112 2791 185 2860 quod
203 2798 244 2844 est
261 2810 315 2844 com
334 2794 481 2858 estendere,
500 2805 550 2842 nec
566 2796 654 2841 tamen
664 2790 714 2843 hoc
748 2801 795 2858 set,
813 2809 880 2863 quae
898 2791 934 2846 sic
951 2791 1060 2845 iunnllo
1073 2791 1143 2845 libro
1158 2811 1237 2845 manu
1251 2788 1326 2846 saiw

111 2859 161 2912 nisi
184 2859 207 2913 si
233 2861 267 2912 ad
292 2811 475 2913 Alexandrum
500 2858 644 2911 referretur
662 2857 713 2911 diei
747 2859 801 2929 legi
824 2868 936 2926 constat,
956 2868 1083 2932 quantum
1110 2860 1218 2930 quidem
1239 2805 1326 2935 exilia

111 2937 209 2999 posset,
227 2928 300 2999 prius
317 2947 396 3000 quam
406 2927 558 2981 Alexander
575 2942 607 2979 eo
625 2934 714 2997 posset
749 2945 814 2997 quos
832 2928 975 2983 accuratius
994 2928 1143 2999 descriptos
1159 2931 1287 2995 habemus,
1299 2940 1326 2976 n·

111 2996 200 3067 potiri.
747 2996 897 3077 tclligimus.
932 2995 1026 3050 Nostri
1043 3013 1136 3050 omnes
1154 3005 1183 3051 et
1200 3002 1273 3051 Voss.
1288 2995 1325 3048 ld

146 3069 168 3134 ξ.
188 3074 211 3121 9.
239 3084 291 3136 per
308 3071 429 3121 ducentos
448 3075 472 3118 et
489 3065 598 3133 triyinta
616 3065 712 3134 annos]
747 3066 835 3118 medra
843 3067 907 3120 haec
915 3083 981 3135 quae
990 3067 1113 3135 coepisset
1122 3069 1327 3134 necessitasque

111 3134 210 3190 Omnes
237 3136 312 3188 codd.
342 3135 376 3187 ed
402 3134 462 3187 edd
487 3140 608 3186 vetustae
637 3139 663 3184 Π
690 3142 714 3185 et
748 3132 1050 3202 omittunt‚Leid.etiam
1058 3151 1211 3205 quemquoe
1220 3134 1298 3197 Pell,
1308 3133 1327 3178 ui

113 3202 187 3257 000
212 3203 255 3257 vel
280 3203 375 3256 omissa
402 3202 498 3256 lineola
524 3203 558 3255 Il
583 3210 606 3254 et
633 3202 713 3256 000.
748 3201 869 3270 traditur,
880 3211 984 3257 tantum
996 3220 1062 3271 quoe
1071 3205 1195 3272 coepisset
1203 3201 1329 3257 necessitat-

99 3271 237 3326 ¹Correxit
259 3271 350 3323 Iunius
376 3273 518 3324 secundum
535 3286 581 3336 Ν,
603 3278 645 3339 54,
668 3271 715 3325 ubi
747 3270 805 3324 Iam
823 3271 844 3324 si
862 3271 901 3325 ita
916 3270 1058 3325 scribamus
1072 3263 1327 3326 utnostrorumcodt

110 3340 168 3411 ipse
192 3340 294 3392 Dareus
321 3339 385 3393 dicit
410 3339 445 3392 im
480 3339 547 3392 rium
573 3339 713 3393 Persarum
748 3357 888 3393 consensus
905 3339 1021 3411 postulat
1036 3343 1328 3410 ecmnyisessizuecstttl

110 3407 226 3463 secundo
256 3425 333 3461 eursu
365 3423 412 3478 per
458 3416 568 3461 ucentos
602 3408 713 3478 triginta
747 3425 813 3528 puae
831 3418 951 3477 optasset,
975 3407 1115 3478 explicatio
1134 3407 1248 3462 difficilis
1263 3401 1328 3462 nait

110 3493 194 3530 annos
223 3476 258 3528 ad
288 3493 416 3528 summum
436 3476 570 3545 fastigium
593 3485 713 3530 evectum
759 3484 860 3529 ortasse
886 3477 966 3530 haec:
992 3493 1021 3528 se
1051 3485 1158 3531 otasse
1184 3487 1215 3531 ut
1236 3474 1329 3530 vinem

68 3550 70 3554 '
110 3561 177 3599 esse.
212 3543 323 3598 Poterat
347 3545 452 3615 quidem
475 3544 644 3599 Nabarzanes
662 3545 713 3599 alia
746 3544 914 3611 Alexander,
933 3562 987 3598 non
1004 3553 1036 3598 ut
1079 3563 1151 3600 esses
1169 3540 1328 3601 domante

112 3613 307 3684 computatione
329 3620 479 3684 temporum
501 3612 557 3680 uti,
576 3630 667 3666 verum
684 3613 713 3666 in
747 3620 802 3680 ret,
835 3613 925 3684 itaque
953 3631 1023 3667 nunc
1053 3615 1087 3668 ab
1113 3614 1193 3668 armis
1221 3611 1329 3688 chedma

111 3690 189 3737 tenta
214 3699 421 3735 numeroruma
455 3681 566 3734 ualitate
591 3683 642 3736 hoc
666 3682 712 3734 vix
746 3698 825 3750 seque
843 3681 995 3739 Alexandro
1021 3683 1137 3736 tradere.
1174 3683 1226 3737 Sed
1248 3690 1277 3735 ut
1291 3677 1328 3730 dm

112 3752 236 3822 cuiquam
253 3750 392 3804 verisimile
409 3751 435 3804 vi
454 3750 549 3804 ebitur.
746 3750 858 3803 molesta
886 3751 950 3803 haec
982 3750 1107 3805 adulatio.
1159 3748 1328 3832 Corrigendun

148 3826 171 3888 3.
193 3827 232 3874 10.
259 3821 428 3872 insidiantem
451 3821 502 3872 sibi
529 3820 711 3940 interemisse?
746 3818 834 3898 potius
860 3818 999 3871 videbatur
1024 3837 1101 3888 quom
1128 3831 1233 3890 optasse
1248 3839 1264 3872 1.
1280 3822 1327 3869 att

111 3889 196 3943 Deest
218 3890 270 3942 sibi
296 3888 324 3941 in
345 3888 408 3941 edit.
436 3886 561 3941 Modiana
586 3895 615 3940 et
637 3887 712 3940 Lei.
746 3905 775 3938 m
800 3888 1045 3958 comprehendendo
1064 3887 1155 3942 Dareo
1172 3888 1228 3942 aliis
1249 3888 1326 3941 obtan-

111 3959 188 4012 Voss.
208 3965 221 4010 1
240 3957 321 4010 Bern.
338 3958 376 4022 A;
400 3956 465 4010 item
486 3956 514 4008 in
534 3955 605 4009 Flor.
623 3956 713 4009 EFHI
747 3972 851 4025 perasse
867 3954 951 4025 magis
967 3963 1046 4025 quam
1060 3956 1148 4026 ipsum
1162 3956 1229 4010 illud
1237 3962 1325 4026 ause

111 4027 192 4080 Bern.
209 4026 233 4078 B
252 4025 309 4079 Pal.
330 4032 342 4077 1
362 4025 473 4078 Vesci
511 4023 537 4076 ui
555 4025 654 4077 habeut
671 4027 712 4077 in·
748 4025 941 4092 Sequanicae,
959 4043 1011 4076 nen
1028 4034 1104 4104 opto,
1122 4025 1187 4096 quin
1208 4026 1257 4079 hoe
1270 4031 1325 4076 sena

112 4097 251 4148 sidiontem
263 4096 424 4164 peremisset.
454 4042 511 4146 Sed
525 4099 635 4147 tuentur
653 4110 713 4145 cum
747 4100 820 4145 recte
846 4099 874 4145 et
895 4091 990 4145 Latine
1023 4094 1129 4146 dicatur
1155 4090 1267 4147 dubitari
1286 4099 1324 4160 n0l,

113 4162 169 4215 aliis
179 4163 231 4214 duo
247 4181 263 4215 o
283 4161 341 4215 timi
351 4162 422 4216 Flor.
431 4161 574 4230 vulgatam,
588 4179 637 4216 nee
645 4163 712 4215 adeo
748 4167 845 4230 potest,
863 4178 922 4213 eum
939 4161 1013 4229 sequi
1030 4161 1147 4231 aliquam
1163 4178 1219 4215 rem
1232 4160 1264 4214 sit
1274 4151 1323 4210 trel!

113 4248 206 4302 parcus
223 4181 363 4285 verborum
375 4229 481 4283 Curtius
498 4236 549 4294 est,
566 4237 598 4282 ut
615 4248 713 4300 prono·
748 4231 782 4282 ab
800 4245 846 4296 ea,
864 4229 891 4281 vi
909 4228 1002 4282 adduci
1020 4228 1048 4282 in
1066 4246 1125 4283 eam
1142 4237 1249 4312 partem,
1264 4223 1321 4281 dv.

112 4315 182 4366 men,
202 4299 275 4368 quod
292 4298 411 4352 nonnihil
429 4298 464 4350 ad
480 4297 639 4350 sententiam
651 4317 714 4352 eon·
750 4302 791 4364 15,
803 4302 835 4350 18
845 4299 980 4350 trabebant
997 4300 1083 4367 inopis
1100 4301 1251 4352 adiacentes
1265 4301 1320 4364 por·

113 4368 174 4434 fert,
194 4366 309 4420 omisisse
326 4367 456 4420 videatur.
748 4367 935 4486 repetebantur,
959 4364 977 4418 i.
994 4381 1016 4418 e
1045 4384 1124 4436 quam
1149 4367 1182 4420 ab
1197 4363 1245 4418 illis
1259 4356 1319 4415 addu-

148 4437 171 4502 §.
200 4441 240 4487 11.
278 4437 365 4504 mauis
398 4453 453 4489 esse
488 4444 601 4489 secutum
638 4453 715 4504 quom
750 4449 781 4486 ee
800 4441 887 4488 antur.
1179 4465 1182 4471 ·
