2926 5174
424 318 473 368 ua
501 317 626 369 orsus
653 318 761 368 Anax.
788 318 824 385 x,
851 313 894 366 aa.
1198 294 1270 366 515

10 495 140 568 sTum
164 496 291 570 Pithon
325 499 452 595 plenus
486 500 711 573 lacrimarum
742 499 880 572 orditur
911 498 1046 588 dicere,
1086 520 1181 569 nunc
1214 495 1273 570 vel

42 608 197 680 maxime
227 609 462 683 miserabilem
494 636 573 685 esse
604 610 865 698 Alexandrum,
900 610 960 706 qui
992 620 1067 681 tam
1098 606 1273 678 bonorum

43 717 174 790 civium
210 720 430 816 militumque
468 724 586 795 fructu
625 732 661 795 et
704 721 906 821 praesentia
944 719 1130 792 fraudatus
1169 727 1272 790 esset.

43 825 182 901 Nomen
207 831 300 904 enim
326 833 601 929 memoriamque
632 833 726 931 regis
758 833 814 904 sui
838 841 979 903 tantum
1005 830 1195 918 intuentes,
1228 826 1275 899 ad

8 949 164 1012 &cetera
182 941 330 1038 caligare
349 969 420 1016 eos.
472 940 580 1014 Haud
597 942 761 1039 ambigue
787 943 824 1014 in
840 941 1015 1030 iuvenem,
1043 940 1099 1012 cui
1124 964 1275 1038 regnum

44 1049 302 1143 destinabatur,
327 1054 489 1151 impensa
514 1052 646 1151 probra
670 1054 784 1151 magis
810 1051 878 1149 ipsi
903 1051 1040 1141 odium,
1076 1075 1183 1145 quam
1209 1049 1275 1121 Ar·

43 1159 208 1234 rhidaeo'
224 1173 467 1261 contemptum
503 1165 717 1236 attulerunt:
761 1161 892 1260 quippe
928 1161 1013 1234 dum
1052 1161 1275 1250 miserentur,

9 1272 152 1345 setiam
177 1274 297 1347 favere
323 1287 527 1372 coeperunt.
576 1274 688 1372 Igitur
713 1299 785 1346 non
812 1272 919 1344 ahum
945 1296 1066 1370 regem
1092 1294 1141 1360 se,
1168 1294 1275 1365 quam

43 1407 141 1480 eum,
172 1385 232 1480 qui
259 1385 304 1458 ad
330 1387 423 1458 hano
450 1412 549 1484 spem
575 1386 716 1483 genitus
743 1394 852 1472 esset,
887 1406 1071 1479 passuros,
1103 1380 1275 1478 pertinaci

11 1494 295 1568 tacclamatione
310 1494 502 1588 declarant,
528 1496 718 1591 vocarique
731 1491 970 1568 Arrhidaeum
988 1492 1122 1565 iubent.
1160 1488 1274 1579 Quem

43 1599 223 1701 Meleager
251 1608 401 1680 infestus
427 1607 632 1703 invisusque
658 1606 848 1679 Perdiccae
875 1615 1019 1677 strenue
1050 1601 1213 1700 perducit
1238 1602 1275 1674 in

43 1714 195 1812 regiam;
223 1727 259 1789 et
280 1719 410 1790 milites
428 1716 631 1814 Philippum
648 1717 910 1790 consalutatum
935 1737 1056 1811 regem
1083 1714 1273 1810 appellant.

9 1842 29 1888 ⁸
149 1823 317 1900 Ceterum
342 1830 431 1901 haec
448 1829 547 1924 vulgi
574 1837 651 1900 erat
676 1853 760 1918 vox,
786 1825 986 1924 principum
1002 1825 1071 1895 alia
1088 1825 1326 1897 sententia23

43 1931 74 2005 E
99 1937 231 2031 quibus
248 1938 378 2011 Pithon
405 1939 588 2013 consihum
603 1937 792 2011 Perdiccae
818 1935 946 2031 exequi
973 1935 1099 2031 coepit,
1125 1945 1276 2008 tutores·

43 2069 112 2141 que
140 2045 297 2121 destinat
321 2049 395 2122 filio
422 2076 469 2123 ex
494 2050 644 2123 Roxane
676 2050 797 2122 firturo
823 2046 1030 2120 Perdiccam
1056 2057 1093 2119 et
1117 2045 1276 2118 Leonna-

9 2165 131 2248 etum,
160 2159 272 2255 stirpe
296 2161 394 2258 regia
419 2161 568 2258 genitos.
620 2158 776 2250 Adiecit,
808 2158 911 2232 utin
937 2157 1082 2255 Europa
1108 2155 1277 2230 Craterus

43 2276 78 2339 et
102 2267 298 2366 Antipater
328 2296 386 2344 res
417 2271 715 2345 administrarent.
768 2270 859 2342 Tum
890 2265 1135 2340 iusiurandum
1162 2292 1184 2339 a
1209 2267 1278 2340 sin·

39 2379 133 2475 gulis
163 2390 339 2473 exactum,
373 2382 512 2456 futuros
538 2382 575 2453 in
600 2390 779 2483 potestate
804 2380 899 2479 regis
924 2378 1034 2477 geniti
1059 2377 1277 2451 Alexandro.

10 2486 242 2588 Meleager,
278 2492 375 2566 haud
405 2493 533 2566 iniuria
563 2502 662 2565 metu
695 2492 856 2590 supplicii
888 2490 1052 2580 territus,
1092 2514 1174 2561 cum
1205 2490 1278 2562 suis

37 2612 251 2675 secesserat.
302 2602 439 2677 Rursus
457 2603 822 2701 Philippum‘trahens
841 2626 962 2676 secum
983 2601 1111 2698 irrupit
1132 2599 1276 2698 regiam,

71 2841 94 2903 5.
103 2841 130 2888 4.
167 2835 275 2906 Pithon]
310 2822 375 2892 ldae.
392 2840 448 2893 fere
460 2841 563 2909 phiton,
582 2855 642 2892 nam
676 2837 776 2906 scripta
792 2833 919 2889 eiiciends
935 2833 1075 2899 videntur,
1102 2834 1149 2885 sed
1166 2831 1276 2910 locatio-

35 2902 158 3026 ffipmm
180 2903 235 2957 fere
260 2924 366 2978 semper
391 2909 482 2961 turbat
507 2906 641 2979 imperitos
675 2905 852 3026 pemdgobqa
869 2905 986 3023 {sagense
1004 2901 1161 3021 ¹¹⁰.¹¹t¹¹³b⁰⁰
1195 2917 1222 3020 12
1219 2900 1277 3021 bqr}-

69 2989 197 3109 erdliddre
214 3059 263 3095 eos.
289 3044 374 3097 Haud
394 3046 522 3114 emtique]
558 3044 642 3098 Laru-
675 2990 768 3094 nidhus
785 2986 1277 3115 etiaidlidteiilldlmsiieehsdlius·intend

33 3125 98 3162 nam
115 3108 144 3161 h.
155 3107 175 3161 l.
194 3111 268 3179 (post
284 3116 338 3178 eos)
356 3129 413 3166 esse
429 3114 571 3167 multorum
584 3127 642 3165 ver·
676 3120 741 3175 rata,
759 3125 821 3160 nam
837 3107 965 3170 Aorutrfe
984 3107 1131 3171 armantur,
1150 3113 1190 3158 uu
1209 3103 1277 3158 Ger-

34 3193 114 3230 suum
133 3176 224 3229 Aldus
240 3178 334 3234 relicto
356 3180 384 3233 in
407 3189 524 3234 extrema
545 3180 643 3252 pagina
676 3176 770 3244 manis,
784 3175 1022 3230 sicetiamLstinis
1035 3173 1191 3227 inauditum.
1212 3172 1277 3226 Pot-

32 3260 123 3298 vacuo
142 3244 234 3315 spatio
251 3247 350 3317 primus
371 3249 509 3317 indicavit,
536 3249 564 3302 in
581 3266 643 3301 mss.
678 3254 824 3299 esttamen
841 3244 930 3315 aliquo
949 3251 1020 3297 certe
1036 3244 1118 3296 modo
1135 3241 1207 3309 ferri,
1232 3241 1279 3294 sed

32 3312 109 3366 nulls
142 3320 260 3367 notatur.
302 3316 489 3386 Imperfectam
520 3316 643 3370 Pithonis
678 3322 734 3367 tum
750 3328 836 3383 paene
849 3312 1026 3367 necessarium
1039 3311 1145 3365 videtur
1159 3310 1279 3364 lacunam

31 3379 256 3435 esseomtionem
264 3385 340 3438 facile
354 3385 519 3456 intelligitur,
538 3386 584 3439 sed
593 3386 644 3437 hoc
679 3390 806 3447 statuere,
830 3381 1040 3462 quandoquidem
1063 3380 1148 3452 ipsum
1169 3379 1280 3432 verbum

32 3448 220 3516 dubitaveris,
238 3460 325 3506 utrum
340 3455 480 3507 vetustatis
497 3452 593 3507 iniuria
610 3469 644 3504 an
678 3450 848 3520 impendendr
865 3449 948 3503 maius
966 3448 1067 3519 aliquid
1084 3456 1112 3502 et
1126 3449 1281 3503 continuum

30 3516 156 3571 militum
174 3516 300 3573 iratorum
317 3521 471 3576 acclamatio
489 3539 550 3575 eum
563 3521 645 3574 inter·
678 3519 804 3589 postulat.

29 3585 645 3712 {jasper-1⁹33ffimjpsqvesrchqtiporeiam
713 3587 957 3708 §.thdqtqnfiqlg'um
975 3603 1060 3708 regem
1083 3604 1112 3640 se
1129 3617 1164 3627 -
1181 3602 1281 3704 passu}

22 3671 388 3801 etheldritha
412 3674 549 3780 {elilim
564 3674 644 3778 A
673 3659 813 3793 titileia,
832 3724 879 3803 aa
891 3672 1077 3794 ttttttl
1090 3670 1280 3775 {tutat

29 3789 279 3913 aruer
295 3795 323 3915 l
338 3796 413 3915 ar
427 3796 548 3915 arr
561 3792 645 3914 nr
970 3808 1030 3845 r
1093 3784 1282 3909 arm

29 3877 159 4008 'Behrmss
175 3877 387 4004 IllorpllPGHI,¹
401 3902 447 3983 sed
459 3870 646 4000 (duismilegdtur
679 3877 766 3998 ipsum
788 3927 844 3982 sine
868 3877 927 3979 hri.
948 3874 1197 3979 adclldlrlitatdmillud
1218 3921 1281 3975 seri-

29 4014 61 4049 m
77 3995 198 4066 requms
211 3993 343 4052 Pleuron
358 4015 517 4068 magnopere
530 4014 645 4051 moveor.
679 3997 763 4077 psisse
779 4004 855 4067 puto,
873 4012 957 4064 reyem
974 3994 1088 4062 legatur.
1122 3990 1216 4070 Itaque
1233 4007 1280 4042 ex-

30 4063 146 4119 Deinde
183 4077 274 4116 omnes
298 4084 360 4120 mss.
386 4066 450 4119 item
475 4067 534 4120 edd.
560 4065 643 4135 princ.
678 4083 741 4136 rgua
763 4064 922 4118 auctoritate
950 4078 1029 4131 quam
1050 4058 1123 4112 nulla
1144 4067 1183 4112 utr
1201 4058 1279 4111 malo.

30 4134 157 4203 impertae
187 4133 289 4198 probra
315 4152 381 4203 qaae
407 4136 533 4188 obiecerat
558 4135 644 4202 magis
714 4133 779 4203 (lap.
794 4140 837 4200 23,
855 4139 877 4198 ς.
894 4137 933 4183 10.
969 4147 1026 4182 cum
1047 4129 1111 4207 suis·
1126 4127 1279 4207 secesserat]

29 4202 86 4270 ipsi
109 4205 168 4254 cet.
206 4195 274 4252 Inde
299 4202 397 4256 fecerat
418 4202 503 4255 Aldus
527 4204 645 4270 impensa
679 4220 737 4255 cum
758 4204 799 4255 his
822 4215 912 4254 omnes
934 4215 995 4250 mss.
1019 4203 1047 4248 et
1089 4213 1185 4248 umum
1207 4196 1280 4262 edrtr,

24 4270 137 4338 probra
163 4281 236 4336 quae
252 4271 341 4347 ⁸raupta
357 4272 423 4340 ipsi,
446 4271 542 4324 omisso
559 4270 644 4322 verbo
679 4278 840 4324 successerat
865 4266 937 4320 Flor.
959 4263 1035 4318 CEH
1086 4281 1141 4317 ern.
1154 4265 1187 4316 B.
1227 4263 1282 4318 Sed

30 4338 183 4392 obiecerat.
218 4332 286 4389 Mrhr
308 4336 357 4391 ista
379 4355 445 4410 quoe
467 4341 596 4393 obiecerat
617 4345 646 4391 et
679 4345 752 4392 recte
778 4340 928 4392 correxerat
953 4331 1048 4385 Aldus.
1089 4331 1156 4386 Mox
1183 4333 1194 4384 r·
1260 4333 1281 4386 ir

29 4405 79 4475 ipsi
110 4412 252 4470 tanquam
280 4403 470 4477 interpretandi
496 4422 574 4462 causa
599 4406 646 4459 sd·
680 4409 780 4476 reytom
798 4419 887 4459 omnes
904 4417 963 4458 mss.
980 4398 1079 4466 Aldus,
1096 4399 1204 4468 Iunius,
1252 4418 1281 4455 o·

1105 4485 1161 4540 88·
