2984 5176
110 298 183 371 316
578 315 611 378 o.
640 314 874 367 corruatur

107 531 192 580 sum.
254 499 324 578 Vos
355 501 490 595 currite
526 513 558 574 a
582 499 691 574 leheris
716 500 847 594 uestris,
885 500 975 600 quod
998 513 1141 600 propter
1167 500 1240 576 illos
1259 515 1336 576 ‘otu

108 615 199 708 listis,
226 614 310 687 dote.

58 731 105 803 21
210 722 371 797 Tandem
405 721 452 796 ad
486 725 618 798 flumen
654 721 776 798 Oxum
809 723 887 821 ipse
921 719 1086 820 pervenit
1123 723 1241 820 prima
1274 726 1338 801 sere
1353 747 1375 794 a

107 861 267 934 vespera
303 832 376 909 Sed
401 836 579 910 exercitus
604 860 735 934 magna
760 860 844 933 pars
869 860 943 907 non
968 843 1137 932 potuerat
1164 839 1339 935 consequi:

107 951 143 1023 in
171 947 267 1022 edito
293 957 416 1020 monte
442 949 542 1047 ignes
568 947 668 1020 iubet
692 947 779 1038 fieri,
804 957 846 1020 ut
872 947 906 1038 ii,
933 948 994 1044 qui
1019 972 1125 1045 aegre
1153 949 1339 1044 sequeban-

109 1071 183 1151 tur,
218 1058 316 1132 haud
346 1061 472 1156 procul
502 1058 628 1131 castris
663 1059 761 1156 ipsos
794 1058 919 1131 abesse
952 1066 1223 1157 cognoscerent.
1276 1059 1339 1135 Eos
1355 1081 1378 1128 u

108 1180 238 1261 autem,
259 1171 319 1267 qui
335 1171 439 1267 primi
460 1172 609 1269 agminis
633 1180 744 1260 erant,
763 1179 904 1243 mature
925 1171 1003 1245 cibo
1017 1195 1059 1243 ac
1072 1171 1221 1268 potione
1234 1170 1340 1244 firma·

107 1291 176 1374 tos,
197 1281 344 1379 implere
362 1282 449 1354 alios
462 1293 572 1372 utreS,
593 1283 681 1354 ahos
701 1307 797 1373 vasa,
816 1282 1091 1379 quibuscunque.
1101 1305 1199 1384 aqua
1213 1284 1340 1379 portari

107 1403 240 1494 posset,
265 1393 377 1483 iussit,
413 1418 454 1464 ac
481 1396 554 1468 suis
580 1420 685 1493 opem
710 1393 812 1467 ferre.
867 1390 938 1468 Sed
965 1394 1025 1490 qui
1050 1395 1340 1491 intemperantius
1355 1413 1377 1460 u

106 1507 319 1595 hauserunt,
344 1505 537 1578 intercluso
563 1507 690 1604 spiritu
716 1506 865 1578 extincti
892 1515 991 1578 sunt:
1022 1507 1210 1602 multoque
1236 1508 1340 1579 maior

106 1619 235 1692 horum
266 1640 434 1689 numerus
469 1617 551 1708 fuit,
586 1643 693 1714 quam
719 1618 792 1689 ullo
819 1618 987 1690 amiserat
1012 1616 1158 1714 proelio.
1213 1617 1265 1691 At
1289 1619 1340 1691 ille
1355 1637 1376 1684 u

107 1730 290 1803 thoracem
321 1728 439 1801 adhuc
471 1727 631 1820 indutus,
666 1754 733 1802 nec
765 1738 828 1802 aut
861 1729 940 1801 cibo
974 1730 1129 1802 refectus
1157 1741 1224 1803 ant
1248 1741 1339 1830 potu,

109 1866 179 1940 qua
210 1839 378 1914 veniebat
410 1840 604 1931 exercitus,
637 1840 815 1914 constitit:
856 1865 924 1914 nec
950 1850 1034 1914 ante
1069 1840 1116 1914 ad
1149 1841 1340 1915 curandum

108 1977 237 2051 corpus
271 1952 435 2042 recessit,
472 1976 578 2049 quam
604 1953 838 2048 praeterierat
864 1977 1012 2052 agmen:
1054 1961 1244 2051 totamque
1270 1979 1340 2027 eam

106 2075 249 2138 noctem
275 2089 356 2168 cum
381 2089 513 2162 magno
539 2064 647 2137 animi
672 2074 773 2137 motu
799 2065 980 2163 perpetuis
1006 2065 1136 2164 vigiliis
1155 2066 1239 2164 egit.
1273 2062 1340 2139 Nec
1353 2083 1374 2130 11

107 2186 253 2274 postero
280 2175 337 2250 die
362 2176 489 2249 laetior
515 2187 601 2267 erat,
628 2177 710 2272 quia
721 2200 788 2249 nec
800 2176 944 2274 navigia
969 2178 1136 2267 habebat,
1162 2203 1232 2251 nec
1257 2202 1339 2276 pons

110 2288 196 2384 erigi
221 2297 373 2385 poterat,
400 2288 532 2361 circum
558 2312 699 2362 amnem
724 2286 822 2360 nudo
849 2289 936 2381 solo,
963 2297 1000 2362 et
1025 2289 1178 2364 materia
1193 2289 1340 2362 maxime

143 2509 166 2575 §-
187 2513 227 2560 13.
261 2515 290 2559 ut
307 2507 328 2558 ii
334 2506 400 2587 qur]
432 2505 510 2559 Redii
528 2506 556 2559 in
580 2507 629 2560 hae
646 2505 709 2560 edit.
744 2525 835 2577 agmen
853 2510 1033 2580 sequebantur,
1060 2508 1108 2561 sed
1124 2507 1147 2561 ei
1165 2471 1269 2562 codices
1286 2523 1339 2562 eon·

108 2576 143 2627 ad
159 2574 230 2643 vulg.
249 2576 279 2642 ii,
297 2592 358 2645 qum
375 2592 412 2629 uc
428 2574 501 2628 Flor.
512 2576 536 2628 B
546 2584 574 2628 et
582 2574 708 2630 FlenAG
744 2575 862 2644 sulueris,
881 2575 1072 2632 nonimmerito
1082 2577 1153 2632 hunc
1166 2578 1255 2632 locum
1267 2576 1339 2630 inter·

107 2643 182 2697 Leid.
200 2645 246 2696 hii.
280 2642 387 2714 Reliqui
404 2651 492 2697 tamen
509 2646 545 2697 lu‘.
763 2644 863 2698 oletum
880 2646 963 2701 videri
979 2645 1120 2725 intelliges.
1144 2646 1218 2700 Nam
1234 2646 1338 2699 BernA

107 2716 122 2765 ’ὲ-
142 2715 215 2766 houd
226 2715 321 2783 procul
339 2717 433 2766 castris
450 2714 521 2782 ἰρεοε
540 2714 636 2765 obesse.
665 2713 710 2764 Ad
743 2663 815 2768 hlor.
832 2716 857 2767 A
875 2715 953 2769 Voss.
973 2723 986 2769 1
1009 2713 1123 2767 Pansini
1140 2722 1197 2768 tres
1223 2714 1339 2768 omittunt

211 2781 308 2834 uticam
334 2781 464 2836 rationem
492 2780 579 2834 verius
608 2780 708 2848 Iunius,
743 2783 854 2835 verbum
871 2786 1053 2852 sequebantur,
1071 2782 1260 2837 Leid.Voss.2
1277 2782 1337 2836 Flor.

139 2851 231 2918 odius,
267 2850 459 2903 Freinshemius
491 2858 519 2902 et
552 2849 709 2904 recentiores
745 2850 771 2904 G
787 2852 1130 2922 proeohabentducebout,
1144 2852 1337 2924 utriquetemen

108 2935 197 2974 omnes
214 2920 344 2973 seobesse
361 2920 451 2986 edunt,
470 2937 523 2972 non
540 2919 575 2972 ad
592 2918 709 2972 codicum
744 2927 848 2973 servato
893 2920 969 2974 lurali
995 2936 1106 2974 numero
1131 2937 1164 2974 ac
1186 2919 1336 2992 pronomine

107 2989 198 3054 fidem,
225 2987 254 3041 in
278 2988 371 3058 quibus
398 3005 425 3040 se
449 2986 554 3057 quidem
580 3004 710 3057 nusquam
743 2988 844 3041 Verum
889 2988 904 3001 '⁶
931 2989 1001 3044 Flor.
1021 2988 1097 3043 CEH
1114 2989 1239 3043 BernB
1270 2988 1336 3041 etiam

107 3057 252 3124 invenitur,
271 3056 298 3109 in
333 3056 445 3127 lerisque
463 3058 549 3125 iqreos,
575 3055 603 3108 in
621 3055 709 3126 paucis
743 3057 793 3110 hoc
811 3057 905 3112 omisso
923 3058 960 3112 sie
978 3056 1106 3111 exhibent
1115 3066 1146 3138 ut
1155 3076 1204 3112 nos
1213 3056 1335 3135 edidimus

106 3125 220 3179 Flor.B
245 3076 347 3178 Panis
370 3142 421 3178 eos.
457 3126 549 3204 fitque
571 3124 621 3204 hoc
638 3142 709 3204 'pro-
742 3125 803 3179 Nec
819 3143 926 3195 possum
943 3126 994 3179 hoe
1011 3144 1065 3180 non
1082 3143 1162 3179 unice
1179 3143 1272 3180 rerum
1292 3141 1335 3178 en-

106 3202 234 3266 pagetum
260 3201 316 3246 erat
345 3209 392 3263 per
422 3209 554 3262 prmerpes
581 3194 709 3246 editiones
743 3193 863 3262 elimare,
888 3195 938 3248 etsi
955 3195 1025 3248 unde
1043 3193 1070 3247 in
1087 3194 1272 3276 integerrimos
1288 3193 1334 3247 illos

106 3270 203 3383 amq
216 3261 322 3326 fulsum3
350 3263 360 3312 i
378 3278 420 3382 squ
438 3267 527 3314 autem
544 3279 593 3331 pro
611 3279 638 3314 se
656 3279 710 3384 11207n
743 3280 898 3384 qusqtqsnsum
914 3263 985 3344 istud
998 3265 1049 3384 {hii
1061 3271 1244 3384 ⁰qlqnqrrtnon
1253 3261 1334 3383 digiino

107 3349 149 3453 is.
168 3347 332 3479 sundram·
361 3346 395 3382 ¹⁰¹
408 3347 453 3396 ur,
477 3346 518 3383 ex.
537 3347 577 3400 gr.
595 3344 646 3397 vn,
700 3371 708 3397 ’
743 3340 1334 3480 seitptuhieliiilhiiererieriu‚ni1iio¹ddnein⁰ii

142 3470 165 3535 ξ.
194 3472 234 3519 14.
287 3467 479 3537 qurbuscuuque
505 3485 575 3538 oque
602 3469 709 3536 portari
743 3485 815 3522 vane
833 3469 989 3540 completum
1010 3477 1060 3521 est.
1096 3468 1156 3523 Nee
1178 3469 1265 3540 placet
1284 3479 1332 3521 eene

102 3544 201 3606 posset.
226 3533 315 3605 Vulgo
332 3533 419 3587 editur
430 3537 517 3604 possit
530 3537 645 3605 portari,
663 3536 709 3589 sed
743 3536 828 3607 ipsur'n
846 3537 949 3592 dicendi
965 3554 1049 3607 genus
1071 3541 1117 3608 qur*
1140 3555 1235 3608 ogmar
1260 3550 1332 3607 seque

107 3605 246 3658 verborum
272 3602 391 3657 ordinem
419 3619 498 3673 quem
523 3621 570 3657 nos
597 3605 709 3658 eundem
744 3607 847 3673 bantur,
865 3624 916 3677 pro
926 3614 1190 3676 quoexpectaveram
1199 3605 1331 3677 quiuguen

107 3673 184 3728 codd.
192 3671 327 3753 exhibent,
343 3671 578 3752 possitauoem'in
591 3672 710 3752 plurimis
744 3674 915 3755 claudebant3
934 3683 1078 3755 sequuntur
1094 3673 1167 3727 enim
1180 3691 1281 3755 agmen,
1324 3666 1329 3679 ⁸

107 3740 709 3878 tt‘tlttttftttttfflttttlh
743 3760 799 3864 1¹:33¹
798 3851 805 3879 ‚
817 3751 1153 3881 htgtffitffffl
1155 3743 1329 3874 ’Μ

106 3880 185 3934 Voss.
207 3889 217 3931 1
238 3878 310 3934 Flor.
327 3877 385 3932 FG.
743 3889 899 3950 expectatos
918 3879 976 3951 quis
993 3879 1093 3951 poterit·
1173 3881 1235 3935 ere?

142 3952 166 4015 s.
181 3954 221 4001 15.
257 3949 303 4017 qui
320 3949 424 4018 intemp.
441 3949 594 4015 hauserunt]
620 3947 709 4018 Vulgo
778 3951 801 4017 §-
821 3956 862 4002 17.
897 3952 967 4003 nudo
985 3951 1039 4002 solo
1066 3957 1090 4001 et
1115 3950 1228 4003 moterlo
1252 3941 1327 4001 studi·

106 4015 411 4071 tournoutetlibrimas.
437 4017 709 4087 ropemodumomnee.
742 4017 807 4071 Vox
824 4020 879 4071 solo
897 4019 972 4071 abest
990 4015 1108 4070 a'mnltis
1125 4016 1253 4089 bonisque
1268 4009 1327 4069 cedd·

107 4086 160 4140 Sed
179 4102 239 4138 eum
255 4085 384 4138 referatur
401 4034 436 4137 ad
453 4101 506 4152 eos,
526 4084 572 4156 qui
589 4084 633 4138 siti
668 4101 709 4138 re-
743 4085 817 4139 Flor.
835 4085 933 4140 Acar
949 4086 1026 4139 Voss.
1047 4093 1069 4138 1.
1088 4092 1103 4139 2
1127 4085 1209 4140 Bern.
1225 4084 1273 4139 AB
1291 4088 1327 4134 ffl-

107 4155 261 4220 mebuntur‚
288 4153 458 4223 grammatice
483 4153 528 4206 vix
554 4152 625 4206 uliud
647 4103 711 4206 ferri
744 4155 846 4224 busque
863 4153 1002 4219 Parisinie,
1026 4154 1073 4207 sed
1090 4161 1166 4208 extet
1181 4154 1209 4208 in
1225 4151 1327 4207 lette

107 4229 286 4294 potestquem
297 4229 401 4292 tempus
419 4221 582 4288 historicum,
600 4228 628 4275 et
645 4221 711 4292 legi·
743 4222 815 4276 Flor.
832 4224 866 4277 B.
883 4222 956 4277 Flor.
970 4222 1012 4275 DI
1028 4223 1130 4276 habent
1147 4225 1327 4292 02·ququ

107 4298 152 4344 tur
167 4292 312 4344 lucremur
327 4290 356 4344 in
372 4290 444 4344 Flor.
463 4289 512 4344 GE
529 4290 610 4344 Bern.
628 4290 661 4343 B.
744 4294 799 4345 eolo
816 4295 895 4359 nudo,
913 4291 986 4346 Flor.
1005 4290 1031 4345 G
1048 4297 1078 4344 et
1094 4293 1261 4346 membraneo
1276 4298 1327 4358 ‘11¹¹'

143 4364 167 4423 s.
200 4365 239 4412 16.
292 4377 370 4430 quum
398 4360 575 4429 praeterierat
609 4375 710 4428 agmen.
744 4360 835 4413 laudet
851 4360 958 4414 Medius
971 4361 1174 4431 circumquaque
1185 4355 1327 4414 mmm&

108 4426 204 4481 Editur
220 4426 300 4498 vulgo
317 4428 352 4481 ad
369 4427 484 4499 speciem
500 4445 554 4482 non
570 4426 640 4482 mele
665 4429 711 4499 qui
746 4427 864 4483 Tuemur
887 4428 970 4501 igitur
985 4429 1036 4484 hoc
1058 4427 1118 4484 loeo
1135 4427 1272 4486 lectiam
1284 4420 1328 4477 dl·
