2926 5174
163 310 236 380 252
635 325 669 388 Q.
699 324 823 376 cuarn
849 325 934 376 surr

113 558 116 564 ·
142 509 247 601 'Sed
274 510 411 608 opinor,
436 510 556 584 liberis
582 509 737 607 pretium
764 509 946 583 servitutis
972 509 1155 606 ingratum
1180 522 1247 584 est
1293 512 1393 612 Igitur
1406 534 1431 582 ra

161 647 208 694 ne
233 621 271 693 in
297 620 509 693 seditionem
534 645 592 693 res
618 631 836 709 verteretur,
863 619 976 691 otium
1001 619 1305 718 interpellandum
1329 636 1396 699 erat

91 809 94 813 ,
162 733 273 822 bello,
308 729 408 804 cuius
435 732 585 803 materia
619 743 822 828 opportune
849 727 1021 801 alebatur.
1074 729 1239 829 Namque
1264 733 1395 828 Bessus,
1410 756 1431 804 a

163 854 266 917 veste
291 841 390 939 regia
416 851 578 938 sumpta,
604 841 837 915 Artaxerxen
863 839 1037 937 appellari
1063 866 1103 915 se
1127 841 1295 936 iusserat,
1322 841 1395 946 Scy·

162 954 316 1049 thasque
342 962 379 1024 et
405 963 543 1026 ceteros
571 951 700 1025 Tanais
726 951 866 1024 accolas
893 952 1139 1026 contrahebat
1191 952 1294 1029 Haec
1320 952 1397 1030 Sati·

163 1065 337 1141 barzanes
363 1063 564 1154 nuntiabat,
591 1088 697 1161 quem
722 1071 908 1160 receptum
933 1062 969 1134 in
996 1062 1105 1136 fidem
1131 1067 1281 1163 regioni,
1303 1093 1397 1165 quam

163 1186 270 1249 antea
296 1174 517 1266 obtinuerat,
550 1173 730 1272 praefecit
782 1172 938 1246 Etcum
969 1199 1082 1272 grave
1108 1176 1232 1272 spoliis
1259 1203 1332 1277 app
1408 1199 1429 1245 u

162 1297 272 1383 tuque
298 1285 460 1359 luxuriae
487 1311 616 1385 agmen
642 1285 706 1357 vix
731 1294 948 1374 moveretur,
974 1309 1059 1360 suas
1085 1286 1253 1382 primum,
1280 1288 1360 1363 dein
1457 1366 1459 1379 ,

162 1397 272 1470 totius
309 1397 488 1471 exercitus
527 1397 702 1486 sarcinae,
746 1396 907 1493 exceptis
951 1394 1148 1469 admodum
1187 1401 1395 1491 necessariis,
1457 1392 1459 1479 l

163 1507 315 1582 conferri
340 1508 445 1589 iussit
470 1509 507 1579 in
532 1505 700 1581 medium.
736 1505 908 1580 Planities
935 1508 1095 1605 spatiosa
1120 1519 1211 1598 erat,
1238 1511 1276 1583 in
1303 1537 1394 1610 quam
1407 1528 1426 1576 u

162 1619 328 1693 vehicula
354 1627 486 1690 onusta
510 1616 765 1714 perduxerant.
818 1616 1103 1715 Expectantibus
1130 1622 1288 1712 cunctis,
1323 1621 1393 1720 quid

161 1728 292 1803 deinde
324 1738 420 1802 esset
450 1730 707 1826 imperaturus,
746 1729 906 1802 iumenta
939 1728 1043 1802 iussit
1074 1729 1222 1822 abduci,
1265 1733 1392 1830 suisque

162 1841 317 1940 primum
352 1840 500 1912 sarcinis
542 1841 619 1912 face
655 1837 814 1930 subdita,
857 1849 994 1913 ceteras
1032 1838 1174 1914 incendi
1215 1846 1390 1942 praecepit

160 1951 382 2051 Flagrabant
417 1951 652 2023 exurentibus
685 1948 855 2040 dominis,
890 1975 982 2046 quae
1008 1962 1050 2024 ut
1074 1951 1213 2026 intacta
1240 1980 1289 2027 ex
1313 1955 1389 2028 urbi·
1401 1971 1420 2019 1⁶

161 2062 229 2135 bus
265 2062 423 2135 hostium
456 2072 640 2158 raperent,
676 2086 784 2158 saepe
816 2061 979 2134 flammas
1013 2062 1275 2155 restinxerant,
1309 2065 1389 2138 nullo

162 2172 344 2270 sanguinis
376 2172 532 2269 pretium
564 2171 720 2245 audente
755 2172 902 2262 deflere,
937 2197 1018 2245 cum
1052 2174 1169 2270 regias
1198 2201 1287 2274 opes
1311 2176 1389 2249 idem
1439 2154 1444 2171 ⁸

162 2283 253 2380 ignis
290 2292 467 2355 exureret.
531 2282 657 2356 Brevis
697 2282 827 2356 deinde
864 2283 979 2356 oratio
1013 2284 1193 2381 mitigavit
1235 2287 1386 2378 dolorem,
1399 2303 1418 2350 u

162 2393 370 2489 habilesque
397 2386 542 2465 militiae
569 2404 606 2466 et
632 2394 678 2467 ad
704 2395 825 2466 omnia
850 2394 966 2491 parati
992 2395 1233 2488 laetabantur,
1256 2399 1388 2472 sarcina·

162 2531 243 2577 rum
268 2503 399 2601 potius,
426 2529 534 2600 quam
560 2503 783 2603 disciplinae,
809 2505 935 2577 fecisse
960 2505 1159 2583 iacturam..
1198 2507 1313 2606 Igitur
1334 2507 1386 2581 Ba·
1398 2521 1417 2569 1⁸

165 2616 338 2689 atrianam
363 2615 546 2712 regionem
571 2617 754 2714 petebant.

113 2729 160 2799 22
267 2723 339 2799 Sed
364 2723 535 2815 Nicanor,
568 2724 814 2799 Parmenionis
840 2726 949 2816 filius,
988 2725 1108 2798 subita
1147 2740 1266 2804 morte
1292 2753 1386 2803 corre

162 2849 257 2937 ptus,
296 2862 427 2934 magno
467 2835 643 2911 desiderio
671 2837 725 2910 sui
752 2837 921 2910 affecerat
959 2847 1117 2910 cunctos.
1183 2839 1281 2932 Rerr,
1319 2849 1386 2913 ante
1397 2851 1416 2899 1⁹

163 2974 286 3022 omnes
312 2958 482 3038 maestus,
496 2949 664 3046 cupiebat
690 2946 834 3043 quidem
860 2946 1054 3020 subsistere
1079 2948 1197 3022 funeri
1219 2953 1385 3037 affuturus,

164 3058 228 3133 sed
254 3060 404 3157 penuria
430 3071 694 3132 commeatuum
720 3057 889 3130 festinare
921 3059 1081 3154 cogebat.
1134 3058 1262 3159 ltaque
1288 3061 1385 3135 Philo

163 3174 219 3243 tas
247 3195 329 3242 cum
354 3168 495 3242 duobus
522 3171 663 3243 milibus
692 3178 729 3241 et
753 3189 803 3240 nc
829 3168 985 3259 relictus,
1012 3179 1054 3241 ut
1079 3169 1174 3244 iusta
1199 3173 1301 3246 fratri
1325 3196 1386 3271 per·

167 3282 338 3354 solveret:
366 3280 442 3377 ipse
469 3280 653 3353 contendit
680 3277 727 3351 ad
752 3277 914 3351 Bessum.

198 3534 223 3596 s.
251 3535 292 3583 12.
344 3531 421 3583 otium
458 3532 675 3600 interpellandum
710 3541 767 3583 erat
801 3527 867 3582 nihil
893 3546 973 3610 quam
996 3529 1144 3600 vulgatum.
1178 3532 1265 3587 Paulo
1365 3546 1386 3583 m

164 3599 239 3666 bello]
279 3597 351 3651 Edit
393 3598 457 3652 rinc.
481 3602 532 3653 otio
555 3601 682 3668 interpell.
709 3608 766 3651 eret
802 3598 881 3650 codd.
907 3606 971 3651 utem
996 3599 1116 3653 omuibus
1148 3611 1257 3672 praeter
1313 3597 1386 3656 ond

165 3668 272 3733 bellum,
291 3667 337 3719 Me
413 3669 464 3720 otio
482 3670 691 3736 interpellandum
709 3676 767 3719 crat
801 3667 830 3719 in
848 3684 900 3736 quc
918 3666 1083 3736 negligenter
1108 3687 1159 3739 pro
1183 3672 1213 3724 in
1239 3689 1316 3741 quom
1338 3667 1386 3723 scri·

163 3737 269 3802 bellum,
292 3735 376 3789 Aldus
402 3735 500 3806 primus
526 3737 599 3807 quod
620 3735 714 3789 deinde
732 3736 765 3787 ab
801 3742 886 3804 ptum.
1458 3738 1459 3743 ’

164 3804 286 3858 ommbus
304 3811 483 3875 propagatum
505 3813 560 3870 est,
588 3807 667 3858 otium
685 3805 766 3856 inter·
835 3803 1208 3874 §.17.brevisdeindeoratio]
1226 3805 1320 3860 Primis
1333 3813 1385 3860 tem·

158 3875 314 3942 pellendum
336 3884 394 3927 erat
420 3875 493 3927 bello.
538 3872 648 3926 Codices
671 3871 766 3924 mirum
800 3871 908 3941 poribus
925 3871 1053 3924 edebatur
1071 3873 1385 3942 breviabant-etiam

163 3949 319 4022 estoqpapta
337 3940 641 4022 constantiaoretineant
663 3943 765 4006 bellum,
800 3956 850 3993 nec
872 3939 962 3992 Iunius
987 3938 1060 3992 dedit
1086 3942 1171 3995 brevis
1194 3945 1288 3997 deinde
1310 3941 1384 3997 aaa.

163 4017 309 4131 stlat
324 4018 356 4131 ll
373 4010 450 4132 {¹32¹
464 4015 765 4156 tlttwtt‘lttz
799 4007 1036 4146 {dplffll
1049 4010 1383 4139 dlldadiffiaiaimriil

164 4143 190 4199 G
223 4145 336 4199 Aldinae
358 4145 465 4201 lectioni
489 4146 575 4214 favet,
594 4164 610 4199 a
627 4163 680 4216 qua
697 4145 766 4197 drffi-
800 4145 847 4198 sed
865 4146 948 4198 breuis
975 4152 1064 4198 tamen
1081 4146 1166 4199 estin
1184 4147 1254 4202 Flor.
1273 4147 1382 4216 Odore

163 4212 212 4268 sile
229 4220 270 4266 est
288 4214 428 4268 discedere.
801 4215 836 4266 tio
853 4212 881 4265 in
898 4211 1034 4277 Leidensi,
1061 4221 1089 4267 et
1115 4216 1187 4285 quod
1209 4234 1244 4269 ru
1311 4212 1382 4268 aditur

197 4285 221 4350 ς.
250 4288 290 4334 14.
330 4284 446 4352 corgerri
477 4284 555 4336 iussit
587 4284 616 4335 in
641 4282 765 4352 medium]
800 4281 828 4334 in
844 4282 915 4335 Flor.
934 4281 1050 4334 DEFHI
1067 4283 1148 4336 Bern.
1166 4284 1200 4337 B.
1260 4302 1307 4337 nus
1323 4280 1379 4335 Flor.

164 4349 249 4404 codd.
272 4366 361 4402 omnes
383 4358 491 4421 praeter
514 4350 586 4405 Flor.
606 4349 632 4403 G
657 4349 766 4418 referre.
801 4349 827 4403 G
845 4352 916 4403 breui
934 4352 1027 4404 deinde
1044 4353 1146 4406 ratione
1163 4354 1302 4424 mitigabat.

163 4416 255 4471 Voluit
263 4417 387 4472 Heinsius
401 4419 511 4487 deferri,
529 4420 575 4472 sed
593 4417 678 4490 aptius
696 4426 767 4472 certe
