2926 5174
183 288 214 358 6-
550 282 554 287 ’
655 303 688 366 o.
717 302 842 352 curru
867 303 952 353 num

180 514 264 587 gem
295 498 372 560 erat
404 496 442 559 et
466 484 653 584 Phrygum
690 485 798 556 turba
831 493 868 556 et
892 482 1140 574 Macedonum,
1172 485 1232 557 illa
1258 495 1415 581 expecta·

180 599 280 671 tione
315 621 504 694 suspensa,
539 597 628 669 haec
663 594 813 668 sollicita
847 617 895 664 ex
930 594 1119 666 temeraria
1148 595 1244 691 regis
1277 594 1416 668 fiducie:

181 709 312 805 quippe
339 708 448 782 series
473 707 700 780 vinculorum
723 706 776 777 ita
810 703 957 777 astricta
983 715 1070 794 erat,
1103 714 1145 776 ut
1175 703 1273 778 unde
1305 729 1416 780 nexus

181 819 363 915 inciperet,
392 843 509 915 quove
536 842 574 890 se
602 815 782 905 conderet,
808 839 875 887 nec
899 814 1049 904 ratione,
1075 840 1143 887 nec
1168 815 1249 887 visu
1268 818 1416 914 perspici

180 938 319 1025 posset:
346 929 485 1027 solvere
504 952 693 1024 aggressus
719 927 889 999 iniecerat
914 949 1046 1015 curam,
1072 951 1118 998 ne
1144 926 1182 998 in
1209 951 1316 998 omen
1345 952 1415 1001 vcr-

181 1047 319 1111 teretur
357 1039 498 1110 irritum
540 1038 732 1134 inceptum.
792 1037 854 1110 llle
893 1037 1128 1132 nequicquam
1168 1034 1230 1108 diu
1263 1038 1415 1112 luctatus
1432 1048 1453 1097 1⁸

181 1247 208 1300 h.
226 1247 243 1298 l.
262 1254 290 1299 et
307 1261 357 1310 vn,
375 1253 406 1300 41
436 1245 563 1312 dativum,
586 1245 657 1299 idem
679 1263 784 1300 accuss-
819 1253 865 1298 vet
882 1244 990 1315 eiusque
1011 1243 1133 1297 fiduciam
1154 1244 1233 1297 modo
1255 1244 1361 1298 vocavit
1382 1253 1417 1300 te·

180 1315 266 1368 tivum
283 1315 364 1367 habet
381 1329 422 1382 w,
444 1321 476 1367 1·0
502 1317 594 1383 inpens
613 1316 714 1367 animos
738 1316 785 1367 mi·
819 1311 965 1386 mererium.
988 1312 1073 1366 Modii
1090 1319 1179 1364 autem
1189 1311 1417 1384 coniecturaqaip-

180 1385 255 1437 litam
276 1387 321 1436 ties
340 1386 422 1436 erctio
446 1384 567 1448 incessit,
590 1384 624 1436 cf.
649 1383 730 1435 etiam
751 1383 786 1435 ad
816 1399 851 1452 pe
874 1383 990 1435 seriem
1012 1384 1050 1435 ita
1077 1381 1251 1433 astrictam
1273 1413 1309 1423 -
1326 1385 1417 1436 solvere

181 1467 224 1518 111,
240 1458 282 1505 22.
333 1450 399 1503 ivius
414 1458 507 1502 contra
520 1450 696 1504 accusativum
728 1467 785 1503 rae-
821 1467 963 1519 oppressas
981 1448 1032 1502 loci
1049 1456 1210 1501 stmcturem
1233 1449 1321 1502 verbis
1338 1449 1417 1521 impli-

180 1521 242 1586 t'ert,
264 1536 314 1572 nec
331 1518 380 1572 nisi
398 1535 452 1570 uno
469 1518 527 1571 loco
551 1517 670 1571 dativum
693 1470 786 1571 adiun-
822 1527 874 1584 cat,
893 1516 1099 1571 necCellariana
1115 1516 1224 1569 aliorum
1243 1535 1277 1570 ue
1293 1519 1417 1572 recentio-

182 1587 223 1657 git
248 1601 295 1651 ιν,
323 1593 354 1639 57
392 1604 456 1639 cara
484 1588 608 1656 patribus
636 1589 786 1640 incesserat.
821 1605 880 1638 rum
905 1585 986 1652 ratio,
1018 1593 1049 1637 nt
1075 1584 1184 1637 ablativi
1213 1534 1328 1639 absoluti
1359 1588 1417 1640 fiant

181 1654 353 1724 Antiquiores
371 1663 460 1707 autem
478 1672 494 1706 a
515 1655 714 1725 praepositionis
736 1657 786 1708 usu
820 1657 915 1723 qnippe
932 1655 1020 1706 serie
1037 1654 1075 1706 ita
1091 1655 1234 1706 astricta
1251 1685 1287 1694 —
1298 1657 1362 1708 sola.
1375 1674 1415 1724 ap·

182 1724 216 1776 ad
240 1723 358 1780 dativum
384 1723 507 1775 videntur
532 1723 704 1794 processisse:
730 1724 785 1776 Te·
818 1740 926 1792 pressas
937 1724 1062 1774 iniecerat
1071 1721 1283 1786 aarum,facilem
1291 1741 1342 1792 pro
1351 1740 1416 1777 more

181 1790 283 1856 rentius
301 1791 371 1843 enim
387 1785 471 1844 An'dr.
489 1806 528 1855 rv,
555 1798 632 1860 3,15
661 1809 727 1861 quae
741 1811 786 1846 no·
820 1790 954 1860 scriptoris
986 1789 1186 1860 explicationem
1218 1791 1307 1843 habet.
1345 1791 1417 1855 Quod

182 1878 215 1913 ca
232 1878 302 1913 nanc
319 1862 412 1929 relipio
431 1862 459 1912 in
479 1870 502 1912 te
515 1861 596 1914 istaec
614 1862 733 1924 incessit,
757 1868 786 1913 et
820 1860 854 1910 ad
872 1857 989 1912 codicum
1011 1876 1070 1911 mss.
1093 1857 1278 1911 auctoritatem
1295 1860 1414 1929 pertinet,

183 1927 281 1981 Caesar
301 1928 362 1980 bell.
380 1928 428 1981 civ.
456 1943 498 1995 m,
523 1936 555 1981 74
577 1931 702 1982 exercitui
730 1931 785 1998 qai·
821 1925 1015 1996 snakenburgii
1031 1927 1057 1978 h.
1075 1926 1093 1979 l.
1111 1925 1274 1995 diligentiam
1296 1927 1415 1981 desidero.

183 2000 239 2049 dem
255 1999 325 2049 omni
343 2007 430 2050 tantas
448 1999 556 2050 incessit
574 2000 656 2065 dolor,
675 2007 703 2050 et
721 1997 784 2050 Sall.
819 1997 890 2050 Nam
912 2013 971 2048 cum
996 1993 1025 2046 in
1045 1995 1116 2048 Flor.
1140 1995 1164 2046 B
1188 1994 1223 2047 sit
1249 1997 1287 2048 ita
1311 2000 1415 2050 astricta

183 2063 242 2117 Cat.
260 2071 290 2118 31
311 2067 433 2118 mulieres
443 2061 536 2133 quitus
550 2067 610 2118 belli
623 2069 700 2118 timor
713 2068 785 2134 ins07
820 2075 885 2130 erat,
912 2064 941 2116 in
966 2062 1073 2133 reliquis
1090 2063 1162 2116 Flor.
1188 2071 1217 2116 et
1242 2064 1371 2118 Beruensi
1394 2065 1414 2117 B

182 2134 412 2185 litasincessetct:
430 2142 510 2203 atque
529 2133 622 2187 Cicero
640 2152 699 2186 cum
717 2137 785 2186 ince-
819 2142 876 2185 erat
893 2134 931 2184 ita
943 2133 1062 2198 astricta,
1080 2131 1108 2184 in
1122 2130 1178 2183 'uno
1195 2131 1267 2184 Flor.
1279 2132 1300 2186 C
1311 2141 1339 2186 et
1348 2150 1414 2203 prae·

183 2202 262 2252 dendi
279 2201 360 2252 verbo
378 2200 415 2252 sic
432 2218 485 2253 non
494 2209 593 2267 utatur,
613 2201 732 2254 similiter
744 2210 784 2254 ta·
819 2208 893 2253 terea
910 2199 938 2251 in
955 2199 1035 2252 Bern.
1052 2201 1078 2252 Α
1097 2199 1153 2270 (qui
1170 2199 1248 2252 variis
1273 2201 1415 2254 nominibus

182 2270 375 2319 meninoade're
389 2268 526 2320 construit.
553 2269 719 2321 Reverterun
751 2286 784 2320 ue
820 2268 921 2337 saepius
949 2285 962 2319 a
983 2270 1019 2319 ud
1036 2267 1155 2320 Freinsh.
1178 2267 1289 2338 citatur)
1311 2271 1414 2322 verbum

182 2334 340 2404 posteriores
357 2337 391 2388 ad
409 2345 525 2389 veterem
545 2355 630 2404 usum,
651 2347 684 2389 'ut
703 2337 743 2391 Co
754 2356 783 2389 u·
820 2346 877 2388 erat
901 2286 1075 2389 desidbretur:
1112 2335 1192 2389 Snak.
1215 2332 1247 2388 de
1269 2337 1322 2389 suis
1349 2336 1414 2390 libris

182 2403 307 2466 mellan,
332 2411 364 2456 10
380 2403 415 2455 in.
434 2407 459 2456 si
474 2407 600 2457 sterilitas
614 2423 734 2458 annonae
744 2408 784 2458 in·
817 2412 898 2471 tacet,
923 2413 951 2456 et
972 2411 1041 2474 post,
1069 2404 1113 2458 ubi
1137 2403 1164 2456 in
1186 2404 1283 2458 nostris
1301 2406 1414 2459 omnibus

183 2474 260 2524 cessit
281 2472 435 2535 bominibus,
464 2480 492 2524 et
514 2472 622 2526 Tacitus
639 2475 709 2526 Ann.
732 2477 782 2537 111,
817 2490 960 2542 oppressas
980 2472 1086 2542 legitur,
1113 2472 1183 2524 idem
1200 2472 1336 2526 Leidensis
1353 2474 1415 2545 opti-

182 2546 215 2592 30
239 2541 373 2592 incedebat
394 2542 531 2592 deterrimo
555 2543 597 2593 cai
615 2561 645 2594 ae
668 2544 782 2596 licentia.
816 2541 852 2594 mi
871 2541 930 2594 libri
948 2541 1128 2594 testimonium
1146 2541 1223 2608 celat,
1242 2542 1308 2595 adeo
1326 2549 1357 2594 ut
1375 2542 1414 2595 ali-

181 2607 252 2661 Vide
270 2606 360 2660 Gram.
378 2606 438 2661 Lat.
457 2611 480 2676 5.
497 2615 546 2662 387
566 2560 624 2662 cod.
644 2613 665 2678 ς,
684 2617 742 2664 202.
816 2609 874 2679 quis
893 2627 926 2661 ex
944 2610 994 2662 hoc
1015 2609 1119 2662 silentio
1141 2609 1169 2661 in
1190 2608 1264 2661 Leid.
1287 2626 1344 2662 esse
1369 2629 1412 2680 ap·

216 2677 296 2728 sortis
323 2678 379 2728 eius
411 2678 564 2746 explendae]
592 2677 637 2731 Sic
662 2679 737 2732 Voss.
767 2686 778 2730 1
814 2694 906 2746 presso
937 2677 1060 2747 suspicari
1126 2677 1180 2730 ssit.
1226 2677 1331 2730 Deinde
1362 2697 1414 2732 non

182 2743 261 2796 Bern.
284 2744 310 2795 A
331 2743 403 2796 Flor.
425 2745 538 2798 BEFGI
563 2765 612 2817 pro
637 2747 708 2816 vulg.
735 2749 782 2800 isn-
820 2745 937 2800 dissimili
962 2746 1066 2799 ratione
1110 2763 1186 2799 aereo
1213 2745 1241 2798 in
1262 2763 1302 2813 e0,
1332 2755 1415 2799 utrum

178 2815 303 2880 pientiae,
321 2811 551 2884 recipiendumque
569 2814 660 2884 putavi
677 2823 786 2885 propter
816 2816 935 2883 perspici
957 2831 991 2866 ex
1012 2813 1086 2866 Leid.
1104 2815 1212 2868 Vossl
1237 2814 1318 2866 Bern.
1336 2820 1362 2867 A
1384 2816 1414 2867 le-

181 2879 367 2932 auctoritatem
393 2881 518 2946 codicum,
544 2882 594 2935 etsi
619 2883 704 2936 minus
724 2902 785 2955 pro·
820 2891 908 2951 gatar,
935 2899 969 2934 an
989 2884 1094 3001 percipi
1121 2882 1275 2950 retineatur,
1302 2899 1362 2935 eam
1386 2884 1414 2936 ob

183 2948 240 3018 pris
259 2947 366 3001 dictum.
820 2968 923 3004 causam
945 2952 1017 3020 quod
1038 2970 1064 3002 m
1084 2949 1103 3001 il
1125 2969 1141 3003 a
1161 2950 1271 3018 vulgata
1293 2951 1415 3021 scriptura

217 3019 239 3095 ς,
265 3024 304 3068 17.
339 3020 531 3099 expectatione]
562 3019 667 3083 Quaero
700 3020 796 3074 adhnc'
820 3019 950 3071 diversum
973 3035 988 3070 e
1013 3018 1173 3072 Florentinis
1195 3018 1268 3072 libris
1290 3027 1415 3072 enotatur.

181 3104 240 3155 quis
256 3085 355 3155 primus
374 3084 410 3138 sic
428 3087 548 3155 ediderit,
572 3106 633 3140 nam
655 3087 785 3142 editiones
819 3089 1009 3142 Verumtamen
1031 3087 1162 3140 silentium
1184 3087 1253 3140 tanti
1277 3106 1332 3141 non
1355 3087 1414 3141 facio

181 3162 302 3206 vetustae
325 3154 417 3219 (etiam
439 3156 522 3208 Hadr.
546 3157 627 3226 Iunii)
658 3164 686 3209 et
708 3159 783 3211 codd.
819 3155 911 3226 quanti
938 3163 1040 3209 certum
1066 3155 1259 3221 testimonium,
1286 3157 1414 3226 proboque

200 3221 299 3292 lerique
323 3224 501 3290 explicatione,
523 3223 603 3276 Bern.
621 3225 645 3277 B
669 3233 696 3277 et
713 3225 784 3278 Flor.
815 3227 940 3293 perspici.
976 3223 1098 3294 Denique
1116 3225 1174 3276 edd.
1192 3223 1323 3294 principes
1346 3234 1374 3278 et
1389 3224 1414 3276 li-

81 3349 83 3354 ,
232 3292 380 3357 expolitore.
416 3290 506 3343 Unum
528 3290 684 3343 Leidensem
709 3310 724 3344 e
751 3293 784 3344 si·
820 3292 860 3344 bri
883 3311 942 3345 mss.
964 3292 1048 3344 nostri
1070 3300 1175 3362 praete'r
1201 3292 1273 3345 Flor.
1298 3293 1333 3358 B,
1361 3293 1415 3345 item

183 3356 265 3408 lentio
292 3356 372 3408 Snak.
400 3357 589 3411 coniiciendum
614 3366 656 3411 est
678 3359 784 3426 habere,
820 3360 1014 3429 snakenburgii
1031 3359 1222 3431 praeterLeid.
1241 3362 1266 3413 ei
1283 3361 1415 3414 adiiciunt:

183 3424 256 3493 quod
281 3423 336 3475 sine
358 3424 438 3477 dubio
459 3443 552 3478 verum
586 3435 636 3494 est,
669 3438 785 3496 expecta·
819 3428 922 3495 mirum,
941 3429 1152 3498 quandoquidem
1169 3428 1240 3481 Flor.
1259 3427 1294 3495 G,
1313 3429 1359 3500 qui
1375 3430 1415 3482 ha·

184 3493 260 3543 tione.
483 3519 486 3526 ·
819 3498 865 3549 bet
883 3510 1017 3566 appresso,
1044 3515 1097 3550 non
1119 3496 1215 3549 adiicit.
1251 3500 1321 3549 Item
1344 3501 1415 3550 inane

218 3560 313 3627 quippe
330 3561 411 3612 series
430 3562 496 3613 vinc.
519 3563 557 3615 ita
571 3565 682 3616 astricta
696 3574 785 3616 erat·
817 3566 938 3618 fecerunt
955 3583 988 3616 cx
1006 3582 1047 3631 eo,
1066 3566 1136 3635 quod
1154 3574 1195 3617 est
1212 3567 1241 3616 in
1252 3583 1333 3629 oulen,
1349 3568 1415 3618 dete·

182 3630 246 3680 solu.
264 3645 405 3695 oppressus
426 3630 501 3682 iniec.
517 3648 606 3683 caram
624 3632 668 3700 ne]
692 3632 784 3685 Libros
818 3634 909 3700 riores,
936 3633 952 3686 i.
979 3650 1001 3685 e.
1029 3651 1118 3686 onmes
1143 3641 1250 3703 praeter
1274 3634 1346 3687 Flor.
1372 3631 1414 3686 Bc

182 3713 243 3747 mss.
262 3704 289 3747 et
312 3695 499 3750 vetustissimas
526 3708 630 3751 secutus
657 3700 785 3754 editiones
818 3702 898 3754 Bern.
916 3703 942 3754 A
963 3700 1037 3754 Leid.
1055 3703 1130 3755 Voss.
1152 3711 1172 3765 l,
1196 3718 1230 3753 ex
1256 3701 1341 3773 iisque
1362 3702 1414 3754 edd

182 3762 299 3816 abstinui
317 3763 464 3833 corrigendi
483 3767 666 3836 ambiguitate,
693 3787 785 3838 quam·
818 3789 858 3840 pr.
877 3772 1017 3822 duxerunt.
1247 3782 1254 3789 ”

182 3849 261 3902 quam
279 3833 406 3886 confiteor
422 3833 496 3886 hiare
513 3834 598 3887 locum
615 3843 644 3888 et
659 3837 785 3890 excidisse
854 3841 876 3906 ξ.
902 3844 940 3891 18.
975 3839 1161 3908 nequicquam]
1193 3838 1270 3891 Hanc
1292 3838 1414 3891 Bem.A

182 3900 265 3952 videri
284 3899 500 3968 coniunctionem,
528 3921 595 3972 quac
620 3911 784 3984 potestesse
818 3905 890 3959 Flor.
911 3905 1002 3959 BFGI
1023 3906 1097 3959 Leid.
1119 3906 1196 3959 Voss.
1221 3916 1232 3958 1
1264 3907 1414 3976 scripturam

183 3978 215 4034 et,
269 3977 294 4022 st
307 3979 406 4038 posset.
438 3969 492 4023 Sed
509 3973 580 4040 quod
598 3973 660 4026 olrm
678 3975 711 4026 ab
729 3974 784 4026 edi-
819 3992 879 4028 cum
900 3974 977 4028 Iunio
999 3983 1027 4028 et
1044 3974 1135 4028 Medio
1161 3973 1217 4026 sine
1240 3974 1294 4027 ulla
1316 3974 1414 4027 dubita·

182 4037 235 4089 tori
254 4055 284 4090 us
311 4044 458 4091 correctum
479 4047 520 4092 est
543 4043 624 4097 series
650 4043 715 4095 vinc.
744 4044 783 4096 ita
818 4042 891 4096 tione
908 4042 1021 4113 praetuli
1039 4043 1162 4112 vulgatae
1176 4061 1356 4111 nequaquam·
1372 4057 1414 4094 ne·

183 4107 293 4157 astricta
312 4105 409 4173 (eiecto
427 4108 496 4174 erat)
515 4111 612 4162 soluere
626 4128 783 4178 appresso
837 4128 869 4163 ue
887 4111 956 4163 enim
974 4120 1029 4162 tam
1046 4111 1224 4181 importunum
1248 4111 1328 4163 fuisse
1354 4117 1414 4180 puto

182 4173 308 4227 iniecerat
326 4191 424 4235 caram,
446 4175 496 4227 etsi
517 4175 570 4248 iam
587 4178 641 4229 fere
664 4177 701 4232 sic
718 4178 783 4248 legi-
853 4181 1007 4246 exandrum,
1026 4188 1126 4233 utnon
1144 4178 1229 4247 prisco
1247 4178 1356 4231 artificio
1373 4179 1412 4228 de·

183 4245 229 4291 tur
254 4239 281 4291 in
308 4240 379 4293 Flor.
408 4241 446 4308 G,
478 4243 586 4297 nimium
613 4256 741 4316 quantum
767 4264 783 4298 a
817 4247 903 4300 bitum
921 4248 1046 4301 honorem
1060 4246 1189 4301 habuerit.
1216 4246 1342 4300 Ceterum
1355 4244 1412 4298 scri·

181 4316 271 4386 mente
293 4309 426 4378 scriptoris
447 4311 586 4382 discrepat,
612 4313 658 4384 qui
675 4317 708 4368 ab
726 4315 782 4385 ipso
818 4315 890 4368 bitur
928 4317 1084 4384 nequiquam
1124 4315 1151 4368 in
1185 4314 1259 4367 Leid.
1294 4314 1364 4367 Flor.
1392 4309 1411 4364 Ι.

182 4378 287 4445 qurdem
300 4377 453 4433 Alexandro
470 4398 574 4435 omnem
591 4400 681 4436 curam
697 4400 782 4436 remo-
816 4383 897 4436 Bern.
914 4386 948 4436 A.
