2926 5174
105 299 179 376 378
593 319 626 382 o.
646 317 770 370 cunrn
795 320 879 373 ausr

104 498 215 576 monii
239 502 315 576 iure
341 496 433 574 velle
446 501 566 599 iungi.
618 500 805 601 Insperato
837 498 968 602 gaudio
996 498 1124 578 laetus
1152 518 1256 604 pater
1279 533 1334 581 ser·
1347 529 1367 578 n

105 639 249 688 monem
285 611 360 684 eius
400 611 548 709 excipit:
584 623 620 685 et
651 640 718 688 rex
752 615 788 686 in
819 614 935 709 medio
972 615 1190 714 cupiditatis
1226 619 1334 694 ardore

104 725 208 800 iussit
225 724 352 798 'afferri
378 723 494 821 patrio
526 750 625 798 more
657 752 796 825 panem.
847 725 926 798 Hoc
952 737 1032 800 erat
1061 728 1164 826 apud
1191 729 1331 804 Maced·

105 862 169 910 nes
196 836 458 910 sanctissimum
484 837 687 909 coeuntium
712 838 859 936 pignus,
895 862 1000 934 quem
1038 838 1202 913 divisum
1232 841 1331 940 gladio

104 939 255 1046 uterque
281 948 425 1021 libabat.
480 945 595 1021 Credo
622 973 694 1039 eoa,
721 950 781 1045 qui
806 950 921 1047 gentis
946 975 1071 1023 mores
1100 952 1330 1043 condiderunt
1342 971 1362 1020 a

103 1085 212 1158 parco
240 1071 277 1133 et
302 1061 451 1158 parabili
476 1060 575 1132 victu
601 1059 789 1134 ostendere
815 1061 970 1134 voluisse
992 1061 1233 1159 iungentibus
1253 1088 1329 1161 opes,

106 1174 277 1268 quantulo
303 1173 461 1245 contenti
488 1197 567 1245 esse
593 1171 774 1244 deberent.
826 1172 905 1245 Hoc
935 1173 1048 1245 modo
1084 1197 1154 1245 rex
1181 1175 1283 1247 Asiae
1303 1185 1360 1247 eta

104 1281 270 1382 Europae
309 1283 549 1356 introductam
588 1285 681 1355 inter
724 1286 927 1357 convivales
965 1283 1077 1356 ludos
1124 1285 1328 1358 matrimonio

106 1395 172 1468 sibi
198 1396 371 1485 adiunxit,
398 1420 418 1468 e
445 1395 587 1492 captiva
612 1395 807 1492 geniturus,
834 1397 893 1493 qui
917 1395 1122 1469 victoribus
1149 1396 1327 1494 imperaret

104 1506 270 1579 Pudebat
296 1506 437 1596 amicos,
466 1530 574 1604 super
598 1506 721 1578 vinum
743 1518 780 1579 et
800 1508 923 1604 epulas
949 1528 1121 1578 socerum
1148 1532 1196 1580 ex
1222 1507 1326 1582 deditis
1336 1524 1353 1573 a

102 1638 183 1692 esse
202 1616 378 1690 delectum
389 1645 401 1689 ε.
424 1615 490 1690 sed
506 1627 590 1715 post
608 1615 689 1690 Cliti
706 1617 850 1691 caedem
868 1618 1033 1690 libertate
1053 1619 1211 1710 sublata,
1236 1620 1323 1706 vulta

105 1713 165 1826 qui
190 1729 345 1802 maxime
371 1730 492 1819 servit,
519 1729 813 1802 assentiebantur.

57 1840 116 1912 17*
209 1837 376 1914 Ceterum
401 1839 540 1914 Indiam
567 1840 710 1913 atinde
737 1838 920 1915 Oceanum
951 1841 1158 1936 petiturus,
1193 1867 1238 1916 ne
1263 1837 1350 1938 quill·

106 1955 273 2050 storga,
309 1953 406 2049 quod
439 1953 616 2026 destinata
647 1952 817 2051 impedire
850 1960 990 2049 posset,
1030 1964 1261 2044 moveretur,
1291 1974 1323 2024 er

105 2064 269 2136 omnibus
295 2065 486 2162 provinciis
513 2088 593 2136 xxx
618 2065 713 2136 milia
739 2064 915 2136 iuniorum
940 2062 1012 2160 legi
1038 2063 1150 2136 iussit
1176 2075 1213 2138 et
1237 2064 1323 2137 adse

104 2185 243 2248 armata
267 2175 423 2273 perduci,
455 2175 598 2249 obsides
624 2176 727 2248 simul
753 2176 939 2248 habiturus
966 2184 1003 2247 et
1028 2175 1178 2248 milites.
1230 2175 1340 2250 crana

104 2310 185 2358 rum
216 2296 337 2359 autem
367 2287 414 2359 ad
445 2287 710 2385 persequendos
741 2285 963 2360 Haustanem
995 2296 1035 2358 et
1064 2282 1252 2379 Oatenem,
1281 2285 1321 2383 q'

104 2519 239 2587 Acidalio,
266 2520 338 2574 cuius
356 2521 508 2576 coniectura
523 2531 555 2576 ut
575 2525 625 2577 n‘te
642 2522 705 2577 scri-
774 2528 850 2590 §.aa
878 2525 1090 2594 esse-delectam]
1106 2525 1167 2581 rSic
1183 2537 1322 2580 omnesna

103 2592 183 2644 batur
200 2608 253 2643 non
271 2589 392 2660 equidem
409 2590 543 2661 displicet,
566 2580 613 2644 sed
628 2609 704 2662 prae·
738 2593 784 2644 sed
794 2592 914 2645 ediderat
922 2611 988 2646 unus
998 2593 1120 2660 Modius‚
1130 2591 1228 2667 reliqui
1236 2597 1317 2647 electra
1346 2608 1349 2617 ·

104 2667 167 2725 stat,
185 2658 289 2729 opinor,
304 2660 492 2712 abundantiam
502 2677 643 2730 agnoscere
653 2678 705 2731 qua
775 2661 892 2731 Capll,
911 2664 967 2782 {2
1007 2661 1153 2717 Craterum
1172 2664 1264 2732 autem]
1283 2659 1322 2712 Ab·

103 2731 140 2786 aa
158 2727 311 2797 inapodosi
331 2737 446 2799 ponatur
468 2747 517 2799 pro
540 2746 572 2782 ea
593 2729 704 2795 ratione,
739 2737 781 2783 est
798 2739 915 2783 autema
951 2729 1013 2782 edit.
1052 2748 1075 2784 r.
1093 2740 1124 2784 et
1141 2731 1270 2786 codicibus
1305 2741 1324 2778 e·

103 2813 161 2851 earn
182 2798 217 2851 ob
238 2813 308 2864 rem,
336 2798 406 2879 quod
432 2797 460 2850 in
483 2797 561 2868 plena
586 2797 705 2852 oratione
738 2799 834 2868 risque,
851 2797 956 2850 additur
974 2798 1008 2851 ab
1054 2798 1111 2866 ldo,
1136 2800 1224 2866 Iunio,
1244 2798 1272 2853 M
1299 2794 1322 2859 ⁸,

103 2874 145 2920 est
166 2869 259 2935 itaque.
294 2867 395 2936 Attrgit
424 2883 483 2920 eam
503 2883 560 2919 rem
584 2866 704 2920 Handius
739 2867 881 2919 secundum
894 2866 1070 2920 Flor.DFGI
1088 2863 1323 2939 (quibuscumPall

103 2935 131 2988 in
149 2933 298 2988 Tursellino
314 2935 540 3005 vol.n1,p.480,
559 2936 705 2988 sedunum
738 2934 822 3003 facit).
855 2937 952 3005 Itaque
974 2934 1001 2987 in
1023 2935 1117 3005 priore
1135 2937 1202 2990 edit
1219 2954 1269 2990 non
1286 2932 1326 2986 s'm

104 3011 208 3058 tantum
230 3002 379 3073 exemplum
405 3003 492 3075 posuit
515 3003 604 3058 Ovidii
623 3003 703 3057 Trist.
738 3003 841 3056 ratione
853 3003 1017 3069 sustuleram,
1036 3022 1111 3058 nunc
1123 3013 1216 3058 tamen
1228 3003 1326 3065 restim

104 3087 125 3138 1,
144 3080 169 3138 2,
189 3078 237 3126 105
259 3074 284 3124 si
299 3072 358 3141 fuit
375 3075 415 3126 lic
437 3074 540 3126 animas
558 3075 644 3139 nobis,
668 3076 705 3125 ita
739 3072 810 3141 quod
826 3072 956 3125 defectum
974 3071 1173 3127 coniunctionis
1187 3090 1265 3144 aegra
1279 3072 1327 3133 lav,

99 3143 215 3211 parcite,
242 3142 312 3194 divi:
337 3144 378 3195 sin
396 3144 495 3208 minus,
526 3144 582 3194 ulta
608 3144 704 3194 cadens
739 3157 789 3194 nec
803 3140 949 3193 emendatio
959 3139 1091 3194 Curtiana
1107 3141 1217 3196 illorum
1234 3140 1329 3196 codima

105 3210 196 3263 obruat
213 3211 285 3262 anda
303 3220 388 3278 capnt.
740 3209 900 3262 auctoritate
908 3224 998 3261 carere
1010 3216 1112 3278 potest.
1136 3209 1262 3282 Suspicor
1268 3207 1329 3263 etin

138 3280 161 3345 ξ.
180 3284 221 3331 27.
257 3279 366 3346 excepit:
396 3288 419 3330 et
445 3294 492 3329 rea
510 3280 537 3329 r'n
562 3279 646 3330 medio
671 3307 706 3317 -
740 3279 810 3347 quod
828 3277 855 3330 in
873 3276 1050 3346 compluribus
1073 3277 1207 3346 scriptum
1227 3287 1268 3333 ast
1284 3283 1330 3330 eat·

104 3346 193 3415 iussit]
229 3345 356 3399 Praesens
382 3354 486 3415 tempus
512 3348 607 3415 eremit
633 3345 706 3398 dedi·
740 3364 798 3399 ram
821 3345 849 3398 in
871 3362 947 3398 causa
969 3344 1050 3397 fuisse
1068 3362 1119 3399 cur
1138 3359 1227 3402 aaran
1242 3347 1331 3402 dmum·

104 3431 175 3478 mus,
207 3431 365 3483 quamquam
391 3413 510 3484 sequitur
535 3414 706 3484 praeteritum
741 3414 904 3468 scriberetur.

104 3482 199 3534 iussit:
217 3499 258 3534 ars
276 3481 342 3535 haee
359 3491 399 3536 est
416 3481 556 3536 variandae
573 3482 705 3548 orationis,
775 3484 938 3535 Haustanem
958 3491 981 3534 et
997 3481 1147 3578 Clarenna]y
1167 3483 1294 3539 Snalranb
1306 3495 1332 3532 ax

104 3548 177 3603 cuius
194 3550 278 3602 multa
295 3552 415 3622 exempla
432 3569 491 3605 cum
507 3550 550 3604 alii
565 3551 706 3621 scriptores
740 3568 814 3603 mora
831 3569 877 3603 suo
894 3552 1053 3603 Haustanen
1071 3559 1099 3603 et
1122 3555 1241 3606 turonen
1257 3562 1332 3623 gratu

104 3627 162 3672 tum
189 3617 297 3671 Curtius
324 3621 440 3688 praebet.
481 3619 540 3673 Nec
567 3620 706 3689 quicquam
740 3618 935 3680 terminatione,
953 3617 1034 3671 etsie
1052 3618 1332 3687 minuemus·

104 3686 157 3739 h.l.
176 3686 203 3739 in
220 3703 249 3739 re
267 3685 406 3756 improvisa
424 3688 594 3741 describenda
610 3688 706 3758 aptius.
742 3689 898 3740 Haustanen
916 3686 986 3740 Flor.
1004 3685 1113 3754 aral,
1146 3690 1263 3743 Catanen
1276 3685 1332 3740 rar.

105 3754 198 3809 Secuti
215 3763 304 3808 autem
321 3774 408 3809 sumus
426 3775 481 3810 non
498 3774 578 3808 unum
596 3765 624 3809 et
641 3756 706 3808 alte·
741 3754 893 3821 ABOFGl‚
921 3756 968 3807 sed
989 3772 1070 3824 supra
1096 3757 1146 3811 ubi
1170 3758 1236 3813 illud
1255 3769 1332 3810 nom

104 3842 163 3878 rum
181 3824 277 3878 librum
294 3842 341 3876 ms.
358 3827 404 3877 sed
421 3833 527 3895 praeter
543 3824 617 3878 Laid.
626 3825 706 3878 Voss.
740 3824 878 3893 legebatur
888 3837 949 3895 ΝΠ,
967 3829 999 3876 22
1010 3831 1038 3876 et
1053 3829 1088 3877 28
1110 3825 1237 3880 Carenem
1253 3825 1277 3878 in
1303 3821 1332 3873 lo·

106 3901 119 3946 1
139 3910 231 3946 omnes
249 3893 306 3944 fere
323 3901 443 3959 nostros,
466 3893 591 3963 quoniam
609 3895 707 3962 excepit
741 3892 830 3962 risque
847 3899 913 3957 erat,
932 3890 1060 3961 imprimis
1079 3891 1107 3946 in
1127 3895 1267 3949 alonna.
1287 3839 1331 3945 lle»

106 3960 390 4031 quodAldinuseditor
409 3961 482 4014 dedit
499 3979 554 4014 non
571 3962 707 4014 inventum
743 3978 794 4031 que
813 3960 989 4013 constantiam
1006 3959 1033 4012 in
1051 3960 1155 4016 talibus
1172 3963 1251 4017 rebus
1286 3973 1330 4013 rae·

105 4038 147 4082 est
160 4029 211 4083 nisi
225 4028 416 4084 inFlor.DFI.
442 4029 482 4083 cf.
496 4029 604 4083 similem
620 4047 707 4082 emen·
742 4030 825 4083 stabis
842 4029 892 4082 nisi
909 4028 962 4080 vim
975 4028 1035 4081 huic
1049 4037 1099 4082 aut
1112 4029 1154 4084 illi
1172 4030 1241 4102 parti
1292 4041 1330 4080 ras

105 4098 186 4152 dandi
202 4097 332 4151 rationem
350 4101 383 4151 ad
401 4105 552 4165 v1‚16,12.
589 4099 658 4151 Tum
672 4101 707 4151 in
741 4098 868 4162 Arrianus
886 4112 927 4160 IV,
945 4103 976 4149 22
1004 4099 1159 4170 Κρατερὸν
1176 4130 1211 4142 -
1227 4103 1270 4150 ἐπὶ
1282 4100 1330 4173 Ka:

105 4169 189 4220 medio
202 4167 355 4235 rupiditatis
365 4171 460 4222 ardore
473 4166 638 4220 scribendum
646 4167 706 4230 fuit,
741 4166 833 4231 τάνην
854 4187 885 4218 τε
903 4170 949 4217 καὶ
965 4163 1124 4230 Αὐστάνην
1143 4172 1286 4235 tundnau,
1308 4179 1329 4212 a·

105 4251 168 4286 nam
188 4233 410 4304 praepositionem
432 4251 520 4289 omnes
542 4235 602 4288 libri
622 4235 706 4288 nostri
743 4232 776 4300 δὴ
789 4235 875 4303 μόνοι
888 4237 929 4287 ἔτι
942 4230 1135 4287 ὑπελείποντο
1151 4240 1183 4289 ἐν
1195 4242 1229 4307 τῇ
1239 4239 1327 4302 Παρυ-

107 4309 136 4353 et
153 4301 233 4355 Snak.
251 4319 306 4355 uno
322 4303 392 4357 Flor.
410 4305 425 4358 I
441 4312 553 4373 excepto
571 4303 706 4369 exhibent,
740 4309 873 4369 τακηνιῦν
889 4299 1001 4373 χώρᾳά
1027 4303 1187 4366 sornatius.
1221 4301 1271 4356 Sed
1287 4297 1327 4351 00·

106 4367 205 4423 habent
221 4369 302 4423 etiam
319 4370 409 4427 Iunius
426 4374 454 4428 in
471 4371 588 4442 margine
605 4379 633 4424 et
646 4372 706 4426 Mo·
742 4382 810 4425 tenes
832 4381 920 4425 tamen
941 4387 993 4439 apu
1034 4369 1162 4426 Curtium
1183 4369 1326 4443 semper&

108 4434 166 4491 dius
182 4435 210 4491 in
226 4444 314 4493 textu.
575 4509 579 4513 Ι
695 4509 700 4514 ,
740 4457 789 4511 per
805 4459 819 4494 e
836 4439 967 4506 vocalem,
989 4438 1017 4492 in
1038 4436 1143 4512 aliquot
1163 4449 1249 4495 autam
1266 4435 1325 4491 libre
