2984 5176
541 323 588 372 an
616 321 744 374 cnsrrs
770 322 880 375 max.
907 324 957 393 vr,
984 322 1026 370 aa.
1325 306 1398 379 259

103 519 130 568 l8
150 505 277 602 prima
302 504 466 594 cohorte,
502 530 573 600 quo
604 506 893 580 introduceretur
919 506 966 580 ad
992 531 1121 605 regem.
1174 505 1281 581 Forte
1309 521 1398 582 oete·

150 616 207 688 ris
244 614 415 705 dimissis,
450 640 544 689 unus
577 614 753 707 Philotas,
788 616 1033 693 Parmenionis
1062 619 1183 708 ¹iilius,
1223 620 1398 694 incertum

153 753 271 825 quam
296 727 343 801 ob
370 752 524 818 causam,
551 728 761 803 substiterat
785 731 822 804 in
848 732 954 829 regia.
994 728 1087 802 Huic
1112 726 1312 824 Cebalinus,
1339 758 1400 806 are

154 839 312 913 confuso
343 865 493 939 magnae
526 840 803 937 perturbationis
836 853 941 916 notas
975 843 1284 941 praeseferens,
1319 870 1399 943 ape·

153 950 206 1023 rit
244 976 336 1048 quae
369 978 416 1025 ex
446 953 557 1025 fratre
588 966 825 1051 compererat,
862 966 899 1028 et
931 955 1007 1029 sine
1040 954 1208 1027 dilatione
1242 956 1399 1028 nuntiari

103 1081 132 1129 ιθ
153 1063 238 1161 regi
263 1063 372 1139 iubet
411 1062 582 1155 Philotas,
609 1065 811 1139 collaudato
838 1091 891 1155 eo,
905 1066 1067 1164 protinus
1093 1066 1205 1139 intrat
1230 1064 1275 1138 ad
1290 1067 1398 1140 Alex·

154 1173 329 1268 andrum,
368 1177 552 1273 multoque
589 1176 741 1250 invicem
777 1177 822 1250 de
858 1177 933 1250 aliis
965 1177 1074 1250 rebus
1112 1202 1275 1251 sermone
1317 1203 1398 1251 con·

153 1298 315 1385 sumpto,
340 1288 428 1361 nihil
454 1313 587 1378 eorum,
614 1315 705 1385 quae
731 1315 778 1362 ex
805 1286 974 1362 Cebalino
1000 1301 1228 1387 cognoverat,
1245 1290 1397 1362 nuntiat.

103 1417 134 1467 ro
154 1394 237 1473 Sub
263 1424 449 1499 vesperam
476 1424 558 1472 eum
583 1399 819 1498 prodeuntem
845 1402 881 1473 in
907 1399 1085 1474 vestibulo
1119 1399 1238 1497 regiae
1265 1401 1397 1498 excipit

103 1529 131 1576 ³1
152 1510 318 1602 iuvenis,
344 1536 391 1585 an
417 1510 626 1584 mandatum
653 1522 824 1586 executus
850 1513 944 1586 foret
969 1512 1162 1608 requirens.
1215 1512 1297 1604 Ille,
1323 1539 1396 1586 non

154 1647 309 1698 vacasse
326 1614 488 1697 'sermoni
514 1648 580 1697 suo
607 1648 729 1721 regem
753 1634 930 1713 causatus,
957 1622 1128 1697 discessit.
1163 1622 1314 1699 Postero
1340 1623 1398 1698 die

155 1730 352 1808 Cebalinus
394 1736 551 1810 venienti
590 1737 628 1808 in
666 1736 802 1835 regiam
835 1746 983 1833 praesto
1024 1746 1098 1827 est,
1133 1735 1396 1834 intrantemque

155 1844 332 1920 admonet
356 1847 470 1945 pridie
495 1849 775 1922 communicatae
801 1873 882 1920 eum
907 1848 986 1945 ipso
1012 1848 1073 1921 rei.
1108 1845 1170 1919 llle
1197 1871 1303 1920 curae
1330 1847 1398 1920 sibi

155 1981 238 2031 esse
264 1956 474 2055 respondet:
501 1985 543 2033 ac
568 1986 614 2035 ne
640 1971 718 2033 tum
744 1957 887 2057 quidem
913 1959 989 2057 regi
1015 1983 1105 2055 quae
1129 1956 1294 2030 'audierat
1315 1983 1395 2056 ape·

103 2089 134 2138 aa
153 2070 215 2142 rit
269 2066 445 2170 Coeperat
476 2069 646 2146 Cebalino
679 2096 757 2144 esse
790 2081 986 2169 suspectus.
1045 2070 1171 2167 Itaque
1203 2095 1276 2143 non
1302 2071 1397 2143 ultra

153 2181 459 2280 interpellandum
483 2194 599 2276 ratus,
635 2184 745 2258 nobili
769 2182 899 2273 iuveni,
926 2181 1067 2256 Metron
1094 2192 1172 2273 erat
1197 2182 1230 2254 ei
1255 2206 1396 2272 namen,

155 2318 269 2392 super
294 2296 605 2369 armamentarium
630 2296 759 2393 posito,
786 2294 882 2392 quod
909 2295 1023 2368 scelus
1049 2305 1236 2393 pararetur
1254 2292 1396 2366 indicat.

103 2425 135 2474 aa
154 2403 223 2478 Ille
256 2402 425 2479 Cebalino
462 2406 499 2478 in
535 2406 809 2480 armamentario
843 2406 1069 2497 abscondito,
1109 2406 1273 2504 protinus
1309 2404 1394 2500 regi,

155 2542 289 2616 corpus
314 2519 408 2591 forte
433 2519 582 2609 curanti,
609 2517 694 2616 quid
721 2518 753 2590 ci
778 2517 888 2590 index
915 2516 1110 2608 detulisset,
1138 2516 1303 2590 ostendit.

103 2647 137 2695 24
263 2627 360 2721 Rex,
394 2628 441 2702 ad
473 2626 847 2728 comprehendendum
877 2628 1047 2702 Dimnum
1081 2630 1196 2702 missis
1238 2629 1445 2702 satelliti-2?

156 2740 243 2833 bus,
275 2741 588 2814 armamentarium
624 2741 743 2813 intrat.
801 2739 856 2813 lbi
890 2739 1079 2814 Cebalinus
1111 2739 1242 2839 gaudio
1269 2742 1394 2832 elatus,

154 2853 275 2929 Habea
310 2865 353 2946 te,
386 2852 516 2951 inquit,
551 2854 744 2928 incaluerant
770 2876 811 2925 en
845 2852 1025 2950 impiarum
1058 2852 1211 2925 manebus
1237 2865 1394 2951 ereptant.

103 2981 137 3030 aa
156 2961 397 3038 Percontatus
424 2963 552 3037 deinde
577 2962 784 3037 Alexander
811 2988 901 3060 quae
927 2961 1109 3037 noscenda
1135 2974 1247 3055 erant,
1273 2961 1397 3036 ordine

155 3154 188 3202 ut
205 3146 291 3201 nostri
310 3147 395 3202 solent
413 3149 456 3202 die
472 3148 701 3202 Leibsctwadran.
720 3148 761 3202 uf.
796 3149 927 3200 laudandi
946 3149 1027 3202 verbo
1049 3146 1157 3228 propria
1178 3149 1252 3201 sedes
1269 3155 1324 3214 est,
1350 3146 1398 3200 ubi

155 3218 192 3271 sd
208 3231 256 3284 1v,
274 3221 321 3285 50,
339 3223 381 3271 26.
417 3215 497 3281 Quod
518 3216 636 3288 sequitur
653 3235 702 3288 qua
720 3219 761 3269 in·
795 3215 878 3286 princi
897 3232 925 3268 es
947 3233 979 3268 ac
1001 3216 1101 3270 nobiles
1128 3215 1176 3270 sibi
1199 3216 1303 3288 plaeere
1331 3231 1398 3285 quae

156 3287 339 3339 traduceretur
364 3301 415 3356 pro
442 3302 459 3338 a
485 3303 535 3357 qua
557 3303 577 3339 s
619 3303 647 3338 er
674 3303 760 3366 puem,
797 3283 855 3365 quis
873 3235 967 3338 decerit
984 3284 1134 3338 humaniter
1151 3285 1307 3356 significant.
1325 3283 1426 3337 Infra·

156 3353 239 3424 paulo
264 3351 419 3407 insolentius
440 3352 548 3408 dictum
587 3303 642 3408 bled
659 3372 697 3408 sic
714 3353 761 3408 Se·
795 3353 1013 3421 hb.v11,s,1r
1037 3356 1200 3408 collaudatus
1218 3363 1242 3407 et
1253 3355 1397 3424 promissis

155 3438 223 3476 neca
241 3421 369 3479 Controv.
382 3420 495 3477 aadfin.
513 3432 605 3476 cantro
614 3423 761 3476 Maximum
796 3433 928 3489 oneratus,
945 3437 998 3490 vn,
1013 3430 1055 3490 24,
1070 3428 1104 3478 38
1122 3425 1274 3476 Alexander
1290 3425 1397 3476 multum

157 3491 323 3559 Statium,
342 3509 400 3562 pua
411 3492 590 3560 prenotatur,
608 3509 761 3571 cumtcarnes
796 3493 942 3545 collaudata
961 3493 1119 3561 Spitamene.
1478 3504 1481 3509 '

156 3559 457 3682 wui⁸⁸zgmdixil
497 3560 574 3614 Unus
599 3560 706 3680 M‘Edms
723 3569 761 3640 ιω
830 3612 946 3675 sermone
962 3605 1111 3664 consumpta
1137 3613 1226 3649 omnes
1248 3594 1310 3648 libri
1327 3612 1397 3663 mss,

156 3636 761 3767 {diuwiffidmssuffffflagizffffrzffi
796 3663 861 3717 edati
877 3671 984 3734 praeter
1000 3661 1074 3717 Mod.
1092 3664 1183 3717 ordine
1200 3664 1311 3718 inverso.

155 3764 289 3836 Bong.1‚
324 3765 420 3819 Melius
437 3765 529 3818 Iunius
547 3785 564 3819 a
583 3783 647 3836 quo,
665 3766 711 3818 sed
729 3782 762 3818 ne
831 3754 855 3814 s.
874 3756 914 3830 ².¹·
940 3766 1018 3802 curae
1035 3749 1087 3829 sibi
1105 3766 1160 3803 esse
1178 3750 1326 3819 respondet]
1344 3749 1397 3800 Re-

156 3833 207 3888 hoe
223 3831 333 3905 quidem
349 3833 378 3887 in
396 3835 472 3888 codd,
491 3841 539 3888 est,
796 3820 901 3886 spondet
917 3817 997 3887 vulgo
1015 3818 1115 3883 editur,
1142 3818 1188 3870 sed
1214 3819 1397 3936 responderet

190 3904 215 3971 §.
235 3907 277 3956 18.
301 3903 357 3956 sine
375 3904 510 3972 dilatione]
536 3901 611 3956 Libri
627 3910 656 3956 et
673 3901 757 3957 nostri
796 3884 881 3965 (ἔηῖῑθ
898 3885 1016 3956 P⁰stlllat
1033 3893 1061 3938 el
1074 3883 1251 3938 m0150fflm⁰⁰
1269 3885 1294 3936 d·
1304 3890 1397 3974 ²¹¹⁰t⁰f

155 3976 184 4025 θῇ
200 3968 285 4026 sm,
302 3986 393 4025 omnes
410 3970 447 4025 350
461 3971 575 4038 habent,
597 3978 628 4025 ut
645 3971 758 4025 nesciam
790 3961 864 4007 neas.
898 3955 978 4007 Esset
993 3954 1117 4006 mendose
1133 3953 1214 4006 Bern.
1231 3953 1257 4004 A
1273 3951 1346 4005 Flos
1362 3951 1395 4004 B.

154 4039 227 4092 unde
244 4037 329 4109 princi
363 4038 513 4094 seditares
537 4039 661 4093 duxerint
705 4039 758 4093 uad
828 4043 853 4105 §-
871 4045 913 4092 23.
949 4040 1015 4109 quid
1031 4039 1056 4091 ei
1072 4040 1161 4104 index]
1185 4037 1224 4090 Ei
1240 4042 1331 4105 potest
1348 4036 1396 4089 ali-·

154 4106 293 4178 hucrrsque
315 4125 332 4162 a
376 4107 497 4162 omnibus
517 4119 622 4190 praeter
638 4058 760 4162 Medium
795 4106 837 4161 cui
855 4124 1014 4178 quamquam
1031 4105 1126 4158 iniuria
1142 4103 1299 4158 Latinitatis
1318 4121 1397 4158 causa

154 4174 259 4230 editum
276 4177 391 4230 estsine
408 4187 577 4231 cunctatrane.
795 4191 852 4229 esse
868 4183 1035 4246 suspectum,
1058 4173 1141 4244 magis
1158 4173 1215 4227 aliis
1252 4174 1305 4226 uod
1322 4174 1397 4227 deest

190 4248 216 4315 5.
242 4251 284 4300 19.
329 4247 476 4299 collaudata
503 4246 543 4366 aa}
597 4245 761 4299 Conlaudata
795 4244 823 4298 in
841 4247 912 4300 Mod.
930 4251 959 4297 et
975 4245 1066 4297 abesse
1084 4249 1225 4321 notatur'a
1276 4241 1396 4311 id„Voss.

154 4311 229 4368 Flor.
260 4314 288 4367 A
317 4312 399 4368 Bern.
425 4313 452 4367 A
476 4312 552 4367 Lai.
575 4313 652 4369 Voss.
677 4314 761 4381 Mod,
797 4321 826 4381 1,
853 4331 944 4367 verum
970 4312 996 4365 in
1023 4310 1119 4364 nostris
1149 4311 1247 4380 legit-ur
1276 4309 1396 4363 omnibus

155 4384 308 4436 redundata
330 4381 402 4437 Flor.
424 4380 486 4450 BG,
504 4381 598 4463 reliqui
624 4391 652 4436 et
680 4381 762 4451 vulgo
796 4390 903 4453 praeter
920 4381 991 4435 Flor.
1007 4378 1040 4448 G,
1059 4396 1107 4433 nec
1126 4380 1197 4450 quod
1214 4386 1255 4431 est
1272 4379 1299 4431 in
1317 4380 1397 4432 Bern.

155 4450 223 4505 editi
240 4452 357 4506 laudato.
392 4450 548 4506 Rectisdnm
564 4451 616 4505 illi:
634 4469 695 4506 nam
712 4454 763 4505 cal·
798 4453 824 4504 A
842 4453 887 4520 qui
905 4451 1015 4503 deinder
1033 4447 1085 4502 alia
1101 4447 1225 4520 pertinet.

1177 4534 1226 4586 17‘
