2926 5174
463 333 513 383 ur
540 333 667 386 oasrrs
692 334 802 386 anax.
828 334 865 403 v,
892 331 935 383 1⁷.
1268 315 1339 387 191

128 526 309 614 properaret
333 541 525 612 occupare:
562 517 772 615 expeditum
797 518 866 591 iter
893 540 982 606 esse,
1010 541 1226 613 quamquam
1251 516 1341 590 Ara·

104 649 174 700 axes
204 627 312 700 amnis
343 626 534 699 interfluat
586 626 730 700 Nullam
762 629 934 702 virtutem
959 627 1054 725 regis
1086 627 1189 700 istius
1215 629 1340 725 magis,

125 765 208 834 quarn
239 737 468 826 celeritatem,
506 737 748 811 laudaverim:
789 738 921 811 relictis
955 736 1183 835 pedestribus
1218 738 1339 835 copiis,

124 859 181 921 tota
203 859 306 921 nocte
331 872 414 919 cum
440 849 629 944 equitibus,
656 850 792 923 itineris
819 859 923 922 tanto
950 849 1066 946 spatio
1092 849 1266 946 fatigatis,
1293 849 1341 923 ad

101 958 245 1030 rrlraxen
271 958 385 1057 prima
410 958 490 1031 luce
515 960 691 1057 pervenit.
730 960 811 1034 Vici
837 971 940 1034 erant
965 960 1003 1031 in
1021 961 1238 1056 propinquo:
1265 961 1340 1055 qui·

122 1069 171 1141 bus
193 1067 328 1159 dirutis
353 1080 502 1166 pontem
528 1095 576 1143 ex
602 1073 753 1145 materia
779 1098 919 1162 eorum,
947 1070 1099 1142 subditis
1127 1072 1224 1142 saxis
1252 1083 1339 1144 stre·

121 1205 173 1252 nne
194 1180 344 1252 induxit.

98 1306 109 1353 ⁵
200 1290 344 1387 lamque
387 1292 485 1364 haud
531 1293 657 1389 procul
704 1292 794 1365 urbe
842 1303 963 1383 erant,
1012 1317 1093 1365 eum
1137 1291 1339 1365 miserabile

119 1425 234 1497 agmen,
251 1402 345 1472 inter
362 1427 476 1498 pauca
487 1405 655 1476 fortunae
682 1404 848 1500 exempla
873 1403 1154 1493 memorandum,
1180 1402 1256 1498 regi
1283 1426 1339 1474 oc·

120 1513 215 1584 currit.
269 1510 411 1608 Captivi
446 1525 550 1586 erant
577 1511 704 1588 Graeci
730 1514 778 1587 ad
804 1524 975 1612 quattuor
1001 1514 1097 1585 milia
1122 1514 1211 1603 fere,
1247 1539 1339 1610 quos

94 1620 228 1696 ePersae
259 1623 360 1695 vario
396 1625 652 1723 suppliciorum
677 1624 786 1697 modo
813 1626 1025 1698 affecerant:
1061 1624 1149 1697 alios
1175 1623 1337 1721 pedibus,

119 1733 270 1827 quosdam
301 1733 467 1807 manibus
499 1737 717 1833 auribusque
743 1738 952 1832 amputatis,
987 1735 1194 1831 inustisque*
1211 1736 1338 1808 barba-

117 1867 217 1915 rarum
241 1845 442 1916 litterarum
467 1848 574 1937 notis,
595 1847 632 1918 in
659 1849 807 1943 longum
833 1846 889 1918 sui
915 1846 1108 1919 ludibrium
1133 1861 1340 1919 reservave⁵

119 1963 199 2044 rant;
233 1965 270 2028 et
304 1980 385 2027 eum
420 1981 459 2030 se
494 1983 636 2054 quoque
671 1958 808 2030 alienae
843 1956 993 2029 dicionis
1027 1981 1106 2028 esse
1141 1968 1337 2047 cernerent,

91 2065 256 2137 tvolentes
282 2066 360 2163 regi
387 2091 574 2141 occurrere
599 2094 673 2141 non
699 2068 966 2166 prohibuerant.
1018 2065 1207 2139 Invisitata
1232 2069 1338 2140 simu·

118 2262 156 2314 que
170 2248 321 2318 scripturam
339 2249 508 2330 coniungere,
527 2259 600 2305 certe
617 2252 699 2304 verba
728 2253 824 2322 procui
841 2258 870 2304 et
887 2270 938 2304 aon
950 2251 1048 2319 procul
1064 2267 1123 2302 cum
1141 2250 1251 2321 simplici
1264 2251 1339 2305 abla-

112 2328 244 2383 properaret
271 2335 398 2385 occupare
428 2318 597 2374 hbrariorum
624 2319 699 2391 inge·
732 2320 804 2387 tivo,
823 2319 902 2372 semel
921 2337 981 2371 cum
998 2335 1117 2389 praepos.
1135 2321 1339 2374 0100111101-

118 2381 173 2435 rium
187 2402 237 2437 non
254 2385 371 2466 sapiunt
732 2388 774 2441 tis.
810 2388 880 2442 Vide
898 2388 1000 2454 ad1v,
1018 2394 1065 2453 25,
1084 2395 1108 2440 3.
1144 2387 1238 2459 Itaque
1256 2389 1338 2442 sicubi
1390 2429 1393 2435 .

142 2454 161 2518 ξ.
176 2460 198 2506 3.
219 2472 306 2523 mapsa
325 2472 400 2522 qaam
420 2457 586 2524 celeritatem]
604 2457 699 2526 Mapia
732 2455 793 2509 libri
811 2457 838 2508 in
855 2457 952 2510 mendo
970 2463 1024 2509 tam
1042 2455 1115 2509 facili
1132 2456 1292 2537 conspirant,
1310 2457 1338 2510 id

118 2517 175 2572 deest
189 2521 215 2573 in
232 2523 311 2574 codd.
322 2523 471 2642 plerisque,
490 2524 567 2578 Voss.
583 2532 597 2578 1
616 2526 698 2578 Bern.
733 2526 856 2578 fortunae
874 2524 961 2595 potius
972 2543 1051 2595 quam
1062 2525 1160 2577 rationi
1169 2527 1338 2578 tribuendum

117 2587 321 2644 AllomlODE
346 2591 369 2657 I,
387 2592 485 2662 legitur
503 2601 592 2645 autem
609 2593 637 2646 in
655 2610 699 2645 ce·
732 2593 846 2646 videtur.
894 2593 939 2646 Sic
963 2592 1064 2645 iudicat
1090 2593 1168 2646 etiam
1194 2594 1277 2647 Drak.
1304 2595 1339 2647 ad

117 2656 172 2734 teris,
188 2658 313 2728 imprimis
330 2658 359 2711 in
375 2659 447 2713 Flor.
465 2661 498 2713 B.
516 2665 549 2714 In
565 2660 640 2715 Leid.
657 2678 700 2714 re-
733 2661 792 2715 Liv.
821 2677 888 2728 xxa,
912 2668 959 2728 61,
984 2667 1014 2726 8,
1050 2679 1208 2732 quamquam
1244 2677 1338 2729 xxvn,

117 2731 199 2790 petrtur
223 2744 373 2796 pronomen
403 2730 489 2782 istius.
530 2726 587 2782 Iam
617 2729 700 2783 i‘tur
733 2737 776 2797 42,
798 2737 828 2782 14
847 2731 939 2781 eadem
957 2729 1068 2799 quaeh.
1088 2729 1150 2781 lin
1168 2737 1270 2800 partem
1293 2730 1340 2782 de·

117 2793 238 2862 quaeritur,
256 2814 321 2848 num
339 2795 508 2866 comparandi
525 2748 653 2867 particui¹
672 2799 698 2851 h.
733 2799 858 2852 teriorem
875 2798 1003 2851 librorum
1021 2797 1158 2850 consensio
1177 2804 1225 2849 est.

114 2857 128 2908 l·
143 2862 219 2915 omitti
235 2865 328 2933 possit.
363 2865 428 2918 Non
479 2867 600 2920 ocredo.
628 2868 699 2919 Tum
768 2869 836 2919 inter
848 2884 939 2935 pauca
957 2897 992 2906 —
1008 2868 1202 2918 memorandam
1220 2865 1339 2918 10101·-

115 2929 195 2983 relictis
216 2935 299 2984 enim
324 2943 453 2986 annecten
474 2933 480 2945 '
505 2950 583 2988 causa
618 2935 699 2988 rimus
733 2943 815 2988 tunae
841 2933 990 3003 exemplum
1017 2932 1132 2985 maxime
1157 2932 1261 3005 sivein
1283 2933 1338 3012 pri·

115 2995 185 3050 editor
199 3000 278 3067 dedit,
298 3002 433 3072 ceterique
452 3010 561 3082 praeter
609 3003 699 3056 odium
732 3003 781 3056 mis
807 3001 985 3054 memorabile.
1020 3001 1096 3053 Nota
1123 3001 1190 3053 hanc
1217 3000 1339 3055 Curtrani

114 3076 246 3135 scuarunt3
278 3086 372 3122 verum
401 3070 552 3124 comunctio
576 3089 598 3142 4a
624 3071 699 3125 libris
732 3070 860 3124 sermonis
891 3087 906 3122 a
936 3068 1110 3124 Ciceroniano
1140 3069 1337 3136 dissensionem,

113 3145 163 3186 111.
186 3136 255 3189 abest
282 3137 405 3191 omnibus
434 3151 462 3192 et
485 3147 575 3209 potest
598 3141 698 3208 abesse,
732 3157 791 3193 cum
808 3137 914 3208 reliquis
933 3144 1075 3207 argenteae
1092 3136 1186 3190 aetatis
1204 3137 1253 3191 scri
1273 3136 1339 3190 tori-

113 3200 140 3254 ts.
155 3217 191 3269 11,
207 3213 247 3270 42,
265 3213 310 3259 26.
732 3208 781 3261 bus
800 3206 1020 3274 convenientiam,
1039 3207 1073 3259 de
1091 3222 1145 3276 quo.
1161 3205 1222 3258 vide
1284 3205 1339 3259 ndii

140 3274 291 3326 eddessen
315 3291 375 3327 cum
398 3274 479 3328 Snak.
502 3293 563 3329 11111.
590 3276 699 3330 11111-
733 3275 848 3340 Tursell.
884 3275 946 3328 Vol.
965 3290 1008 3342 111,
1027 3293 1053 3345 p.
1072 3282 1131 3328 394.

127 3351 199 3391 ersom
222 3342 346 3395 laudante
371 3343 433 3398 dedi
456 3360 491 3396 ex
516 3345 597 3397 Bem.
619 3347 647 3398 A
670 3352 699 3397 et
767 3348 805 3398 ed
827 3354 947 3414 quattuor
968 3346 1053 3411 milia]
1098 3343 1234 3396 Diodorus
1261 3361 1282 3396 c.
1307 3348 1339 3397 69

139 3423 171 3458 01.
187 3407 219 3461 G.
250 3411 343 3480 Vulgo
362 3414 401 3464 od
417 3412 543 3466 Ararem.
733 3422 761 3465 et
777 3412 871 3484 reliqui
894 3412 949 3465 eius
975 3412 1013 3465 rei
1038 3419 1160 3465 auctores
1178 3412 1295 3465 lustinus
1312 3420 1340 3465 et

132 3475 159 3552 ·§.
174 3484 197 3528 4.
231 3481 322 3546 quibus
341 3481 450 3550 dirutis]
487 3481 577 3601 Vulpo
595 3481 699 3533 addunt
734 3481 828 3534 Suidas
862 3499 882 3534 1.
909 3499 934 3533 v.
960 3477 1142 3552 Ἀλέξανδρος
1180 3483 1338 3550 aetiopeatos

113 3541 252 3618 draptiaco
271 3549 378 3615 dirutis,
398 3550 443 3601 sed
462 3557 523 3602 orta
558 3566 605 3603 100
619 3549 699 3602 lectio
733 3550 813 3602 fuisse
838 3549 963 3615 tradunt,
996 3567 1012 3601 a
1038 3549 1172 3619 prioribus
1198 3548 1340 3602 Persarum

112 3609 201 3689 udebrr
224 3631 256 3667 ex
281 3615 351 3668 mala
375 3617 562 3670 nonnullorum
579 3617 700 3671 codicum
732 3618 841 3689 regibus
859 3617 997 3684 abductos,
1016 3634 1090 3671 senes
1108 3618 1255 3688 plerosque.
1282 3617 1339 3670 Eos

112 3688 226 3734 sensura
256 3686 349 3753 quibus
383 3687 505 3754 diruptis.
555 3685 636 3740 Certe
671 3684 699 3737 in
732 3686 831 3740 Persae
852 3688 881 3738 ia
905 3687 1008 3756 lenpaut
1031 3688 1074 3740 sui
1095 3688 1237 3739 ludibrium
1255 3703 1339 3738 reser-

111 3757 135 3823 n·
158 3764 172 3800 0
192 3768 309 3805 meorum
331 3752 452 3807 codicum
478 3754 576 3824 duplex
612 3753 699 3807 ortici-
732 3764 874 3821 voverant,
902 3753 919 3806 i.
943 3771 965 3807 0.
993 3754 1042 3808 sibi
1060 3755 1093 3806 ad
1111 3753 1260 3807 ludibrium.
1296 3752 1339 3805 De

112 3825 274 3886 01111011,οι
292 3821 407 3874 alterum
424 3821 572 3876 sinedubio
584 3773 698 3875 silenum
733 3823 851 3894 genitivo
869 3824 913 3875 ’111
930 3823 990 3875 vide
1007 3824 1041 3875 ad
1059 3838 1104 3886 1V,
1123 3830 1165 3875 45.
1299 3886 1305 3898 .

112 3888 153 3934 ffli-
187 3885 240 3940 Cur
268 3889 339 3942 enim
375 3890 560 3944 crudelitatem
588 3893 699 3945 adderet
767 3897 792 3958 §-
813 3899 836 3944 7.
871 3892 1007 3944 invisitata
1026 3891 1181 3958 simulacro]
1218 3887 1337 3955 Longio-

111 3953 290 4010 1001101111
308 3958 436 4028 diriperet
452 3959 543 4012 vicos?
732 3977 788 4014 rem
812 3975 854 4013 me
877 3976 934 4011 esse
957 3960 983 4011 h.
1006 3959 1023 4011 l.
1050 3964 1173 4010 accurata
1199 3953 1337 4023 diligentia

142 4021 161 4086 ξ.
177 4027 199 4074 5.
232 4027 302 4079 laud
322 4030 419 4096 procul
440 4030 503 4081 urbe
521 4030 588 4148 01οἕ
624 4026 699 4081 Leid.
732 4027 947 4082 Drakenborchii
964 4034 1044 4091 vetat,
1064 4025 1108 4104 qui
1126 4026 1161 4078 ad
1178 4023 1235 4075 Liv.
1245 4038 1274 4086 V,
1293 4029 1349 4088 35„

112 4080 179 4141 Voss.
197 4098 209 4143 1
227 4092 305 4147 Bern.
323 4096 350 4148 A
368 4095 439 4148 Flor.
460 4095 563 4150 ABGD
612 4101 640 4162 (a
656 4114 697 4166 pr.
732 4104 802 4151 4ne
819 4096 895 4148 huius
912 4095 1020 4166 quidem
1037 4094 1089 4147 locr
1104 4092 1203 4145 oblitus
1217 4090 1338 4170 ecdicum

113 4157 154 4233 m)
168 4157 182 4209 Ι
196 4158 249 4214 Ρο1.
267 4171 280 4216 1
305 4165 395 4216 urbem
412 4163 555 4231 exhibent,
573 4172 605 4216 ut
622 4164 699 4217 facile
732 4185 793 4219 mss.
812 4164 955 4218 lectionem
973 4165 1122 4217 invisitatos
1141 4160 1268 4225 defendrt,
1286 4176 1336 4229 pro

113 4219 193 4293 uliquis
214 4246 298 4284 veram
324 4232 393 4286 hanc
415 4249 471 4285 010
489 4232 625 4302 scriptoris
642 4250 698 4285 ma·
733 4252 786 4305 qua
803 4235 858 4286 fere
876 4233 945 4285 solet
962 4234 1105 4285 inusitatus
1123 4227 1256 4281 substitui.
1291 4229 1337 4281 Iu-

113 4299 168 4343 num
182 4304 270 4364 putare
286 4300 384 4370 possit,
409 4300 621 4371 quandoquidem
646 4319 698 4353 noo
732 4305 839 4356 visitato
857 4303 1001 4354 simulacra
1019 4298 1147 4351 exhibent
1163 4295 1239 4351 Leid.
1259 4295 1338 4349 Voss.

108 4365 193 4418 Procul
208 4363 272 4419 idem
290 4369 325 4421 sit
343 4370 414 4438 quod
425 4387 517 4439 prope.
535 4369 590 4422 Sed
607 4370 698 4422 obstat
734 4378 746 4423 1
766 4372 847 4425 Bern.
869 4370 895 4421 A
917 4368 989 4421 Flor.
1013 4367 1078 4433 AB,
1102 4372 1215 4435 suntque
1243 4382 1338 4431 „nova

115 4437 168 4479 eum
182 4436 302 4499 generalis
319 4437 399 4505 ratio,
417 4445 474 4491 tum
491 4437 697 4509 usussoriptoris
732 4446 760 4492 et
777 4447 858 4493 antea
880 4455 935 4489 non
959 4437 1042 4491 visa.“
1083 4435 1197 4499 Verum,
1224 4440 1256 4485 ut
1282 4432 1338 4486 fere
