2926 5174
433 288 483 338 nn
510 288 847 358 GESTISALnx.1x,
884 287 927 340 21.
1204 271 1278 344 455

53 470 123 543 licet
147 471 280 567 gloriae
307 496 395 544 suae
420 498 494 544 non
520 473 729 570 refragatus,
756 473 887 545 afuisse
905 498 953 564 se,
981 473 1128 546 missum
1154 475 1191 547 in
1217 502 1277 550 ex·

48 581 275 678 peditionem,
307 583 501 656 memoriae
533 582 707 656 tradidit
751 583 866 657 Tanta
898 586 1185 682 componentium
1217 615 1276 662 ve·

47 702 135 765 tusta
160 718 280 767 rerum
305 704 539 767 monumenta
565 695 623 767 vel
650 696 831 786 securitas,
859 698 916 769 vel
941 722 1006 794 par
1032 697 1113 768 huic
1140 697 1275 790 vitium,

44 802 232 877 credulitas
257 804 337 877 fuit!

10 933 27 981 2
138 915 239 1015 Rege
264 916 300 988 in
326 916 598 989 tabemaculum
623 918 752 1009 relato,
791 916 919 989 medici
945 917 1080 1013 lignum
1120 920 1321 1016 sagittae22

10 1028 177 1126 soorpori
202 1028 362 1117 infixum,
388 1028 441 1100 ita
458 1053 503 1100 ne
521 1029 694 1125 spiculum
712 1038 926 1118 moveretur,
953 1026 1151 1102 abscidunt.
1189 1029 1272 1104 Cor·

35 1165 120 1237 pore
147 1138 278 1213 deinde
302 1138 457 1229 nudato,
484 1137 774 1213 animadvertunt
799 1140 923 1211 hamos
950 1128 1065 1212 inesse
1091 1140 1179 1232 telo,
1205 1169 1272 1216 nec

22 1250 136 1327 ⁴aliter
163 1249 202 1323 id
229 1249 303 1322 sine
329 1250 485 1347 pernicie
512 1250 670 1347 corporis
697 1250 838 1324 extrahi
863 1275 984 1347 posse,
1021 1275 1128 1346 quam
1155 1262 1196 1322 ut
1222 1277 1274 1325 se·

10 1361 150 1434 roardo
179 1363 310 1435 vulnus
336 1372 520 1459 augerent.
587 1358 753 1434 Ceterum
784 1386 830 1433 ne
865 1371 1026 1434 secantes
1058 1361 1274 1458 profluvium

35 1472 219 1568 sanguinis
247 1481 453 1569 occuparet,
480 1473 713 1563 verebantur;
747 1473 877 1570 quippe
902 1472 1026 1569 ingens
1053 1472 1164 1545 telum
1190 1473 1272 1550 ada-

10 1592 131 1655 iotum
159 1594 256 1673 erat,
283 1593 319 1656 et
344 1592 554 1681 penetrasse
580 1585 617 1656 in
642 1585 781 1656 viscera
806 1581 1004 1657 videbatur.
1059 1580 1271 1680 Critobolus,

31 1693 124 1766 inter
148 1694 310 1768 medicos
336 1695 423 1768 artis
450 1694 632 1783 eximiae„
651 1693 715 1767 sed
739 1693 776 1765 in
803 1704 905 1766 tanto
932 1693 1089 1791 periculo
1116 1697 1271 1789 territus,

33 1803 193 1902 [manus]
224 1803 416 1878 admovere
434 1805 628 1895 metuebat,
653 1829 699 1877 ne
719 1805 756 1876 in
776 1805 885 1901 ipsius
906 1813 1014 1901 caput
1039 1830 1167 1902 parum
1192 1832 1271 1904 pro-

10 1938 157 2014 =sperae
186 1916 379 1997 curationis
398 1915 589 1990 recideret
618 1925 777 1990 eventus.
830 1915 1091 1988 Lacrimantem
1124 1942 1205 1989 eum
1231 1946 1273 1993 ac

32 2036 256 2101 metuentem
295 2038 331 2100 et
376 2026 611 2100 sollicitudine
650 2028 909 2126 propemodum
948 2052 1167 2125 exsanguem
1206 2055 1272 2104 rex

30 2210 130 2264 laudem
149 2211 236 2281 longo
258 2216 321 2280 post
344 2209 483 2264 intervallo
502 2209 636 2278 (nimirum
669 2209 747 2282 paulo
764 2200 825 2264 ante
850 2210 903 2281 legi
920 2218 1052 2282 poterant.
1095 2210 1225 2291 Equidem
1244 2212 1272 2266 in

30 2297 83 2332 non
98 2281 185 2335 multo
206 2287 272 2332 ante
287 2278 423 2333 Christum
436 2283 540 2346 natum)
557 2295 636 2332 reno·
669 2280 742 2333 nullo
760 2280 851 2334 codice
867 2287 976 2350 praeter
993 2280 1073 2334 Voss.
1083 2288 1109 2348 2,
1129 2298 1157 2332 rn
1175 2298 1227 2350 quo
1245 2288 1273 2334 et

28 2347 111 2416 ravit,
148 2364 236 2419 opere
263 2347 355 2418 opinor
380 2346 537 2415 βασιλέων,
565 2349 635 2418 quod
669 2348 728 2419 ipso
747 2351 857 2419 repletae
879 2349 1085 2419 superscriptum
1104 2356 1157 2416 est,
1181 2356 1272 2403 extare

28 2415 177 2486 Stephanus
205 2416 274 2484 Byz.
302 2434 322 2469 s.
348 2434 373 2469 v.
405 2414 514 2470 Μιλύας
538 2414 635 2469 laudat
669 2419 761 2470 bastae
777 2435 808 2470 co
847 2417 897 2470 ovi.
924 2417 1010 2471 Porro
1028 2420 1195 2471 abscidente
1215 2418 1272 2471 timi

29 2483 68 2536 cf.
86 2487 118 2538 de
135 2486 195 2538 eius
225 2484 281 2537 vita
306 2492 337 2537 ut
358 2483 529 2537 novissimum
550 2484 635 2537 nomi·
669 2486 745 2538 codd
763 2485 811 2538 Lei
831 2525 838 2539 .
855 2486 956 2539 Vosal
976 2486 1106 2540 Flor.AB
1126 2504 1186 2540 cum
1196 2435 1271 2540 lior.

27 2569 85 2605 nem
108 2555 286 2607 Weicbertum
307 2551 335 2605 in
361 2552 465 2606 dissert.
484 2553 517 2604 de
529 2551 636 2616 ¹Iarbita
671 2552 718 2606 GI.
746 2554 841 2625 Neque
859 2555 946 2624 placet
963 2555 1054 2624 utique
1071 2555 1116 2608 vul
1135 2563 1208 2608 atum
1225 2557 1272 2608 ab·

29 2619 182 2692 Timagenis
201 2618 375 2687 aemulatore,
392 2620 493 2674 inserta
508 2619 536 2672 in
554 2619 636 2673 eiusd.
669 2623 791 2674 sandrat
811 2639 901 2675 sensus
923 2640 1014 2688 (rausa,
1038 2622 1106 2693 siqui
1125 2639 1167 2675 em
1189 2624 1272 2676 omnis

26 2688 153 2760 Reliquiis
172 2694 253 2761 poet.
270 2688 330 2742 Lat.
348 2708 373 2761 p.
392 2696 442 2744 393
461 2706 520 2759 sqq.
670 2689 827 2758 significatio
844 2690 883 2743 vis
901 2707 931 2743 ac
940 2690 1130 2758 vehementiae,
1148 2708 1216 2762 quae
1232 2691 1273 2744 in·

58 2757 636 2878 ecdicetqloriaesuueaonrefraqatusghli-
671 2765 712 2809 est
734 2757 759 2809 in
777 2760 867 2823 verbo,
886 2759 976 2812 abesse
993 2759 1073 2811 debet
1084 2759 1117 2811 ab
1135 2759 1272 2813 hocloco.

25 2825 178 2881 hilmutant
193 2826 275 2880 codd.
290 2825 425 2879 neModio
439 2825 563 2878 fidemha
583 2841 636 2891 eas,
706 2829 730 2891 s.
756 2832 797 2878 25.
836 2826 984 2880 Critobulus
1014 2826 1041 2878 in
1066 2834 1133 2879 vett.
1159 2827 1219 2879 edd.
1245 2835 1272 2880 et

26 2895 112 2949 abesse
135 2914 193 2949 non
214 2911 232 2946 a
259 2894 415 2947 membranis
436 2892 547 2947 notanti.
582 2895 637 2946 Ex·
671 2912 688 2946 o
706 2892 777 2946 timis
802 2893 857 2946 fere
874 2912 933 2946 mss.
951 2905 992 2947 est
1011 2893 1173 2947 Critobulus:
1190 2895 1270 2947 Bern.

26 2962 90 3033 plica
110 2964 214 3035 igitur:
245 2960 290 3030 qui
317 2961 424 3042 quidem
449 2960 513 3014 alias
539 2961 638 3030 gloriae
713 2969 741 3013 et
757 2960 836 3014 Voss.
858 2968 873 3014 2
896 2961 976 3014 etiam
993 2961 1116 3015 Critolai.
1152 2962 1194 3014 De
1213 2961 1271 3016 Cri-

25 3049 82 3085 suae
108 3051 168 3086 non
197 3029 330 3098 refragari
356 3031 448 3084 solitus
466 3037 520 3096 est,
548 3029 637 3083 Germ.
670 3029 756 3082 tobuli
782 3029 859 3081 laude
883 3030 928 3099 qui
950 3029 1038 3100 Philip
1057 3048 1101 3082 um
1126 3030 1272 3085 Alexandri

24 3105 60 3156 bet
80 3103 133 3168 turb
154 3101 245 3161 wohl,
274 3101 347 3157 maine
364 3101 411 3168 id),
440 3099 523 3166 [titum
543 3100 635 3167 artae
703 3105 770 3150 trem
787 3106 937 3166 curaverat,
964 3098 1024 3151 ride
1065 3097 1156 3151 linium
1172 3098 1199 3151 in
1216 3107 1271 3153 nat.

23 3169 79 3236 utbt
94 3176 220 3239 ruruegao
239 3179 299 3222 tout.
688 3165 729 3217 ist
747 3179 801 3231 vu,
825 3173 866 3221 37.
902 3165 957 3219 Sed
978 3165 1033 3219 eius
1054 3167 1158 3219 laudem
1176 3166 1204 3219 in
1220 3168 1272 3222 hoo

53 3248 153 3293 vetusta
174 3253 271 3290 rerum
293 3236 466 3301 monumenta]
500 3234 534 3287 In
551 3234 635 3288 omni-
669 3233 815 3287 Alexandri
835 3233 943 3288 vulnere
965 3236 1081 3289 curando
1106 3235 1215 3288 dubium
1232 3238 1271 3290 fa-

22 3304 66 3358 bua
92 3307 177 3361 codd.
209 3302 311 3372 legitur
337 3312 461 3356 uetustate
479 3320 581 3371 rerum,
608 3301 634 3355 in
670 3301 707 3354 cit
727 3301 854 3356 Arrianus
876 3303 922 3373 qui
943 3305 1117 3357 Critodemum
1142 3303 1272 3358 medicum

21 3372 154 3447 plerisque
190 3370 280 3425 etiam
321 3373 495 3434 montoranto,
526 3378 555 3423 et
572 3388 634 3492 ,2er
670 3370 796 3450 appellat,
814 3371 857 3433 rel
874 3372 974 3426 nullum
995 3373 1125 3426 medicum
1143 3374 1189 3427 sed
1205 3372 1271 3428 Per-

22 3444 236 3512 componentiam
254 3438 282 3490 in
298 3438 368 3492 Flor.
385 3438 531 3492 DEFGHI
548 3439 570 3491 P
599 3445 632 3493 .1
670 3441 760 3493 drccan
778 3438 894 3510 chirurgi
911 3458 992 3512 opera
1009 3441 1128 3495 functum
1145 3457 1202 3495 esse
1216 3450 1271 3496 tra-

21 3513 235 3582 competentium,
254 3506 282 3559 in
299 3507 379 3560 Bern.
397 3507 421 3559 B
439 3507 547 3560 Vocat
567 3525 634 3560 com·
670 3507 717 3560 dit.
762 3508 832 3560 Tum
856 3527 951 3564 manus
977 3512 1112 3564 admovere
1145 3512 1271 3564 metuebat

16 3583 167 3646 potandum.
210 3575 269 3628 Sed
286 3592 344 3629 cum
361 3593 413 3629 non
433 3575 551 3628 dubitem
569 3575 633 3647 quin
666 3576 747 3646 vulgo
771 3576 871 3644 editur,
900 3580 946 3632 sed
968 3578 1052 3649 prima
1078 3596 1130 3633 vox
1156 3579 1184 3631 in
1209 3597 1269 3632 mss.

19 3656 81 3702 recte
96 3649 209 3703 edatur
231 3644 303 3713 quod
319 3661 388 3698 nunc
405 3643 501 3711 editur,
519 3643 633 3697 incertus
667 3644 787 3698 omnibus
804 3653 832 3697 et
853 3645 1012 3701 editionibus
1035 3646 1167 3700 veteribus
1186 3646 1269 3713 deest,

20 3731 69 3770 tum
84 3720 118 3771 de
139 3711 374 3781 interpretatione
392 3719 480 3764 utrum
498 3728 542 3765 eos
561 3711 633 3766 dicat
666 3711 757 3765 addita
795 3713 909 3783 primum
944 3718 977 3769 ab
1008 3713 1092 3768 Iunio.
1161 3715 1269 3766 Modius

19 3785 57 3853 qui
77 3787 145 3840 olim
177 3781 266 3835 libros
291 3781 324 3832 de
349 3779 458 3833 historia
484 3779 633 3850 scripserint
666 3780 749 3833 edidit
768 3785 912 3850 admoveri,
930 3785 977 3837 sed
992 3784 1044 3836 hoc
1060 3789 1088 3833 et
1102 3783 1212 3836 obscure
1231 3782 1269 3834 di-

19 3868 48 3905 an
81 3855 108 3908 ui
129 3854 170 3906 de
190 3848 277 3902 rebus
294 3848 407 3919 antiquis
428 3847 508 3901 libros
527 3864 632 3919 compo-
666 3856 738 3901 ctum
759 3858 811 3917 est,
838 3857 867 3904 et
896 3869 989 3932 parum
1011 3850 1114 3903 Latine.
1163 3848 1270 3904 Lacuna

19 3931 120 3977 suerint.
176 3916 258 3972 Illud
283 3915 368 3969 minus
398 3916 433 3969 ad
460 3916 633 3987 Timagenem
666 3916 745 3970 fuisse
771 3917 876 3971 videtur
902 3937 930 3972 rn
955 3937 987 3973 eo
1013 3916 1170 3986 exemplari,
1198 3918 1269 3969 unde

18 3991 149 4056 pertinere
190 3983 316 4048 videtur,
359 3983 412 4065 qui
439 3984 632 4056 quinquaginta
667 3984 753 4038 omnia
769 4003 839 4107 ¹quae
848 3987 928 4040 hodie
946 3994 1040 4041 extant
1050 3993 1199 4054 propagata
1211 4001 1268 4038 esse

18 4057 90 4113 ferme
110 4055 201 4113 annis
222 4058 287 4106 ante
305 4051 426 4106 Curtium
442 4052 560 4122 scripsit,
582 4054 633 4108 hoc
665 4053 804 4107 verisim'e
829 4055 872 4121 fit,
899 4063 946 4109 aut
973 4055 1009 4108 sio
1034 4060 1065 4105 ut
1080 4061 1157 4105 vetus
1183 4051 1270 4107 editor

19 4141 32 4177 a
61 4128 123 4183 hmo
144 4141 182 4180 ae
200 4118 465 4190 simplioiverborum
481 4137 632 4194 sensupau-
665 4121 740 4189 lecit,
768 4130 815 4175 aut
836 4123 913 4176 simili
931 4123 1032 4177 ratione
1056 4120 1196 4189 explenda,
1214 4121 1268 4174 for-

18 4191 26 4244 l
49 4214 89 4251 um
108 4188 250 4250 discedit.
363 4210 368 4217 ·
665 4198 735 4242 tasse
745 4191 861 4310 lperram
892 4191 996 4246 excidit.
1039 4188 1149 4242 Interim
1174 4207 1268 4244 manus

45 4264 107 4338 οφ,
128 4269 181 4342 22,
204 4261 231 4326 ᾗ.
251 4262 294 4309 22.
319 4257 417 4324 lippum
435 4259 558 4338 supinae]
586 4257 631 4310 In-
665 4275 745 4311 oenoe
767 4259 786 4311 's
813 4258 963 4327 saepsimus.
1004 4257 1197 4312 Codd.·autem
1213 4277 1268 4313 me·
1294 4302 1300 4310 x

17 4329 68 4387 ritis
84 4330 240 4389 oodicrbus
259 4341 320 4377 mss.
333 4326 412 4395 vulgo
430 4325 630 4395 edrturtastae,
665 4325 742 4380 liores
772 4327 828 4380 fere
851 4344 981 4392 amouere,
1009 4323 1090 4378 ceteri
1120 4330 1266 4397 admovere,

17 4395 88 4458 invito
113 4398 211 4456 etiam
237 4392 297 4464 ipso
321 4393 425 4463 Curtio,
452 4393 524 4449 cuius
549 4395 631 4448 verba
664 4396 711 4448 sed
728 4395 793 4449 haec
809 4393 924 4448 varietas
940 4393 1017 4450 nimis
1035 4394 1161 4464 frequens
1179 4403 1226 4451 est.
