2926 5174
161 241 235 314 488
631 257 666 320 o.
693 255 818 310 coarn
841 256 925 308 sorr

263 442 363 517 Haec
389 441 510 540 agenti
536 440 620 514 Pori
648 451 684 514 et
709 439 844 514 Taxilis
877 465 1006 539 regum
1033 440 1190 516 litterae
1217 442 1393 536 traduntur,
1405 466 1425 515 a

160 558 338 631 Abisaren
363 552 507 644 morbo,
534 553 753 651 Philippum,
779 553 999 651 praefectum
1025 553 1168 651 ipsius,
1197 579 1246 626 ex
1271 555 1419 647 vulnere¹
1462 619 1463 634 .

114 662 119 673 ’
162 667 341 756 interisse,
375 688 635 762 oppressosque
668 666 727 762 qui
753 665 1004 737 vulnerassent
1039 689 1140 737 eum.
1198 663 1312 764 Igitur
1334 665 1393 740 Phi·
1404 691 1422 737 n

161 779 259 877 lippo
287 776 472 850 substituit
497 773 774 849 Eudaemonem.
818 773 1008 849 Duxerat
1036 775 1241 850 Thracum.
1292 776 1422 852 Abiu-u

164 890 213 962 ris
239 914 390 985 regnum
415 888 487 961 filio
515 888 590 961 eius
617 887 790 960 attribuit.

113 1004 137 1074 4
265 998 425 1072 Ventum
451 1008 508 1072 est
533 998 661 1072 deinde
675 997 890 1096 Persagada.
931 997 1083 1072 Persica
1111 1008 1172 1073 est
1190 1025 1290 1098 gens,
1314 1001 1391 1074 cuius

164 1122 325 1209 satrapes
340 1108 487 1185 Orsines
514 1120 601 1199 erat,
626 1108 815 1183 nobilitate
841 1134 882 1182 ac
901 1108 1035 1183 divitiis
1064 1112 1167 1184 inter
1186 1136 1309 1184 omnes
1332 1112 1391 1185 bar·

164 1225 271 1298 beros
311 1223 479 1295 eminens.
539 1217 660 1294 Genus
701 1219 857 1293 ducebat
894 1245 916 1292 a
951 1218 1068 1320 Cyro,
1109 1221 1296 1320 quondam
1326 1242 1419 1321 reges

165 1334 375 1423 Persarum3
416 1357 501 1430 opes
529 1342 566 1405 et
596 1358 619 1404 a
643 1331 837 1404 maioribus
869 1330 1020 1404 traditas
1056 1333 1242 1425 habebat,
1277 1334 1390 1431 etipse

164 1447 273 1545 longa
297 1445 434 1542 imperii
459 1445 683 1542 possessione
709 1443 963 1515 cumulaverat.
1016 1442 1054 1516 Is
1082 1444 1165 1542 regi
1192 1470 1275 1517 cum
1300 1445 1418 1517 omnim

164 1558 304 1657 generis
337 1555 454 1646 donis,
493 1581 566 1628 non
592 1556 659 1653 ipsi
693 1553 802 1627 modo
829 1577 886 1644 ea,
925 1551 1135 1628 sedetiam
1176 1557 1298 1630 amicis
1333 1557 1389 1629 eius

166 1667 336 1758 daturus,
376 1665 539 1740 occurrit.
600 1665 783 1762 Equorum
818 1664 942 1737 domiti
976 1691 1112 1764 greges
1160 1669 1388 1766 sequebantur,

168 1804 363 1876 currusque
389 1786 538 1876 argento
565 1787 602 1850 et
627 1803 715 1851 auro
740 1776 932 1867 adornati,¹
961 1779 1126 1875 pretiosa
1155 1780 1332 1877 supellex,
1363 1787 1390 1851 et

167 1891 305 1964 nobiles
351 1914 532 1988 gemmae,
584 1913 693 1961 aurea
734 1890 856 1986 magni
896 1888 1068 1987 ponderis
1119 1915 1231 1981 vasa,
1280 1900 1389 1964 vestes

169 2027 238 2099 que
273 2026 491 2101 purpureae,
536 2010 571 2073 et
615 1999 745 2099 signati
788 2001 925 2099 argenti
967 2001 1153 2074 talentum
1203 2002 1275 2076 tria
1306 2002 1389 2075 milia

169 2111 337 2187 Ceterum
375 2121 478 2185 tanta
524 2111 725 2210 benignitas
776 2112 930 2185 barbaro
991 2138 1106 2186 cause
1159 2114 1287 2186 mortis
1332 2112 1419 2186 filla

168 2220 368 2298 Nemeum
403 2248 526 2296 omnes
552 2224 683 2296 amicos
718 2222 811 2320 regis
839 2220 940 2306 donis
981 2248 1094 2321 super
1133 2225 1298 2322 ipsorum
1324 2234 1391 2297 vota

169 2335 354 2427 coluisset,
410 2333 554 2432 Bagoae
611 2334 777 2432 spadoni,
825 2334 885 2430 qui
936 2334 1196 2409 Alexandrum
1244 2334 1391 2432 obsequio

171 2447 328 2542 corporis
363 2446 576 2520 devinxerat
616 2445 701 2534 sibi,
744 2446 881 2518 nullum
913 2447 1091 2519 honorem
1133 2448 1274 2521 habuit.
1336 2443 1421 2518 Ari-s

170 2556 396 2654 monitusque
431 2583 453 2630 a
488 2555 722 2655 quibusdam,
766 2581 872 2652 quam
907 2556 1123 2631 Alexandro
1170 2559 1272 2633 cordi
1310 2567 1392 2645 esset,

170 2667 372 2768 respondit,
411 2670 543 2742 amieos
576 2668 685 2766 regis,
723 2692 797 2740 non
823 2678 941 2744 scorta
968 2692 1005 2740 se
1032 2669 1172 2763 colere,
1210 2697 1277 2745 neo
1306 2670 1392 2744 moris

170 2806 248 2854 esse
288 2780 425 2869 Persis,
476 2804 593 2853 mares
633 2778 781 2876 ducere,
832 2783 892 2881 qui
931 2790 1058 2876 stupro
1110 2783 1392 2857 effeminarentur.

169 2889 236 2964 His
275 2890 405 2964 auditis
445 2889 558 2987 spado
574 2891 809 2989 potentiam,
847 2891 981 2990 flagitio
1021 2900 1059 2963 et
1092 2891 1276 2969 dedecore
1312 2903 1422 2991 quaell
1461 2929 1463 2950 .

172 3002 292 3093 sitam,
331 3003 368 3074 in
409 3012 517 3098 caput
551 3000 762 3075 nobilissimi
807 3017 844 3080 et
881 3000 1032 3076 insontis
1068 3005 1250 3078 exercuit.
1312 3003 1394 3078 Nam·

172 3138 241 3210 que
287 3113 404 3210 gentis
445 3111 604 3184 eiusdem
641 3111 840 3191 levissimos
879 3115 976 3190 falsis
1025 3115 1241 3192 criminibus
1281 3118 1394 3192 adsm-

172 3338 245 3391 eiunt
261 3355 362 3395 omnes:
381 3342 480 3396 editum
498 3352 540 3397 est
557 3343 772 3399 arecentioribus
807 3344 954 3411 drinpemm
971 3340 1124 3396 unusFlor.
1136 3344 1163 3398 G
1182 3353 1215 3400 ut
1233 3345 1321 3400 editur
1335 3345 1396 3398 um

171 3406 339 3475 Babylonem.
356 3410 500 3465 Noseade
517 3429 547 3465 re
561 3431 639 3484 supra
652 3413 773 3467 diximus.
807 3423 860 3465 tum
877 3419 999 3480 quattuor
1014 3411 1101 3464 milia.
1145 3412 1206 3467 Sed
1229 3416 1264 3469 de
1284 3407 1398 3468 millenarii

207 3476 230 3541 ξ.
249 3482 289 3528 20.
314 3480 470 3557 ,Αὸὶεανενή
514 3480 560 3534 Sic
585 3481 670 3534 edidit
692 3480 773 3534 Snek.
806 3478 907 3533 numeri
919 3477 1005 3599 signo,
1022 3477 1127 3533 lineola
1138 3483 1339 3554 superinducta,
1354 3477 1399 3557 2123

172 3557 265 3596 emsa.
282 3562 348 3610 surs,
370 3565 469 3618 nosque
487 3548 632 3603 invenimus
649 3550 676 3602 in
695 3549 774 3602 Bern.
808 3555 921 3602 constat.
973 3562 1047 3599 erum
1065 3566 1119 3618 pro
1141 3560 1277 3620 quattuor
1290 3553 1340 3606 trio
1354 3564 1398 3603 sm·

172 3612 198 3664 A
215 3611 288 3665 Flor.
304 3615 354 3668 AB
373 3616 445 3669 aliis:
462 3617 544 3687 vulgo
562 3620 709 3672 Abisorm.
807 3617 922 3669 bendum
939 3630 996 3667 esse
1014 3622 1093 3684 patet
1115 3634 1153 3671 ex
1171 3621 1300 3692 sequenti
1319 3632 1400 3675 nomn·

208 3683 231 3749 ξ.
250 3687 291 3733 21.
331 3685 536 3753 Eudaemonem]
580 3686 708 3740 Arrianus
733 3700 774 3752 vr,
806 3684 882 3738 tione
899 3679 1017 3753 Bagoae.

174 3756 205 3802 17
215 3746 357 3868 Ετιῖὃημον,
375 3751 511 3806 Diodorus
520 3768 582 3823 xxx,
595 3762 626 3808 14
639 3750 775 3821 Εὔδαμον
825 3763 868 3841 ,ᾗ
886 3765 928 3838 22.
945 3776 1022 3828 quom
1039 3762 1120 3814 Alex.
1140 3768 1221 3819 cordi
1239 3770 1318 3841 esset]
1337 3766 1401 3821 Rem

173 3819 322 3957 apgdpiltl,
354 3894 378 3956 ς.
396 3896 438 3942 22.
473 3890 631 3961 Persopodo
666 3890 776 3943 fecimus
811 3829 976 3951 libraiildibiri
994 3827 1061 3962 sliri,
1094 3830 1403 3975 libldsiudidiiliiserlqibd

174 3971 234 4008 cum
258 3958 339 4026 vulgo
366 3959 489 4010 ederetur
513 3960 597 4013 Persa
616 3963 699 4040 qdos,
730 3959 776 4012 sed
810 3965 839 4019 in
856 3962 960 4035 optimis
977 3962 1050 4016 libris
1066 3981 1166 4035 equam
1177 3945 1337 4029 Alexoodrb
1352 3967 1404 4025 cord

174 4040 234 4076 mss.
264 4042 354 4079 omnes
384 4027 547 4095 Persaqara.
626 4029 670 4080 rde
697 4045 776 4096 supra
811 4052 866 4087 esse
883 4031 993 4102 legitur,
1011 4032 1084 4084 unde
1102 4034 1153 4088 elii
1172 4039 1303 4097 feeemnt
1319 4042 1405 4114 aqum

174 4091 209 4143 ad
226 4105 261 4159 V,
279 4101 320 4147 20.
457 4164 483 4175 ..
595 4164 601 4175 ἱ
810 4104 886 4156 Alex.
913 4102 985 4154 cordi
1010 4117 1079 4166 esse,
1118 4107 1291 4173 prudentius
1315 4104 1407 4165 correxit

214 4165 236 4226 §.
263 4168 304 4215 24.
349 4164 401 4215 tria
426 4164 510 4238 molto]
554 4163 628 4217 Lerd.
654 4163 731 4216 Voss.
760 4171 771 4215 l
810 4170 881 4225 Flor.
899 4168 925 4222 G
942 4186 997 4222 eum
1014 4170 1091 4221 Alex.
1111 4176 1195 4227 cordi
1214 4194 1284 4231 ωε,
1319 4173 1407 4233 Heinsio

176 4233 246 4288 Flor.
264 4241 289 4290 A
315 4233 480 4305 talesam,
497 4239 561 4293 Flor
577 4241 628 4294 BD
651 4248 679 4293 et
695 4241 775 4293 Bern.
811 4238 1001 4292 emendandum
1017 4234 1168 4293 videbatur
1182 4256 1409 4317 perquam-eut

176 4302 202 4353 A
219 4307 276 4357 esd.
294 4326 327 4359 m.
344 4308 371 4360 in
388 4308 506 4377 margine
526 4311 622 4363 talenta
639 4323 693 4361 111L
725 4308 776 4362 Ce-
811 4308 929 4360 sednon
946 4304 1039 4359 attinet
1057 4305 1213 4378 quicquam
1232 4324 1347 4372 mutere.
1362 4310 1410 4367 vul-

176 4370 226 4431 teri
247 4373 307 4427 libri
330 4384 376 4431 aut
393 4379 491 4429 talento
518 4388 630 4450 quotuor
648 4384 694 4431 aut
712 4395 776 4449 quo·
810 4385 874 4448 gata
891 4382 933 4428 est
949 4373 978 4427 in
993 4372 1064 4426 Flor.
1082 4373 1137 4430 DI.
