2926 5174
113 280 187 352 454
579 299 613 362 o.
642 296 765 348 suurn
789 295 874 349 nuru

91 485 173 571 nit.
227 481 306 573 Quo
334 494 525 582 conspecto
551 481 777 573 Alexander,
816 482 886 554 iam
917 507 995 554 non
1025 482 1133 555 vitae
1162 506 1272 572 suae,
1309 487 1386 561 sedus

110 597 235 669 mortis
262 595 427 668 solatium
454 595 703 692 supervenisse
729 604 839 683 ratus,
866 593 982 690 clipeo
1011 594 1221 690 fatigatum
1246 618 1352 691 corpus

111 707 262 804 excepit.
325 702 429 778 Subit
466 705 549 778 inde
577 705 761 793 Timaeus,
801 715 837 777 ct
874 705 997 802 paulo'
1028 716 1124 803 post
1151 703 1345 797 Leonnatus,

110 818 193 889 huic
220 816 410 889 Aristonus
438 817 653 914 supervenit.
699 815 778 888 Indi
804 841 956 912 quoque,
984 842 1075 888 cum
1103 816 1207 888 intra
1232 818 1375 888 moeniau

110 953 232 1025 regem
260 952 337 1001 esse
362 928 626 1024 comperissent,
653 927 791 1000 omissis
811 927 948 1014 ceteris,
974 927 1067 999 illuc
1096 938 1344 1016 concurrerunt,

113 1040 359 1136 urgebantque
390 1049 629 1135 protegentes.
681 1037 739 1109 Ex
765 1037 893 1133 quibus
920 1037 1116 1128 TimaeuS,
1151 1039 1271 1110 multis
1301 1037 1345 1110 ad·

112 1176 218 1223 verso
246 1175 394 1247 corpore
420 1149 627 1221 vulneribus
654 1148 824 1245 acceptiS,
858 1148 1080 1244 egregiaque
1110 1148 1212 1221 edita
1235 1173 1345 1246 pugna,

113 1260 254 1351 cecidit3
295 1260 486 1332 Peucestes
527 1284 667 1356 quoque
693 1260 807 1332 tribus
842 1258 965 1330 iaculis
994 1259 1192 1357 confossus
1224 1287 1293 1333 non
1313 1286 1343 1333 se
1356 1280 1375 1324 u

114 1384 235 1445 tamen
262 1381 379 1462 sente,
416 1371 480 1443 sed
506 1396 628 1468 regem
654 1372 840 1460 tuebatur;
873 1369 1107 1461 Leonnatus,
1147 1370 1233 1444 dum
1259 1372 1345 1444 avide

112 1495 257 1556 ruentes
283 1484 456 1556 barbaros
483 1497 703 1573 summovet,
739 1482 876 1555 cervice
901 1480 1068 1576 graviter
1101 1482 1178 1554 icta
1204 1485 1346 1556 semiani-

112 1595 179 1665 mis
206 1595 396 1690 procubuit
422 1604 505 1666 ante
530 1595 624 1691 regis
651 1595 771 1693 pedes.
814 1590 953 1664 lamet
980 1589 1186 1666 Peucestes
1212 1596 1345 1669 vulneri·
1358 1613 1377 1661 us

112 1706 180 1777 bus
206 1706 376 1803 fatigatus
404 1707 629 1778 summiserat
655 1706 820 1804 clipeum:
852 1704 889 1774 in
915 1701 1099 1776 Aristono
1128 1731 1214 1803 spes
1241 1706 1346 1778 ultima

111 1816 291 1890 haerebat.
331 1815 398 1889 Hic
425 1843 565 1914 quoque
592 1817 749 1913 graviter
773 1814 911 1888 saucius
939 1823 1087 1886 tantam
1106 1816 1184 1887 vim
1209 1818 1346 1890 hostium

112 1928 207 2000 ultra
234 1930 408 2002 sustinere
435 1955 508 2002 non
534 1938 685 2026 poterat.
738 1927 835 2000 Inter
866 1925 955 1996 haec
983 1925 1033 1997 ad
1062 1925 1282 2002 Macedonas
1304 1954 1345 2000 re·
1357 1946 1377 1994 1⁹

112 2064 194 2136 gem
221 2040 388 2114 cecidisse
414 2040 508 2112 fama
524 2041 664 2137 perlata
690 2050 755 2112 est.
795 2035 997 2110 Terruisset
1025 2037 1132 2128 alios,
1162 2038 1260 2135 quod
1283 2040 1346 2112 illos

114 2150 283 2222 incitavit.
334 2149 497 2247 Namque
523 2151 668 2249 periculi
695 2151 810 2222 omnis
837 2149 1068 2219 immemores
1099 2148 1261 2224 dolabris
1286 2176 1347 2250 per·

113 2261 251 2358 fregere
276 2286 428 2352 murum,
455 2271 492 2334 et
518 2287 589 2358 qua
613 2261 726 2334 moliti
752 2270 854 2334 erant
871 2256 1022 2348 aditum,
1050 2259 1222 2358 irrupere
1246 2262 1282 2334 in
1304 2286 1347 2334 ur·

113 2373 212 2461 bem,
238 2369 416 2465 Indosque
443 2373 562 2468 plures
588 2373 783 2470 fugientes,
819 2394 924 2466 quam
950 2370 1133 2466 congredi
1161 2399 1284 2465 ausos,
1307 2397 1347 2444 ce·

115 2481 286 2553 ciderunt.
326 2477 408 2552 Non
426 2483 580 2573 senibuS,
606 2509 679 2556 non
696 2483 845 2571 feminis,
871 2504 943 2551 non
961 2480 1171 2557 infantibus
1191 2486 1347 2582 parcitur:
1359 2474 1388 2547 2⁰¹

117 2591 274 2689 quisquis
301 2604 519 2685 occurrerat,
552 2594 597 2667 ab
630 2595 690 2666 illo
716 2594 943 2665 vulneratum
975 2617 1108 2689 regem
1137 2620 1220 2672 esse
1247 2594 1347 2669 crede

114 2703 211 2775 bant.
265 2702 494 2799 Tandemque
528 2704 768 2776 internecione
803 2702 958 2776 hostium
984 2702 1110 2777 iustae
1139 2708 1217 2781 irae
1243 2731 1348 2805 paren·

113 2824 230 2886 tatum
257 2825 321 2887 est.
375 2814 635 2904 Ptolemaeum,
663 2815 722 2909 qui
748 2823 875 2910 postea
898 2815 1081 2909 regnavit,
1111 2818 1200 2892 huic
1226 2840 1348 2917 pugnae
1360 2831 1379 2879 21

115 2926 268 3017 affiuisse,
295 2936 420 2999 auctor
446 2937 503 2999 est
529 2923 726 2998 Clitarchus
755 2934 792 2996 et
818 2922 1039 3020 Timagenes.
1085 2925 1166 3001 Sed
1192 2932 1278 3030 ipse,
1302 2927 1350 3001 sci·

147 3165 170 3229 ς.
190 3167 230 3214 15.
267 3162 342 3215 Subit
360 3163 421 3217 inde
442 3162 574 3231 Timaeus]
609 3159 715 3213 Modius
760 3164 807 3226 .§.
826 3167 867 3213 20.
902 3161 1079 3214 internecione
1099 3164 1228 3235 bosnam]
1259 3163 1351 3218 Veriuut

95 3229 185 3282 -cuius
212 3231 379 3282 membranae
407 3229 435 3280 in
452 3229 501 3282 hac
528 3237 604 3299 parte
629 3227 715 3298 operis
750 3226 809 3280 libri
827 3227 853 3280 in
872 3229 920 3281 hac
936 3243 1003 3281 voce
1022 3234 1181 3300 exaranda3
1201 3234 1350 3288 insanimus

112 3295 289 3365 interpolatae
307 3297 444 3363 videntur,
466 3299 574 3351 subinde
595 3298 715 3349 Timaeus
749 3295 830 3349 Pell
856 3297 959 3350 Voss]
988 3295 1064 3349 Flor.
1085 3300 1142 3352 AB
1167 3303 1249 3357 Bern.
1267 3310 1303 3366 A,
1322 3303 1351 3354 in·

113 3364 205 3432 edidit,
234 3366 305 3435 quod
331 3365 358 3418 in
385 3383 437 3419 uno
459 3365 531 3418 Flor.
559 3364 584 3418 G
609 3365 715 3434 legitur.
749 3367 884 3419 ternitr'one
906 3362 979 3416 Lcid.
1001 3364 1086 3419 Voss.
1108 3375 1125 3422 2
1151 3369 1228 3425 Flor.
1247 3366 1351 3427 CDEFG

113 3431 203 3484 Habet
229 3434 334 3503 quidem
360 3450 392 3485 ca
420 3452 474 3486 vox
499 3435 570 3504 apud
594 3432 715 3486 Curtium
748 3433 829 3486 Bern.
847 3433 879 3487 B.
914 3432 970 3485 Soli
987 3431 1062 3486 Flor.
1083 3435 1133 3489 HI
1150 3440 1287 3510 vulgarem
1303 3436 1351 3491 reti·

114 3517 168 3552 non
186 3518 245 3555 raro
263 3500 478 3571 significationem
490 3505 574 3571 pusulo
587 3513 662 3571 post,
685 3510 716 3554 ut
749 3519 826 3553 onem
858 3508 1019 3571 sequuntur·
1057 3501 1093 3555 In
1121 3504 1241 3561 Caesare
1266 3506 1351 3562 edendo

111 3583 165 3634 vn,
185 3576 216 3622 32
235 3569 270 3622 in.
283 3585 323 3637 v1,
342 3578 373 3624 27
393 3578 472 3635 extr.;
491 3585 532 3638 nu,
543 3578 574 3626 33
593 3570 638 3637 in,
657 3588 715 3624 cum
750 3569 923 3622 Schneiderus
958 3569 1095 3624 scribendi
1128 3575 1264 3630 rationem
1288 3572 1351 3646 peri

112 3637 175 3690 alibi
192 3638 263 3691 idem
285 3639 372 3691 valcat
398 3639 470 3713 quod
487 3638 635 3692 intermisso
661 3657 715 3693 non
749 3637 865 3691 litteram
890 3637 1049 3691 admodum
1070 3643 1155 3695 verbi
1176 3646 1307 3713 pernicies
1320 3657 1350 3695 se

112 3706 196 3760 multo
223 3716 342 3777 tempore
369 3707 423 3759 sive
445 3707 561 3775 saepius,
588 3709 635 3760 sed
661 3725 715 3760 non
749 3713 824 3758 cutus
842 3714 895 3772 est,
917 3706 976 3759 vide
997 3722 1060 3759 eum
1078 3711 1117 3762 ad
1142 3711 1204 3767 libr.
1224 3714 1238 3766 1
1255 3715 1287 3766 de
1301 3709 1350 3765 bell

112 3783 202 3845 potest
228 3783 317 3828 tamen
343 3775 411 3827 idem
433 3776 543 3827 verbum
568 3777 715 3844 supervenit
750 3773 819 3827 Gall.
846 3791 869 3826 c.
889 3781 928 3827 14.
964 3773 1044 3837 Quod
1072 3776 1192 3834 Curtius
1218 3782 1257 3836 ait
1281 3784 1351 3833 iustus

112 3851 140 3895 et
158 3861 216 3896 cum
225 3843 356 3897 adverbiis
365 3841 491 3913 temporis
500 3845 617 3909 subinde,
633 3846 715 3911 paulo
749 3845 807 3894 irae
818 3852 995 3962 parentatum
1022 3853 1062 3896 est
1096 3849 1222 3902 notabile
1253 3849 1349 3910 ridetur.

107 3921 179 3978 post,
198 3920 226 3965 et
243 3930 302 3965 cum
316 3911 405 3964 dativo
427 3911 487 3963 baie
504 3910 635 3980 coniungi.
659 3910 715 3963 lta·
750 3911 816 3980 siqui
836 3927 877 3962 em
895 3910 956 3962 alibi
973 3928 1027 3962 non
1046 3911 1099 3966 nisi
1113 3920 1231 3970 mortuis
1244 3925 1350 3995 pereute-

112 3995 163 4047 quc
189 3979 325 4060 vulgatam
347 3978 423 4032 unice
467 3979 540 4032 robo.
584 3979 637 4032 Pro
655 3982 715 4032 hnic
749 3987 805 4044 tur,
823 3978 870 4031 sed
887 3978 933 4031 ille
957 3978 997 4030 ira
1014 3979 1069 4033 fuit
1088 3984 1128 4036 ob
1154 3995 1269 4039 mortem
1284 4000 1350 4054 rege

21 4058 24 4063 '
113 4053 201 4098 eutem
214 4050 273 4100 tenc
287 4056 327 4100 est
340 4048 368 4100 in
381 4049 439 4099 edd.
486 4047 582 4100 odiana
599 4047 654 4100 anti
675 4046 714 4098 ui·
784 4053 808 4114 §.
826 4055 866 4100 21.
901 4057 925 4100 et
944 4048 1115 4118 Timaqenes]
1144 4053 1249 4107 Mirum
1266 4054 1350 4107 inum.

112 4112 201 4166 oribus
217 4123 245 4168 et
262 4116 336 4169 codd.
350 4120 428 4169 Bern.
441 4116 464 4168 B
478 4114 501 4168 F
503 4115 550 4168 lor.
563 4114 665 4168 DEFG
694 4116 715 4169 I.
750 4133 806 4170 esse
827 4116 1002 4185 Tymayenen,
1026 4119 1189 4187 stmayenem
1230 4134 1350 4193 syapeneu,

147 4183 169 4246 ἐ.
189 4188 229 4234 19.
255 4186 366 4250 periculi
384 4185 479 4255 omnis]
506 4184 578 4236 Ante
595 4184 715 4238 Medium
751 4187 897 4263 tluiepenon,
915 4199 1018 4303 seqper
1035 4162 1206 4243 accusativo'
1219 4207 1288 4245 casu.
1310 4187 1350 4241 lli·

113 4263 199 4300 omnes
209 4251 344 4318 edebatur,
364 4254 434 4321 quod
452 4250 551 4322 legitur
567 4253 596 4305 in
613 4253 648 4306 ali
667 4261 715 4306 uot
751 4261 862 4306 storrcus
884 4258 925 4303 cst
982 4252 1163 4320 exandi-inus,
1188 4259 1235 4329 qni
1257 4254 1349 4323 Quinti·

114 4313 190 4364 codd.
208 4317 347 4372 deterioris
365 4320 481 4386 ordinis,
499 4320 571 4374 Flor.
590 4322 636 4376 OE
662 4321 715 4375 GH
750 4319 842 4373 tiliano
864 4326 932 4372 teste
949 4317 1037 4374 Instit.
1059 4335 1094 4387 x,
1117 4331 1144 4390 1,
1165 4332 1198 4379 75
1226 4327 1349 4381 interum·

113 4378 190 4432 Voss·
209 4389 224 4436 2
243 4385 300 4439 Pal.
320 4395 332 4439 1
352 4387 433 4441 Bern.
451 4389 484 4442 B.
750 4397 824 4442 tuam
842 4386 1006 4442 Graecorum
1030 4388 1062 4442 in
1088 4391 1209 4448 historia
1233 4392 1348 4451 tradend!
