2926 5174
177 305 251 377 520
643 320 677 384 a.
705 317 938 371 cananeum

172 507 369 582 retinuisse.
421 504 546 602 ltaque
577 504 698 601 inopia
722 503 891 601 primum,
924 500 1055 576 deinde
1084 503 1200 575 fames
1233 527 1306 577 esse
1328 529 1386 578 me
1400 526 1418 572 n

173 621 241 718 pit;
269 628 305 690 et
331 616 392 713 qui
417 617 453 688 in
481 615 569 689 urbe
596 625 699 687 erant
725 624 788 686 aut
813 612 1115 687 reconciliandam
1144 639 1227 686 cum
1244 613 1387 688 Perdicca

172 728 339 828 gratiam,
372 737 435 799 aut
468 727 574 798 armis
607 724 816 797 certandum
847 749 925 797 esse
958 724 1169 798 censebant.
1230 724 1330 798 Forte
1350 726 1387 798 ite
1400 745 1420 793 a

173 837 363 928 acciderat,
391 847 431 909 ut
457 838 577 934 quiin
604 835 698 932 agris
725 847 841 926 erant,
867 836 1143 932 populationem
1169 838 1330 909 villarum
1351 837 1388 908 vi·

172 973 364 1044 corumque
382 950 497 1037 veriti,
524 948 757 1044 confugerent
780 948 817 1018 in
842 947 976 1036 urbem,
1005 945 1194 1043 oppidani,
1221 973 1299 1020 cum
1315 947 1391 1044 ipsos
1457 1002 1462 1051 ,

174 1061 341 1133 alimenta
368 1059 575 1147 deficerent,
601 1058 690 1128 urbe
717 1055 946 1145 excederent,
974 1066 1012 1128 et
1038 1058 1190 1154 utrique
1215 1044 1329 1156 g'eneri
1351 1069 1391 1130 tu·
1456 1109 1458 1114 -

175 1171 245 1243 tior
270 1171 386 1243 aliena
412 1169 531 1259 sedes,
558 1193 665 1264 quam
691 1191 771 1256 sua,
797 1167 988 1241 videretur.

126 1285 172 1354 27
280 1277 441 1368 Quorum
468 1277 791 1352 consternationem
816 1276 1031 1351 Macedones
1059 1280 1189 1370 veriti,
1224 1280 1261 1352 in
1285 1280 1394 1376 regiam
1405 1298 1425 1344 1⁴

175 1400 321 1481 co'e'unt,
357 1414 517 1487 quaeque
542 1390 701 1487 ipsorum
726 1390 902 1462 sententia
927 1399 1039 1479 esset,
1084 1401 1288 1488 exponunt
1334 1388 1393 1461 Pla·

175 1505 279 1577 cebat
305 1515 426 1576 autem
451 1502 589 1599 legatos
621 1499 669 1572 ad
695 1500 831 1596 equites
856 1500 949 1572 mitti
975 1497 1022 1571 de
1049 1500 1219 1574 finienda
1246 1500 1395 1576 discordia

175 1615 352 1710 armisque
378 1609 561 1711 ponendis.
613 1609 726 1708 Igitur
752 1635 774 1682 a
797 1636 883 1710 rege
908 1612 1049 1706 legatur
1068 1609 1192 1684 Pasas
1221 1613 1395 1699 Thessalus,
1407 1628 1425 1674 1⁵
1453 1655 1454 1658 =

177 1736 214 1798 et
239 1724 402 1798 Amissus
421 1720 751 1819 Megalopolitanus
779 1732 815 1794 et
839 1720 1016 1794 Perilaus:
1046 1723 1112 1818 qui
1141 1747 1230 1797 cum
1255 1723 1396 1797 mandata
1449 1779 1450 1783 ,

174 1836 268 1935 regis
303 1835 510 1922 edidissent,
545 1857 618 1904 non
650 1833 752 1905 aliter
777 1832 956 1930 posituros
989 1857 1094 1904 arma
1123 1834 1285 1930 equites,
1314 1857 1396 1931 quan

175 1948 204 2020 si
236 1972 302 2019 rex
340 1944 537 2019 discordiae
578 1953 741 2016 auctores
780 1941 992 2032 dedidisset,
1033 1944 1157 2018 tulere
1201 1968 1397 2043 responsum

173 2057 239 2131 His
266 2057 477 2131 renuntiatis
504 2081 570 2128 sua
601 2063 728 2151 sponte
753 2079 852 2127 arma
877 2054 1006 2127 milites
1039 2055 1206 2151 capiunt.
1262 2052 1396 2144 Quorum
1407 2069 1426 2116 1⁶

174 2170 332 2241 tumultu
366 2167 511 2263 eregia
536 2165 720 2263 Philippus
755 2165 909 2254 excitus,
940 2164 1056 2255 Nitit,
1089 2165 1231 2263 inquit,
1268 2165 1398 2240 seddim

175 2293 222 2352 eet
255 2306 348 2377 opus.
401 2277 498 2353 Nam
533 2277 616 2350 inter
646 2300 681 2348 ee
712 2277 904 2349 certantium
932 2276 1096 2372 praemia
1144 2277 1209 2375 qui
1243 2275 1398 2375 quuuait

176 2391 386 2485 occupabunt.
441 2385 554 2462 Simul
583 2399 768 2460 mementote
798 2412 869 2460 ram
902 2411 972 2459 esee
1005 2410 1084 2459 cum
1121 2387 1270 2477 martra,
1303 2384 1398 2486 padue
1409 2397 1428 2445 1¹

174 2521 267 2596 opem
295 2498 426 2597 gratiae
471 2497 531 2570 cito
569 2498 764 2596 abrumpere
807 2497 855 2570 ad
883 2497 1001 2569 bellum
1033 2496 1133 2570 civile
1166 2495 1400 2596 properantius

173 2621 229 2682 eet.
269 2609 388 2682 Altera
414 2609 570 2709 tapetium
595 2634 641 2681 an
666 2608 815 2707 mitrpari
833 2608 971 2705 possint,
997 2610 1241 2705 reperiamur3
1269 2621 1300 2682 et
1314 2604 1398 2692 ereda
1410 2616 1428 2665 1⁸

172 2719 323 2796 norrdum
357 2721 445 2820 repis
477 2744 612 2817 corpore
642 2721 781 2817 sepulto,
812 2718 859 2792 ad
876 2719 1089 2816 praestanda
1122 2719 1158 2792 ei
1190 2724 1281 2794 iusta
1312 2739 1400 2792 emme

174 2857 243 2906 esse
269 2831 419 2906 andurae.
462 2828 560 2913 Quod
584 2830 632 2903 ud
647 2855 699 2902 me
725 2831 843 2921 attinet,
868 2829 1006 2902 reddere
1033 2830 1094 2904 hoc
1122 2832 1310 2929 inopertam
1324 2825 1430 2912 malt1⁹

175 2969 277 3044 quam
311 2967 458 3016 eaercere
493 2942 615 3016 ciuium
640 2943 819 3040 sarranium
861 2954 891 3014 et
923 2940 956 3012 si
987 2939 1082 3013 nulla
1120 2940 1195 3013 alia
1231 2936 1400 3016 emmam

172 3080 251 3154 spes
277 3068 337 3146 eet,
364 3077 421 3127 ora
448 3076 648 3152 quaesoque,
680 3052 785 3152 eir'pite
803 3052 976 3150 potiorem
1031 3047 1189 3123 Obortis
1218 3049 1343 3127 deinde
1364 3048 1429 3119 lar-²⁰

172 3164 306 3253 crimin,
343 3161 507 3237 diadema
533 3162 689 3236 detrahit
715 3163 837 3261 capiti,
868 3158 1051 3249 dextram,
1090 3186 1167 3257 qua
1200 3161 1241 3234 id
1265 3157 1400 3242 tenebat,

172 3349 228 3385 cum
246 3331 390 3396 Perdicca,
409 3330 454 3382 sed
475 3325 567 3384 nostro
586 3329 679 3383 ordine
696 3330 774 3382 codd.
809 3328 916 3379 Amisus
941 3325 1013 3379 Flor.
1032 3325 1061 3379 H
1087 3325 1176 3380 Bern.
1201 3329 1237 3382 Β.
1280 3327 1360 3381 Pasas
1379 3326 1401 3372 et

171 3415 262 3454 omnes
279 3405 307 3450 et
325 3398 388 3450 edit.
406 3397 539 3452 Modiana.
809 3397 930 3449 Amisum
955 3393 1076 3448 virorum
1103 3396 1218 3450 nomina
1245 3395 1337 3467 ignora
1353 3406 1400 3444 num

207 3471 231 3532 s.
251 3473 291 3518 13.
335 3466 398 3518 arbe
422 3470 586 3533 excederent,
613 3475 636 3518 et
662 3466 773 3535 utrique]
809 3463 872 3516 alibi
888 3462 1023 3533 legantur,
1049 3463 1077 3515 ni
1096 3463 1194 3518 Pasas
1212 3464 1249 3518 sit
1265 3464 1354 3527 Ildars
1367 3464 1401 3510 wi

171 3535 291 3589 Verbum
300 3536 450 3587 excederent
463 3534 491 3587 in
504 3552 564 3588 mss.
575 3533 680 3604 quidem
692 3551 775 3603 quan·
808 3537 927 3587 Πασέας.
943 3530 1035 3583 Iunius
1054 3531 1136 3585 dedit
1155 3535 1282 3586 Amissus
1306 3532 1338 3584 de
1354 3543 1400 3601 conj

171 3610 229 3657 tum
246 3601 366 3672 intelligo
380 3602 500 3656 omnibus
515 3604 596 3666 deest,
616 3603 662 3655 sed
679 3601 708 3654 in
719 3601 775 3654 edi-
808 3599 916 3666 iectura,
934 3598 1038 3667 opinor,
1059 3616 1144 3670 quem
1152 3601 1269 3654 Modius
1285 3606 1313 3653 et
1326 3595 1400 3673 reliqu

171 3672 206 3726 tis
224 3671 277 3723 iam
290 3688 305 3723 a
319 3670 440 3741 principe
454 3678 596 3740 comparet.
614 3670 667 3723 Sed
683 3687 774 3740 quam·
809 3668 890 3721 socrui
915 3673 985 3720 suut.
1029 3666 1286 3738 Megalopolitanus
1309 3665 1362 3720 nt
1381 3677 1401 3713 n

169 3741 209 3794 vis
227 3739 262 3793 sit
279 3740 312 3792 ab
331 3739 434 3792 editore
447 3739 584 3804 adiectum,
602 3738 775 3792 necessarium
809 3735 980 3789 deterioribus
997 3752 1060 3788 mss.
1080 3744 1139 3803 est,
1160 3739 1210 3790 sed
1229 3732 1401 3807 Megatipotita

170 3826 228 3863 esse
245 3824 322 3862 nemo
341 3825 395 3860 non
413 3807 495 3860 videt.
532 3807 655 3869 Ceterum
673 3809 733 3859 urbi
750 3817 775 3859 et
809 3823 867 3869 nus,
886 3803 957 3873 quod
973 3802 1061 3855 estin
1079 3802 1163 3858 Leid.
1182 3807 1263 3860 Voss.
1280 3801 1401 3858 1.er

170 3880 210 3932 uti
227 3875 440 3930 ueFlor.EFHI
448 3875 505 3928 Pal.
516 3883 528 3928 1
540 3874 773 3928 Bern.BVoss.2.
809 3874 834 3926 A
851 3872 921 3925 Flor.
935 3869 1022 3923 ABCI
1040 3871 1109 3924 ferri
1129 3874 1237 3944 nequit,
1255 3871 1284 3926 ni
1299 3868 1402 3925 mou

206 3896 272 4015 dap.
291 3952 338 4010 27,
367 3947 390 4012 ξ.
410 3950 449 3996 14.
485 3946 635 4013 adequitat
659 3945 725 3996 mitti
742 3945 774 3995 de
809 3941 1061 4010 Mepatepolitanus,
1079 3939 1148 3992 vide
1166 3943 1203 3995 ad
1221 3955 1264 4007 VI,
1282 3945 1307 4006 3,
1322 3945 1358 3992 20.

160 4014 297 4083 finienda]
335 4011 379 4065 Sic
395 4018 468 4064 recte
485 4012 586 4065 editum
599 4018 649 4078 est,
668 4019 696 4064 at
713 4029 773 4063 mss.
843 4015 867 4075 5.
887 4015 926 4062 16.
961 4023 1037 4059 arma
1060 4009 1175 4077 militer]
1219 4008 1314 4062 Altera
1331 4001 1401 4071 vulg·-

170 4079 275 4134 variant
292 4091 316 4132 et
342 4082 436 4148 equites
458 4082 526 4133 mitti
552 4090 576 4133 ct
602 4083 633 4133 de
649 4081 774 4146 finienda
809 4085 895 4131 tarum
924 4075 1050 4128 librorum
1087 4076 1192 4130 ordine
1223 4079 1318 4130 militae
1346 4083 1401 4147 m

171 4147 279 4268 nm
300 4148 377 4268 Fltt
391 4147 482 4270 tta
499 4167 512 4201 ⁶
530 4149 774 4269 ·B''0²t't²²‘t'⁰1tlffi1‘
808 4144 888 4285 ne
904 4144 980 4282 tat
995 4141 1078 4262 titt·
1096 4142 1299 4267 thnm
1314 4152 1401 4265 td'

276 4255 283 4281 ,
378 4256 384 4268 .
611 4257 617 4269 .
733 4257 739 4268 .
1071 4250 1078 4262 ο
1216 4253 1223 4265 .
1395 4241 1400 4265 r

172 4286 210 4336 ad
227 4300 265 4351 eq.
283 4285 350 4336 mitti
363 4301 415 4352 pro
434 4287 598 4354 diffinienda.
809 4292 847 4335 est
864 4283 933 4351 reate
950 4277 1020 4332 Flor.
1039 4277 1097 4331 CF.

207 4354 230 4414 §-
259 4354 298 4403 15.
339 4353 440 4470 lepatur
465 4355 554 4407 Pasas
580 4384 615 4394 —
640 4352 773 4421 Amissus]
844 4353 866 4473 ἵ.
885 4356 926 4404 20.
961 4348 1094 4416 dextram]
1116 4349 1352 4403 dexterarnBem.
1365 4337 1400 4393 AB

172 4417 308 4487 Lepantur
339 4419 410 4474 For.
434 4420 494 4490 CF,
525 4422 613 4477 Pasas
638 4420 774 4488 Rern-B,
817 4418 894 4474 For.
913 4414 1022 4484 CFGH,
1044 4416 1167 4472 dextera
1186 4417 1239 4474 lor.
1257 4417 1292 4473 Ε.
