2926 5174
162 297 253 382 270'
620 329 664 392 q.
692 327 815 380 cusan
839 329 924 380 aum

160 513 360 587 interfuisse
386 513 559 586 convivio.
605 511 765 610 Repente
790 538 864 585 non
888 537 990 586 reum
1014 511 1173 610 quidem,
1200 510 1264 585 sed
1289 512 1382 584 etiarn

160 624 382 715 damnatum,
414 624 522 697 immo
554 624 729 713 vinctum,
764 624 1002 698 intuebantur.
1070 617 1240 698 Subibat
1260 625 1382 696 animos
1395 642 1415 688 a

159 735 402 808 Parmenionis
429 761 585 834 quoque,
621 737 713 808 tanti
739 734 854 825 ducis,
887 745 961 807 tam
987 735 1073 808 clari
1100 736 1209 826 civis,
1244 737 1382 826 fortuna,

159 848 218 944 qui
244 846 351 919 modo
378 846 518 919 duobus
545 847 635 939 filiis,
662 846 818 920 Hectore
845 872 886 918 ac
912 845 1098 938 Nicanore,
1129 849 1290 938 orbatae,
1314 873 1383 920 curn

160 983 211 1049 eo,
227 984 331 1056 quem
356 957 530 1053 reliquum
556 959 737 1032 calamitas
764 959 906 1048 fecerat,
921 957 1050 1030 absens
1078 958 1217 1033 diceret
1244 985 1382 1033 causam.

158 1068 282 1166 ltaque
314 1068 507 1168 Amyntas,
542 1070 660 1168 regius
695 1080 855 1168 praetor,
889 1070 1095 1143 inclinatam
1128 1070 1177 1145 ad
1203 1072 1415 1145 misericor-2⁸

160 1179 254 1253 diam
288 1182 488 1254 contionem
509 1203 642 1254 ‘rursus
678 1207 806 1280 aspera
835 1183 873 1254 in
898 1180 1078 1255 Philotam
1112 1183 1278 1257 oratione
1303 1209 1381 1256 com·

158 1292 287 1364 movit:
324 1292 484 1390 proditos
512 1318 573 1366 eos
606 1319 684 1367 esse
715 1293 893 1367 barbaris:
929 1293 1108 1366 neminem
1136 1294 1186 1369 ad
1213 1295 1381 1392 coniugem

160 1427 276 1493 suam,
310 1403 348 1474 in
374 1406 543 1501 patriam,
577 1416 613 1479 et
638 1405 686 1478 ad
710 1419 876 1503 parentes
911 1405 1018 1479 fuisse
1044 1405 1268 1480 rediturum:
1299 1406 1382 1480 velut

161 1526 326 1588 truncum
357 1539 485 1615 corpus
512 1517 658 1616 dempto
692 1518 821 1615 capite,
857 1517 933 1592 sine
959 1517 1102 1614 spiritu,
1141 1520 1221 1595 sine
1247 1519 1379 1606 nomine,

159 1626 273 1699 aliena
298 1636 408 1716 terra,
442 1628 634 1703 ludibrium
665 1630 778 1702 hostis
812 1629 961 1702 futuros.
1012 1627 1306 1729 Haudquaquam
1328 1644 1410 1728 prob

158 1763 221 1836 spe
246 1738 357 1835 ipsius
383 1738 564 1839 Amyntae
591 1743 704 1815 oratio
731 1751 835 1839 grata
859 1743 936 1839 regi
960 1740 1042 1831 firit,
1069 1741 1170 1838 quod
1198 1745 1376 1841 coniugum,

159 1849 255 1948 quod
281 1850 418 1947 patriae
445 1851 646 1927 admonitos
671 1853 842 1951 pigriores
857 1851 904 1924 ad
917 1862 1034 1926 cetera
1047 1853 1172 1926 munia
1186 1850 1376 1954 exequenda

159 1962 309 2036 fecisset.

109 2077 155 2148 36
196 2143 200 2152 ,
260 2073 361 2148 Tunc
393 2074 549 2168 Coenus,
584 2101 799 2174 quamquam
830 2074 992 2149 Philotae
1023 2100 1188 2149 sororem
1221 2077 1410 2151 matrinea

194 2258 259 2340 Cap:
281 2265 328 2326 35,
356 2262 379 2338 5.
397 2266 438 2313 26.
477 2279 528 2340 poa
553 2279 624 2315 rcum
642 2262 757 2381 ssuidm'
792 2267 925 2341 vetustae:
944 2277 1010 2340 unus
1018 2256 1373 2340 Flor.f}incziaaatem‚quql

157 2330 298 2380 sedetiam
341 2326 385 2380 Sic
402 2335 486 2382 nostrr
502 2329 574 2382 Flor.
592 2329 639 2383 Bc
668 2328 759 2382 EFHI
793 2337 872 2382 etiam
898 2346 925 2380 m
951 2329 1014 2381 edit.
1036 2327 1194 2382 Modranam
1217 2339 1246 2384 et
1267 2347 1299 2384 ex
1317 2343 1372 2382 earn

157 2395 269 2448 Bem.B
287 2329 356 2448 llall.
376 2403 398 2448 1.
417 2403 431 2448 2
451 2397 526 2450 Voss.
545 2404 572 2451 2:
592 2397 619 2450 in
637 2397 693 2450 aliis
711 2398 758 2450 bo·
792 2397 855 2451 alias
872 2396 1009 2450 nonnullas
1025 2396 1107 2450 venit.

157 2463 197 2516 nis
216 2463 322 2533 quidem
338 2463 410 2516 libris
428 2482 479 2517 ooo
488 2465 587 2519 excidit
595 2465 669 2522 Ieid.
681 2465 757 2519 Voss.
826 2466 952 2519 neminem
968 2498 1003 2506 -
1019 2467 1048 2519 ia
1060 2467 1200 2589 patriarrg
1226 2466 1330 2522 Sieedd.
1344 2478 1372 2516 se·

159 2531 261 2586 lFlor.
280 2532 313 2595 A,
333 2531 360 2584 in
376 2532 457 2585 Bern.
470 2535 496 2586 Α
513 2552 592 2587 manu
609 2552 660 2588 rcc.
678 2551 757 2605 super
793 2535 906 2588 cundum
923 2533 980 2587 Pal.
999 2541 1013 2588 3
1032 2540 1061 2586 et
1076 2533 1151 2588 Flor.
1201 2554 1287 2604 ,narn
1301 2529 1372 2602 reliqui

157 2600 204 2654 lin.
215 2600 351 2671 scripturn,
368 2600 396 2653 in
410 2601 465 2654 aliis
479 2603 600 2656 audacius
610 2613 757 2656 correctum
791 2620 879 2657 omnes
900 2604 1025 2654 neminem
1048 2601 1190 2658 omittunt.
1231 2605 1324 2658 Eorum
1340 2617 1372 2653 au·

157 2677 198 2722 est
215 2688 266 2723 oon
283 2688 355 2723 ream
373 2673 460 2737 modo,
478 2679 509 2724 ut
526 2671 582 2724 Pal.
600 2679 614 2725 3
633 2670 704 2725 Flor.
723 2669 756 2725 G.
791 2670 942 2726 ctoritatem
958 2670 986 2723 in
1002 2668 1089 2740 priore
1098 2672 1166 2725 edit.
1181 2673 1269 2726 secut-i
1285 2684 1371 2732 eramus

157 2738 293 2793 Editiones
310 2747 413 2792 veteres
430 2756 519 2792 veram
533 2740 658 2794 librorum
666 2740 756 2793 lectio·
791 2757 861 2794 nunc
877 2739 1012 2810 vulgatam
1027 2756 1184 2795 revocamus
1202 2742 1270 2796 moti
1284 2738 1372 2795 insola

157 2825 217 2860 nem
235 2827 294 2861 oum
311 2808 360 2861 hac
377 2808 538 2862 correctione
555 2809 756 2874 coniunxerunt,
791 2810 831 2862 tia
856 2806 1044 2862 coniunctionis
1065 2808 1148 2863 tertio
1166 2810 1270 2864 nomini
1285 2807 1372 2863 additae.

157 2895 208 2931 noa
231 2895 303 2930 ream
324 2878 426 2946 quidem
448 2880 533 2945 modo;
593 2886 618 2931 st
634 2877 755 2931 Modiam
790 2879 959 2948 Tumfoissc
976 2878 1120 2930 redituram
1138 2887 1215 2933 recte
1233 2873 1372 2959 opinordidt

157 2945 271 3016 vulgaris
288 2946 359 2999 facta
376 2953 417 2998 est
427 2946 537 3000 istorum
570 2946 755 3000 uorumlibro-
789 2945 912 3000 nimirum
928 2952 959 2998 ut
976 2944 1212 3015 subintelligatur:
1240 2966 1263 3001 ει
1288 2943 1372 3000 insidiet

156 3033 215 3068 rum
237 3013 365 3085 scriptura
392 3033 443 3068 oon
469 3033 541 3068 ream
566 3019 658 3082 modo,
707 3030 756 3066 uae
790 3014 847 3086 regi
855 3013 1173 3084 structaeprocessissent.
1193 3015 1372 3072 Videbaturur·

158 3101 316 3154 quamquam
346 3082 445 3136 nullam
471 3083 640 3137 offensionem
666 3083 701 3136 ha
719 3091 756 3150 et,
791 3092 847 3137 tem
864 3082 997 3136 Scheffero
1014 3082 1301 3156 inducendumfaisse.

156 3152 227 3205 haud
252 3152 332 3205 dubie
357 3160 446 3205 tamen
469 3171 525 3206 non
552 3160 593 3205 est
620 3151 754 3205 Curtiana.
826 3154 912 3205 aliena
941 3152 1023 3221 terra]
1063 3149 1148 3205 Pauci
1175 3153 1280 3209 codices
1309 3145 1371 3206 nuti

155 3221 333 3274 Intuebantur
365 3221 498 3275 Philotam
532 3239 585 3275 non
620 3232 756 3290 tamquam
790 3220 895 3292 quidem
919 3220 999 3272 Bern.
1023 3219 1046 3272 B
1072 3219 1145 3274 Flor.
1168 3221 1229 3290 HI,
1253 3225 1282 3276 in
1305 3221 1373 3274 altar

156 3306 230 3342 reum
273 3289 360 3341 uidem
385 3289 401 3342 i.
421 3307 443 3342 e.
471 3291 575 3359 dequo
597 3288 754 3356 iudicarent,
790 3301 871 3354 terro,
890 3286 1069 3342 sicutModius
1087 3289 1182 3358 edidit,
1202 3291 1250 3345 sed
1266 3288 1371 3344 ablativus

156 3357 184 3409 id
202 3307 273 3426 quoii
291 3357 353 3410 ferri
371 3368 467 3428 posset,
495 3361 541 3412 sed
556 3368 689 3437 tamquam
710 3359 755 3411 da·
789 3357 867 3411 etiam
885 3354 941 3408 sine
958 3355 1164 3427 praepositione,
1183 3371 1371 3440 quemquamn-

155 3433 281 3478 mnatum.
307 3427 415 3487 Quidem
432 3427 497 3480 nihil
508 3427 580 3481 aliud
596 3427 645 3480 msi
663 3444 755 3481 accen·
789 3426 861 3492 rius,
884 3425 918 3477 ad
938 3424 1025 3478 locum
1045 3424 1091 3478 ubi
1113 3426 1150 3480 ali
1169 3429 1218 3481 urd
1234 3429 1282 3482 fiat
1296 3421 1371 3496 signifi·
1412 3448 1415 3487 ι

55 3496 59 3502 ’
156 3501 213 3546 tum
239 3494 319 3546 verbo
345 3495 428 3547 addit.
463 3500 508 3564 (In
529 3495 617 3566 priore
639 3495 755 3549 editione
789 3495 901 3549 candum
918 3493 1071 3560 adhibetur,
1096 3493 1118 3546 si
1136 3513 1153 3548 a
1174 3496 1296 3551 'activum
1311 3492 1371 3549 edit·
1412 3490 1415 3553 l

154 3570 246 3616 nostra
262 3580 313 3615 aon
330 3566 555 3634 typographorum
572 3564 671 3618 incuria
684 3563 755 3617 exci-
789 3573 842 3617 tur.
878 3560 933 3614 Cic.
957 3561 985 3614 in
1007 3562 1084 3616 Verr.
1101 3577 1153 3631 1v,
1182 3571 1217 3620 56
1244 3564 1370 3633 cofinum
1411 3558 1415 3611 l

159 3632 253 3697 derat.)
788 3636 965 3700 torpescam,
983 3630 1370 3703 valvas-perfectiorem
1413 3668 1415 3691 ;

133 3762 134 3765 ¹
190 3703 213 3768 §.
231 3706 272 3753 27.
308 3701 354 3769 qai
370 3704 454 3769 modo]
490 3700 535 3754 Sic
555 3720 622 3755 unus
640 3698 755 3755 mont}
789 3717 903 3771 unquam
920 3700 992 3763 allo
1010 3701 1129 3768 templo
1141 3701 1245 3771 faisse,
1264 3701 1297 3755 ad
1327 3710 1369 3752 am
1413 3712 1415 3765 Ι

141 3760 183 3824 'et
200 3769 274 3822 facile
291 3767 428 3822 invenerat
436 3769 548 3823 Aldinus
565 3770 658 3823 editor.
679 3769 753 3823 Libri
789 3762 877 3823 lo⁰cum
898 3766 959 3820 vide
985 3783 1053 3837 quae
1080 3768 1274 3824 annotavimus.
1312 3717 1368 3822 bnt
1412 3770 1415 3809 ἱ

154 3856 215 3892 mss.
236 3845 264 3890 et
290 3837 354 3890 edit.
380 3857 419 3919 pr.
446 3841 492 3909 qai
517 3841 655 3908 quomodo,
682 3839 753 3909 quod
787 3853 829 3904 rv,
849 3844 864 3890 6
882 3837 965 3890 tribua
976 3837 1090 3904 proeliis
1107 3839 1164 3892 olio
1183 3849 1263 3910 atque
1278 3838 1368 3892 aaa
1412 3860 1415 3905 ς

155 3925 215 3961 oum
232 3905 293 3960 terri
309 3925 327 3959 n
361 3915 431 3960 urret
448 3906 752 3977 omissumestquomodo
785 3908 862 3978 picae
880 3906 1030 3958 commissis.
1408 3910 1415 3949 ⁴.

155 3975 183 4028 in
199 3975 269 4029 Flor.
290 3923 406 4029 Cilicas.
429 3982 452 4029 2.
488 3974 554 4028 Post
576 3993 608 4027 ac
625 3977 687 4028 Nic.
705 3993 753 4046 pro
822 3977 845 4055 ξ.
863 3981 904 4027 29.
934 3990 987 4041 pro
1009 3991 1055 4042 spe
1072 3974 1172 4044 opsita]
1211 3974 1257 4030 Sic
1273 3968 1367 4028 Freiria

155 4043 226 4113 vulg.
245 4053 268 4096 et
286 4043 405 4114 plerique
422 4043 530 4098 codices.
788 4042 899 4097 fehciter
921 4041 1084 4109 emendavit,
1117 4059 1178 4096 cum
1207 4043 1236 4097 in
1261 4041 1367 4098 adua

190 4115 212 4180 ξ.
231 4118 272 4165 28.
307 4114 335 4164 're
354 4115 396 4166 iae
417 4111 538 4182 praetor]
573 4110 662 4190 Vulgo
684 4113 754 4181 repis
789 4112 848 4164 edd.
865 4109 976 4164 vetustis
993 4118 1063 4163 esset
1075 4113 1207 4192 prospere
1224 4114 1313 4183 rm.
1336 4109 1366 4160 n·

151 4190 273 4249 praetor,
296 4196 324 4233 se
364 4183 452 4250 reqias
476 4194 564 4234 omnes
586 4177 646 4232 librr
663 4197 754 4232 manu·
789 4181 847 4234 nius
860 4188 889 4233 et
903 4177 1009 4232 Modius
1045 4195 1075 4232 ro
1093 4196 1123 4231 re
1137 4181 1225 4248 maias
1247 4178 1364 4234 edidemi·

156 4247 254 4317 scripti,
273 4249 416 4303 deteriores
433 4257 522 4303 autem
540 4251 612 4315 (cum
627 4247 697 4300 Flor.
717 4247 753 4314 G)
824 4247 1015 4318 Cap.36,§.30.
1048 4242 1363 4320 onocoenuswnnun

151 4318 309 4396 praefectae.
327 4332 380 4386 vu,
398 4324 414 4372 8
435 4317 575 4372 Cleandri:
586 4326 697 4385 praetor
713 4319 755 4370 tic
791 4316 1011 4382 GTumCoeaae,
1038 4323 1066 4368 et
1082 4322 1152 4385 puto
1168 4326 1231 4370 tuac
1247 4330 1317 4388 posse
1332 4310 1363 4363 a

158 4401 245 4454 reptas
264 4395 327 4438 erut.
790 4385 862 4440 fendi
871 4394 959 4438 utnon
967 4384 1214 4454 procedentemsed
1227 4384 1361 4439 amante·

191 4453 355 4524 inclinatam]
390 4453 435 4508 Sic
459 4472 519 4509 mss.
545 4469 634 4508 omnes
651 4460 680 4508 et
696 4454 756 4507 edd.
790 4463 819 4508 et
836 4460 1038 4508 commorantem
1056 4452 1237 4508 narrationem
1253 4449 1360 4524 §guitot
