2926 5174
93 289 166 361 238
565 308 599 371 Q,
626 277 754 360 onnru'
774 308 859 359 num

91 518 183 567 omre
209 491 310 583 illud,
345 493 435 590 quod
457 503 653 567 euocetuons
679 492 739 566 iter
752 493 912 590 stuctrlum
937 504 1091 591 occupat,
1125 503 1236 565 eunus
1263 516 1313 566 nos

92 616 254 694 moratur,
292 629 359 678 nun
401 601 537 680 Ciliciae
569 607 691 706 fauces
728 617 758 678 et
790 603 963 704 angustiae
997 601 1187 677 includunt:
1219 603 1314 701 plano

92 714 205 787 onznia
230 727 261 787 et
278 741 392 812 prorsa
417 704 502 790 suist.
554 715 599 789 In
624 716 698 814 ipso
725 716 836 790 limine
860 714 1015 790 victorin
1040 725 1179 793 ammas.
1219 714 1313 790 Pauci
1325 734 1344 782 u

91 825 183 898 nobis
203 825 346 926 supitiui
375 840 405 900 et
429 826 558 900 damini
581 827 637 901 sui
661 828 877 930 interfectores
903 837 1089 924 supersunt.
1141 824 1313 926 Eyrepiun

91 936 270 1010 mehercule
301 963 402 1035 opus,
437 951 467 1012 et
499 938 583 1011 inter
610 938 730 1036 prima
761 939 889 1038 purae
922 949 1046 1012 nesrac
1071 937 1312 1029 numerandum,

86 1047 273 1146 posteritati
285 1051 469 1151 famaeque
500 1049 649 1142 tradetis,
680 1050 794 1124 Darei
827 1073 952 1150 quoque
977 1042 1096 1140 itastis,
1117 1047 1222 1144 finito
1248 1063 1313 1148 post

90 1172 226 1232 mortem
251 1159 341 1233 illius
367 1160 457 1251 oolio,
477 1161 675 1259 porrr'cidas
700 1187 770 1236 esse
795 1187 852 1236 nos
878 1161 971 1252 utos,
995 1160 1160 1234 neminem
1186 1161 1311 1258 impium

60 1263 242 1370 'minumae
275 1284 401 1346 vesum
426 1297 557 1346 omnm.
609 1272 683 1347 Hoc
702 1286 912 1372 perpetrato,
938 1285 1060 1371 quanm
1087 1271 1221 1346 neuun
1244 1271 1308 1346 Per·
1321 1289 1339 1336 lt

90 1408 147 1455 sas
174 1383 428 1482 obsequentiores
443 1385 531 1484 fore,
558 1409 633 1457 cum
658 1384 872 1458 intellenerint
896 1408 952 1458 nos
971 1384 1038 1482 pia
1053 1383 1138 1458 iolla
1151 1381 1307 1482 aucupen,

89 1505 118 1564 et
143 1492 247 1566 Bessi
271 1494 392 1586 scetem,
418 1520 485 1569 non
509 1495 638 1569 nomini
661 1521 738 1587 suo,
764 1497 889 1570 irasci!

43 1605 89 1676 10
195 1601 341 1677 Summa
366 1605 518 1678 militum
545 1606 744 1698 alacritate,
776 1607 988 1696 iubentium,
1016 1631 1227 1704 quocunque
1252 1604 1334 1678 vel-o.

89 1715 157 1804 let,
189 1715 333 1806 ducere,
367 1718 481 1791 oratio
522 1728 673 1815 excepta
708 1729 773 1793 est.
832 1716 908 1791 Nec
938 1743 1004 1792 rex
1030 1729 1190 1791 moratus
1216 1718 1323 1814 impe-²

90 1835 188 1898 tum:
220 1828 397 1925 tertioque
428 1854 493 1925 per
517 1827 735 1903 Parthienen
769 1829 825 1903 die
851 1827 1012 1902 adfines
1038 1827 1239 1928 Hyrcaniae
1260 1852 1302 1926 pe-

89 1947 224 2029 netrat,
261 1937 409 2014 Cratero
440 1940 564 2014 relicto
596 1967 678 2014 cum
702 1941 744 2014 iis
771 1941 896 2038 copiis,
931 1941 1060 2036 quibus
1087 1950 1257 2037 praeerat,
1276 1947 1301 2010 et

90 2074 133 2121 ea
158 2075 277 2141 mann,
304 2077 410 2148 qnam
436 2051 615 2152 Ammtas
643 2052 811 2142 ducebat,
840 2050 969 2125 additis
996 2053 1176 2126 sexcentis
1201 2048 1299 2147 equiti·

88 2159 156 2231 bns
196 2172 232 2233 et
269 2162 419 2236 totidem
457 2164 664 2261 sagittaria,
703 2174 744 2236 nt
776 2164 822 2237 ab
854 2163 1055 2237 incursione
1090 2163 1299 2236 barbarorum

88 2268 305 2346 Parthienen
331 2285 501 2348 tueretur.
553 2274 738 2374 Erigyium
768 2272 1030 2371 impedimenta,
1056 2273 1198 2347 modico
1222 2285 1317 2372 prae-t

89 2381 179 2455 sidio
207 2383 307 2476 dato,
340 2386 531 2483 campestri
556 2386 682 2460 itinere
708 2384 838 2459 ducere
864 2384 972 2458 iubet.
1023 2384 1106 2481 Ipse
1133 2410 1213 2458 cum
1235 2383 1297 2482 ph·

124 2568 146 2634 §.
166 2573 206 2619 17.
243 2569 311 2620 inter
323 2570 428 2638 primo,
447 2568 463 2622 i.
483 2587 506 2625 e.
527 2569 597 2624 inter
613 2587 690 2642 prae·
724 2587 756 2623 eo
773 2586 844 2623 nunc
853 2569 957 2641 quidem
975 2574 1050 2621 extat
1069 2570 1171 2634 ducere,
1188 2567 1231 2620 sed
1245 2578 1298 2618 eust

89 2634 175 2704 cipua.
192 2637 266 2689 Ante
278 2637 398 2690 Modium
416 2639 544 2692 edebatur
555 2642 688 2709 proemio,
724 2638 815 2692 littera
824 2655 892 2709 quae
901 2637 952 2692 fuit
966 2646 984 2691 t.
1004 2635 1183 2690 Nihilominus
1198 2643 1298 2706 quattuor

90 2705 160 2775 quod
177 2712 219 2757 est
236 2703 263 2757 in
281 2706 352 2760 Flor.
370 2706 488 2761 EFGHI
505 2709 585 2761 Bern.
605 2710 637 2762 B.
724 2707 829 2761 illorum
846 2706 953 2760 testium
970 2705 1009 2758 ris
1027 2712 1169 2772 tanta-est,
1189 2713 1217 2758 ut
1229 2715 1297 2756 eorum

62 2812 69 2827 ,
121 2773 208 2826 Darei
237 2791 286 2843 quo
303 2791 335 2828 ue
364 2777 446 2830 tostis
472 2808 507 2818 -
532 2779 689 2846 parricidas
724 2775 849 2845 suffragio
867 2791 959 2846 parere
981 2789 1087 2826 necesse
1104 2773 1156 2840 sit,
1175 2790 1231 2826 oum
1245 2777 1297 2823 utn-

87 2858 143 2895 esse
160 2860 204 2895 uos
221 2791 303 2923 ultori
321 2842 392 2907 Quid
406 2861 463 2898 esse
475 2844 600 2912 dicamus,
619 2845 690 2917 quod
725 2861 776 2915 que
793 2843 896 2898 ratione
913 2859 995 2912 aeque
1012 2849 1084 2894 recte
1102 2841 1211 2898 dicatur.

87 2909 202 2963 inlibris
221 2915 349 2976 ommbus,
367 2912 443 2966 bonis
461 2930 544 2983 aeque
562 2931 592 2968 ac
605 2913 688 2980 malis,
759 2916 781 2981 ξ.
808 2919 833 2966 2.
873 2912 1043 2977 Parthienen]
1090 2910 1181 2981 Vulgo
1215 2913 1298 2980 praeter

86 2977 299 3049 editionibnsque
321 2981 434 3034 vetustis
455 2983 574 3034 Dareum
592 3000 612 3035 s.
630 2983 688 3035 Du·
722 2981 795 3035 Mod.
814 2989 842 3034 et
860 2979 991 3034 Snnkenb.
1009 2977 1075 3032 editi
1092 2978 1254 3032 Parthienen
1272 2971 1298 3028 ri·

85 3048 155 3167 pium
173 3065 276 3128 quoque·
289 3051 386 3169 toppum
403 3049 570 3130 invenimus?
607 3049 688 3104 Certe
721 3049 893 3171 gppffluod
911 3047 1063 3118 coarguitur
1080 3047 1163 3101 Beru.
1177 3048 1202 3100 A
1217 3042 1298 3100 Flora

86 3121 674 3303 qhhliriiireeciiplimuishhnuirilieiiioilistnipulio
756 3197 780 3238 et
797 3204 827 3240 eo
840 3159 937 3257 manu]
955 3183 1054 3264 Mirum
1071 3201 1155 3254 usque
1172 3185 1206 3237 ad
1218 3182 1300 3237 Freins-

87 3269 140 3321 quo
167 3251 259 3304 Frems
279 3268 360 3306 emtus
374 3272 465 3308 vocem
476 3257 632 3323 parricidas
642 3257 688 3307 de·
722 3253 835 3307 heminm
844 3254 937 3308 vitium
949 3252 1095 3307 obtsnmsse
1108 3270 1140 3306 ea
1153 3271 1244 3307 uranu:
1259 3264 1300 3304 nau

86 3318 135 3371 leri
148 3319 231 3372 iussit.
250 3319 370 3374 Procius
384 3321 474 3392 scripsi
492 3324 574 3389 iltius,
593 3324 689 3377 deinde
723 3322 841 3392 quamvis
859 3322 894 3376 sit
911 3322 940 3375 in
957 3339 1017 3375 mss.
1034 3337 1121 3391 paene
1138 3320 1256 3376 omuibus
1271 3317 1301 3394 (lt

86 3396 187 3439 uestras
196 3405 289 3451 manus
298 3406 348 3457 pro
359 3390 430 3460 vulg.
439 3402 648 3459 mouusoestras,
659 3391 689 3444 li-
722 3391 818 3444 nostris
844 3409 897 3446 non
924 3389 1027 3460 excipio
1054 3388 1105 3442 nisi
1129 3389 1201 3444 Flor.
1226 3389 1249 3442 F
1271 3401 1301 3457 qut

86 3453 140 3509 bris
149 3472 209 3507 mss.
221 3463 386 3511 tantumnon
399 3459 518 3512 omnibus
528 3459 686 3514 iubentibus.
721 3460 802 3513 habet
828 3470 851 3513 et
877 3463 969 3525 mauu)
992 3466 1083 3512 tamen
1105 3475 1208 3512 merum
1229 3455 1303 3511 viduo

72 3539 74 3545 ⁴
121 3521 186 3592 Cap
207 3530 253 3590 10,
278 3526 301 3591 ξ.
321 3534 343 3577 1.
379 3528 518 3582 iubentium
536 3545 686 3598 quocunque
720 3536 770 3581 est.
782 3530 912 3598 Amyntas
924 3527 993 3580 enim
1001 3525 1100 3596 agmini
1107 3525 1303 3606 phalangitarum

86 3593 159 3645 uella
177 3593 285 3659 deceret]
309 3592 393 3648 Codd.
412 3613 501 3650 omnes
518 3604 547 3649 et
564 3597 623 3649 edd.
641 3613 686 3649 ve·
719 3594 1118 3667 (ueteranumnonequitatu
1126 3589 1303 3665 praeeratud

85 3668 156 3713 teres
174 3661 345 3729 subeuntium,
363 3666 434 3734 qnod
450 3664 472 3718 I.
482 3664 526 3719 Fr.
536 3662 686 3719 Gronovius
720 3665 814 3732 ad1v,
833 3671 874 3719 50.

87 3729 152 3782 Obs.
170 3743 202 3796 11,
220 3736 237 3782 4
255 3730 391 3800 defendit,
429 3751 459 3787 ro
477 3735 686 3802 respondentium
755 3737 778 3799 s.
797 3741 821 3788 3.
855 3733 1007 3813 Eripuium]
1043 3731 1104 3786 Hoc
1127 3749 1224 3787 nomen
1239 3728 1303 3784 mole·

85 3797 185 3878 dictum
210 3815 266 3852 esse
288 3807 369 3852 ratus.
409 3751 465 3856 ged
486 3801 513 3854 id
538 3818 631 3856 vereor
655 3810 687 3855 ut
720 3798 861 3855 stissimnm
877 3802 928 3855 fust
944 3799 1120 3879 librariisqui
1138 3818 1199 3856 arm
1215 3798 1302 3854 minim

86 3883 208 3947 cuiquam
230 3869 388 3938 persuadeat
405 3869 432 3923 in
450 3869 578 3940 scriptore
595 3889 686 3941 prosa·
739 3879 833 3924 eccant
859 3871 990 3939 Eriyuum
1015 3869 1148 3934 scribunt,
1166 3870 1216 3923 hoc
1232 3875 1303 3922 auten

83 3954 124 3989 rso
150 3935 205 3989 fleu
232 3953 315 4007 posse.
352 3937 493 3993 Verissima
515 3939 599 3992 Hadr.
617 3938 686 3992 lunii
719 3888 778 3993 ioco
794 3939 849 3992 fere
863 3940 996 4007 ponpam,
1012 3937 1301 4017 pimpium,ptortyinn

85 4002 234 4058 emendatio
251 4014 293 4059 est
310 4007 460 4076 iubentium,
479 4015 510 4061 ut
527 4022 568 4076 nr,
581 4015 610 4060 17
630 4010 685 4061 cta·
719 4007 819 4060 Verum
837 4005 954 4060 restituit
972 4023 1006 4058 ex
1022 4005 1137 4059 Amano
1155 4013 1184 4059 et
1200 4004 1301 4059 Diodoto

84 4089 140 4125 mor
171 4074 312 4128 iubentium
343 4079 445 4131 duceret
476 4077 528 4129 diis
554 4078 684 4130 secundis.
717 4074 801 4129 Hudr.
818 4074 917 4128 Iunius.
935 4074 1058 4144 Erigyius
1066 4073 1299 4194 Mitlplenaeuserth

85 4139 140 4194 Sed
163 4139 359 4197 similitudinem
385 4145 521 4214 utriusque
544 4143 595 4198 loci
626 4162 683 4197 rur-
717 4143 831 4213 Larychi
853 4143 898 4210 fil,
917 4143 996 4214 paulo
1022 4149 1084 4195 ante
1134 4140 1225 4222 hilippi
1246 4135 1299 4208 regit

85 4225 128 4288 sus
146 4208 250 4264 elevare
267 4230 360 4282 cogor,
378 4213 449 4283 quod
466 4212 491 4264 h.
509 4211 527 4265 l.
545 4229 615 4266 nunc
631 4212 683 4265 fide
716 4220 838 4278 mortem,
857 4213 892 4266 ob
909 4209 1050 4266 amicitiam
1058 4209 1212 4277 Alexandri,
1224 4206 1296 4262 nau

84 4275 211 4331 hbrorum
227 4279 302 4333 leid.
319 4279 396 4333 Voss.
414 4289 432 4332 1·
445 4281 561 4334 BernA
578 4281 681 4334 Flanss
716 4280 795 4334 donia
811 4280 922 4348 eiectus,
949 4287 1042 4351 postea
1063 4294 1182 4333 reversus
1198 4284 1226 4331 et
1240 4289 1295 4346 equ

85 4344 172 4399 scribo
190 4349 282 4401 ducere
299 4365 349 4417 pro
367 4364 399 4402 eo
434 4349 489 4402 uod
505 4347 554 4400 tuit
572 4352 682 4403 duceret.
715 4355 773 4403 tum
791 4349 918 4404 sociorum
942 4349 1092 4420 praefectus
1116 4345 1146 4402 in
1166 4337 1294 4418 proeliati

84 4411 157 4468 Flor.
173 4415 200 4466 A
223 4415 365 4471 auctoritas
389 4366 469 4471 drihia
486 4423 544 4485 est,
566 4417 636 4488 quod
654 4416 682 4470 in
715 4418 823 4472 Arbela.
1345 4426 1347 4443 ²
