2926 5174
468 313 516 361 rm
543 309 667 362 ausrrs
693 311 801 361 Arna.
827 312 877 381 rr,
902 309 944 360 33.
1256 295 1327 365 275

123 495 231 596 666666
260 520 358 569 66663
391 520 480 570 neas
520 496 649 570 credidi
683 495 813 598 infelin,
848 509 877 569 et
906 495 1008 585 66666
1043 497 1113 572 6663
1145 511 1330 598 suspectam

122 608 214 701 66666,
248 608 337 708 qnod
360 632 425 682 non
456 609 526 706 66636
558 608 711 709 deferret,
744 608 803 680 sed
817 610 964 709 fratrem
989 610 1104 707 6666663
1128 610 1328 684 3666666666.

92 738 111 785 u
128 719 228 809 Timui,
254 744 296 792 ne
320 732 453 817 6666666
476 718 653 791 mandasse
678 743 747 791 3636
768 716 930 810 Cebalino,
956 730 986 791 et
1010 745 1068 819 666
1093 721 1224 795 uiderer
1250 721 1330 793 mal·

91 830 153 903 6663
177 829 355 904 annnorum
388 829 475 928 66663
505 829 617 932 fuisse
652 829 798 927 66666666
836 854 947 903 canna.
1008 829 1067 906 Sic
1098 857 1223 933 6666666
1255 856 1330 905 cana

124 939 249 1015 66366666
280 939 451 1031 neminen,
469 941 593 1033 inueni,
626 941 684 1040 666
715 940 824 1013 6666666
841 941 956 1038 perire
981 966 1047 1034 666,
1081 970 1183 1042 qaam
1209 943 1329 1017 ineol-

123 1076 187 1123 nem
209 1077 297 1126 esse:
324 1052 407 1151 66666
431 1053 679 1127 inimicitiarum
706 1052 837 1125 creditis
863 1065 1073 1151 6666666666
1089 1056 1210 1156 fnisse,
1223 1055 1256 1129 36
1279 1055 1328 1127 in-

91 1175 204 1236 16366663
234 1163 461 1238 lacessissent?
501 1163 661 1237 Ateium
685 1163 835 1237 Dirunas
861 1188 896 1236 36
922 1163 1059 1237 oceidit!
1102 1165 1327 1263 1666666666

114 1274 261 1372 loturam
286 1301 363 1349 earn
388 1275 539 1350 divinare
557 1274 679 1373 6666666
704 1274 856 1348 Minium
909 1274 962 1347 Ita
998 1276 1087 1375 qaod
1110 1277 1215 1350 366666
1241 1274 1327 1347 indi

121 1384 157 1458 666
167 1387 268 1484 666666
284 1387 386 1488 feeit,
418 1387 455 1460 id
479 1411 544 1480 666,
570 1412 645 1460 earn
671 1412 693 1460 a
721 1383 877 1462 Cebalino
900 1386 1120 1484 interpelletur
1146 1413 1236 1478 3666,
1261 1411 1327 1460 mo

121 1520 176 1570 6666
197 1524 260 1573 666
283 1511 424 1597 pote-rot.

91 1621 108 1669 ⁰
200 1611 245 1683 At
271 1610 414 1701 berenle,
444 1609 476 1682 36
500 1610 647 1683 66636663
672 1609 800 1683 Dinnno
827 1611 909 1682 tanti
942 1606 1072 1682 36666663
1093 1610 1253 1711 fuissem,
1280 1610 1373 1684 6639

121 1717 169 1792 dno
198 1722 249 1794 illo
275 1719 430 1818 6666666663
464 1746 531 1796 6336
565 1745 641 1811 663,
668 1719 880 1794 dissimulare
906 1744 972 1794 non
998 1719 1111 1792 debui:
1153 1719 1327 1797 Cebalinas

91 1829 173 1925 ’16636
194 1833 259 1906 6666
283 1833 325 1904 de
351 1831 458 1905 6666666
492 1833 642 1931 66666666
675 1832 800 1932 6666666
827 1832 943 1930 potnit.
996 1828 1151 1930 Denique
1170 1847 1250 1930 66636
1274 1833 1327 1905 de·

119 1940 199 2016 66666
222 1942 401 2033 indiciam,
427 1969 489 2044 666
509 1944 682 2043 peritarum
708 1969 815 2035 66666,
832 1940 1023 2021 ,6666666666
1049 1941 1137 2038 66663
1163 1943 1252 2018 36663
1277 1945 1325 2017 in-

119 2054 198 2147 66666,
224 2058 324 2158 ferro
363 2054 495 2153 quidem
535 2056 667 2131 6666663.
727 2053 798 2130 Car
830 2052 944 2127 6636666
964 2051 1129 2153 facium?
1166 2054 1226 2128 An
1256 2055 1327 2130 sine

91 2161 222 2239 2666666
247 2191 315 2239 non
341 2192 417 2239 3666
442 2165 567 2240 ausen?
592 2164 653 2242 Ille
678 2167 779 2267 666666
799 2165 960 2265 6666666663
985 2163 1219 2240 coniurationis
1234 2164 1326 2266 fnit!

117 2276 161 2348 366
181 2277 267 2351 66663
293 2277 413 2350 ambra
438 2277 582 2352 Pbilotas
598 2279 753 2370 ’66666666
780 2277 838 2377 qui
862 2301 1001 2374 6666666
1026 2274 1249 2351 Macedonum
1275 2279 1325 2378 af·

110 2387 195 2483 seen!
225 2387 353 2487 Ecquis
380 2413 397 2461 e
421 2389 510 2462 66663
535 2402 707 2486 6666666663
733 2402 781 2462 636
804 2385 921 2463 donis?
956 2412 1051 2487 66666
1077 2387 1202 2477 ducent,
1230 2412 1325 2486 66666

113 2503 295 2601 mauseolum
327 2499 510 2597 impensius
541 2501 648 2575 666666
682 2501 771 2574 Miln
804 2499 937 2600 66666666
969 2500 1131 2592 obiicitur,
1164 2499 1252 2598 66666
1276 2524 1325 2574 36·

117 2609 237 2684 66666666
261 2611 370 2710 patrii
394 2612 553 2686 36666663
578 2636 754 2709 esperone,
782 2613 871 2713 qnod
895 2614 1119 2690 Macedonum
1144 2635 1251 2685 666663
1267 2613 1326 2712 fo·

139 2813 158 2873 §-
175 2820 211 2867 17.
246 2817 389 2868 marzelasco
408 2818 475 2888 3636]
512 2816 556 2870 Sic
578 2815 648 2870 Flor.
666 2816 693 2868 Α
729 2815 764 2870 366
781 2818 930 2871 emendavit
947 2816 1062 2882 Medius,
1081 2832 1140 2868 cum
1158 2813 1240 2882 vulgo
1259 2812 1328 2866 etin

114 2874 170 2933 leid.
184 2883 260 2936 Voss,
280 2891 303 2950 1,
322 2883 367 2936 vul
386 2903 402 2937 ο
420 2887 560 2939 mandasse
577 2903 612 2938 36.
639 2884 694 2936 De·
729 2885 806 2940 editis
824 2894 851 2939 66
860 2886 888 2939 in
896 2883 1080 2954 manuscriptis
1094 2890 1163 2936 esset
1181 2883 1328 2951 operitnras

114 2947 201 3003 66666663
217 2952 288 3006 Flor.
307 2951 359 3006 DE
383 2953 425 3007 HI
442 2953 552 3007 Bermss
571 2972 603 3007 66
620 2971 694 3006 6666-
728 2948 1238 3024 66166)66666666663666631Ἑ166Ο
1272 2968 1328 3003 666-

115 3015 162 3069 6666
176 3031 293 3089 66663366
312 3039 348 3074 se.
729 3039 772 3075 sus
789 2973 944 3076 Mstodiamum
960 3021 1026 3075 illud
1039 3020 1171 3090 exprimit.
1193 3019 1242 3072 Aci
1262 3017 1327 3071 alius

139 3087 157 3152 §.
173 3094 208 3142 19.
243 3091 319 3142 Natu
336 3091 372 3159 66.
381 3093 521 3162 saetarum
538 3094 604 3160 euno]
622 3090 693 3145 Flor.
729 3093 794 3162 6666
810 3093 974 3162 6666666666663
993 3094 1083 3143 eram?
1109 3087 1215 3155 maluit,
1239 3088 1285 3140 sed
1306 3086 1327 3139 si

116 3147 244 3211 Gnontoc
263 3160 347 3227 666666
355 3168 406 3214 cet.
416 3160 523 3214 Medius
541 3161 695 3229 6666666666
729 3161 920 3213 emendandum
938 3167 992 3226 est,
1010 3167 1041 3212 ut
1058 3158 1162 3210 videtur
1180 3172 1248 3221 6336,
1265 3154 1329 3208 nihil

110 3217 223 3282 facturam
251 3244 309 3279 6666
335 3229 382 3281 boc
410 3237 438 3282 et
465 3236 575 3284 annotat
602 3229 639 3281 sic
666 3244 695 3280 se
731 3229 817 3310 aptius
836 3247 914 3299 quam
934 3230 1004 3298 quod
1014 3227 1120 3282 Medius
1138 3220 1230 3292 voluit,
1252 3241 1330 3277 exco-

115 3294 250 3347 emendasse.
286 3295 383 3349 Melius
400 3315 463 3352 vero
480 3298 551 3352 Flor.
570 3295 603 3351 G.
621 3297 695 3349 Idem
730 3298 808 3378 gnari
825 3305 922 3368 potest.
956 3299 1076 3368 Denique
1093 3302 1190 3363 autem,
1211 3294 1331 3365 quodest

114 3353 170 3440 Mod.
185 3364 298 3417 Minime
306 3364 416 3434 omittit,
434 3366 489 3420 sine
506 3367 695 3420 1666666636-
731 3386 757 3419 m
775 3365 912 3438 principio,
932 3365 1050 3421 codicum
1067 3365 1182 3420 omnium
1192 3363 1330 3418 auctorita-

116 3431 223 3485 mnata.
730 3444 784 3487 tem
806 3444 909 3489 secutus
926 3436 991 3489 item
1009 3454 1068 3489 cum
1085 3433 1178 3488 Medio
1196 3452 1244 3504 pro
1261 3432 1331 3502 vulg.

139 3514 217 3554 66666
240 3501 300 3555 Ceb.
319 3503 499 3573 interpellatus
516 3523 581 3558 3666.
609 3503 696 3573 Supra
732 3504 824 3567 deinde
841 3504 919 3558 edidi.

116 3571 169 3620 668
192 3587 243 3623 non
272 3572 342 3623 66666
372 3574 589 3642 6666666666666666
612 3580 695 3625 ratas.
767 3576 791 3638 §.
810 3580 851 3626 22.
886 3574 927 3627 Ec
945 3575 987 3627 663
1006 3591 1018 3626 6
1036 3575 1115 3628 vobis.
1153 3573 1194 3625 Ec
1212 3573 1254 3625 663
1277 3570 1320 3624 edi

116 3627 154 3685 Sed
161 3636 182 3688 h.
190 3637 207 3692 l.
219 3637 391 3708 interpellare
407 3641 477 3694 idem
495 3642 550 3694 fere
560 3648 601 3694 est
614 3647 694 3710 atque
729 3641 822 3694 derant
840 3641 903 3694 olim
948 3643 995 3695 dus
1010 3651 1038 3696 et
1046 3641 1145 3708 Iunius,
1164 3590 1211 3694 sed
1218 3640 1330 3711 relinqui

116 3703 232 3774 appellare,
252 3706 359 3777 alloqui,
378 3710 425 3762 sed
442 3718 600 3764 tamencum
614 3707 694 3778 signi-
729 3705 816 3780 coepti
848 3718 910 3764 sunt
941 3712 974 3765 ab
1000 3710 1190 3764 recentioribus
1222 3707 1328 3763 editori-

115 3764 214 3827 tatione
232 3774 376 3830 molestiae.
728 3779 785 3830 bus.
829 3779 902 3832 Male
925 3798 941 3832 ο
961 3780 1026 3834 inor.
1053 3781 1123 3834 Nam
1149 3788 1174 3831 et
1199 3779 1271 3847 6663,
1299 3785 1328 3829 ut

130 3836 257 3913 Cap.39,§.
265 3851 307 3897 20.
317 3847 352 3899 At
362 3849 472 3900 6666666.
482 3847 609 3901 Hercules
619 3845 694 3900 codd.
729 3863 799 3899 nunc
834 3849 888 3901 fere
923 3799 1027 3916 editur,
1062 3850 1160 3919 pingue
1195 3845 1328 3916 quoddam

114 3897 165 3963 Flor.
180 3912 258 3966 ABG
275 3913 356 3968 Bern.
375 3915 408 3968 A.
435 3915 489 3969 Sed
509 3915 615 3970 Curtius
633 3913 695 3967 alibi
729 3917 882 3969 transeundi
923 3934 1005 3987 genus
1039 3915 1132 3969 merita
1167 3912 1326 3978 censebitur,

114 3981 510 4052 r¹011soletdicerenisiberenie,
529 3990 695 4054 6636666666
730 4001 782 4064 quo
804 3983 883 4056 longe
905 3985 996 4038 melius
1019 3993 1060 4038 636
1076 3983 1156 4055 ipsius
1182 3981 1273 4035 statim
1289 3981 1327 4034 rei

113 4046 241 4103 ⁸elevatur
259 4051 334 4104 codd.
353 4053 501 4106 auctoritas.
538 4052 579 4107 cf.
598 4054 694 4118 adm,
731 4068 786 4104 sine
808 4053 991 4108 coniunctione
1016 4049 1234 4106 commemoratio.
1274 4049 1327 4103 Co-

112 4110 196 4181 19310-
728 4121 815 4174 dicum
841 4130 929 4176 autem
954 4122 981 4175 in
1007 4122 1057 4174 hac
1082 4120 1210 4172 varietate
1234 4117 1327 4170 diiudi-

134 4188 184 4239 tolli
201 4190 233 4240 de
250 4189 333 4241 medio
350 4191 470 4258 66666666
485 4192 584 4260 necatio
596 4190 692 4259 6666666.
728 4193 812 4245 canda
829 4192 928 4245 nullam
944 4189 1133 4261 propemodum
1150 4204 1206 4240 6336
1216 4185 1328 4240 auctori·

107 4240 223 4308 Adicitur
249 4273 299 4335 666
324 4256 350 4310 in
378 4259 453 4311 codd.
481 4260 535 4312 fere
562 4258 692 4323 omnibus,
728 4270 812 4316 tatem
829 4266 950 4327 constat,
969 4260 1013 4311 sed
1032 4258 1053 4311 si
1070 4273 1159 4310 omnes
1177 4262 1329 4309 constanter

106 4323 190 4377 Π036663
211 4325 317 4395 qmdem
344 4334 415 4379 certe
441 4336 548 4397 practer
569 4328 640 4380 Flor.
662 4326 693 4379 F.
729 4333 828 4402 etquis
860 4327 1030 4393 exhiberent,
1059 4325 1214 4379 dubitarem.
1249 4322 1329 4376 Nunc

103 4373 206 4461 Explica
227 4392 310 4462 igitur
334 4404 357 4447 et
373 4397 445 4449 66666
463 4399 565 4466 quidem
582 4397 692 4465 66666666.
729 4399 862 4470 Haerqais
880 4396 995 4463 Flora,
1013 4397 1099 4467 Equis
1109 4393 1180 4447 Flor.
1190 4393 1223 4462 B,
1242 4393 1328 4463 666663

132 4462 203 4526 §.th
241 4477 291 4530 666
304 4466 438 4531 6666666663
457 4482 535 4519 eram
570 4464 694 4519 Felieiter
729 4466 803 4520 Laid.
821 4467 897 4522 Voss.
917 4471 939 4517 1.
958 4471 983 4519 2.
1000 4465 1071 4518 Flor.
1090 4461 1122 4518 G.

1127 4551 1174 4603 18*
