2926 5174
370 268 380 289 .
410 317 457 367 aa
483 316 610 368 aasrrs
643 315 752 367 arax.
779 318 829 388 1v,
857 319 900 370 17.
1227 306 1276 377 85

15 496 309 596 opportunitate
353 496 500 573 dimissa.
567 497 738 574 Ceterum
782 512 858 574 tam
903 501 1086 576 discedere
1125 506 1275 598 irritum,

16 631 117 705 quam
151 607 310 680 morari
343 608 515 706 pudebat;
558 612 694 684 famam
726 637 886 709 quoqne,
928 638 1000 711 qua
1030 616 1136 711 plura
1167 643 1275 713 quam

17 719 115 791 armis
146 728 371 810 everterat,
396 731 493 794 ratus
518 721 694 794 leviorem
717 723 814 815 lore,
849 725 879 796 si
906 723 1061 824 Tyrum,
1098 727 1199 822 quasi
1225 739 1275 800 te·

19 840 98 903 stem
126 855 170 902 se
201 855 327 928 posse
352 831 452 923 vinci,
477 832 689 928 reliquisset.
724 833 837 932 Igitur
863 861 909 909 ne
935 835 1021 932 quid
1046 837 1276 934 inexpertum

21 940 210 1030 omitteret,
242 942 373 1038 plures
398 968 506 1016 naves
529 941 716 1017 admoveri
740 946 850 1036 iubet,
877 945 1105 1043 delectosque
1124 948 1276 1021 militum

8 1050 151 1148 liuponi.
193 1050 253 1124 Et
283 1053 379 1125 forte
403 1054 508 1126 belua
532 1053 725 1129 inusitatae
751 1056 1017 1153 magnitudinis,
1044 1083 1152 1156 super
1177 1059 1275 1157 ipsos

24 1161 137 1234 fluctus
176 1161 307 1235 dorso
343 1164 514 1255 eminens,
550 1163 598 1237 ad
630 1165 777 1256 molem,
813 1193 920 1264 quam
945 1165 1160 1242 Macedones
1186 1170 1274 1244 iece-

27 1284 102 1363 rant,
124 1274 270 1372 ingens
304 1299 432 1372 corpus
458 1275 639 1373 applicuit,
666 1275 972 1374 diverberatisque
998 1278 1165 1353 fluctibus
1192 1281 1274 1354 alle·

30 1406 104 1456 vans
129 1396 267 1474 semet,
300 1386 477 1482 utrimque
503 1397 699 1485 conspecta
725 1399 798 1460 est:
825 1386 954 1461 deinde
981 1415 1003 1461 a
1028 1392 1144 1488 capite
1171 1392 1274 1465 molis

10 1516 130 1566 rursus
162 1497 251 1568 alto
296 1519 338 1566 se
370 1496 555 1588 immersit,
598 1523 641 1570 ac
676 1498 784 1571 modo
824 1523 932 1596 super
962 1499 1078 1572 undas
1114 1502 1273 1575 eminens

30 1627 134 1702 magma
162 1607 230 1679 sui
261 1617 391 1704 parte,
422 1607 529 1682 modo
562 1611 759 1707 superfusis
783 1609 951 1684 fluctibus
979 1609 1139 1702 condita,
1175 1611 1274 1685 haud

25 1718 124 1810 procul
161 1718 419 1790 munimentis
450 1720 548 1793 urbis
575 1721 730 1793 emersit.
784 1718 953 1816 Utrisque
979 1724 1094 1796 laetus
1120 1722 1188 1794 fuit
1213 1723 1273 1796 be·

9 1824 77 1900 lluae
112 1838 332 1926 aspectus:
371 1827 585 1905 Macedones
619 1832 689 1904 iter
723 1829 884 1903 iaciendo
919 1833 1019 1928 operi
1052 1841 1272 1906 monstrasse

23 1940 319 2036 augurabantur,
354 1938 451 2039 Tyrii
484 1939 710 2041 Neptunum,
746 1941 910 2038 occupati
944 1942 1052 2013 maris
1084 1940 1272 2034 vindicem,

22 2048 206 2149 abripuisse
268 2051 436 2142 beluam,
484 2079 525 2126 ac
564 2054 698 2126 molem
745 2051 849 2125 brevi
886 2053 1046 2148 profecto
1085 2052 1271 2126 ruituram.

21 2154 170 2260 laetique
206 2161 346 2234 omine
372 2187 413 2235 eo
439 2162 486 2235 ad
511 2165 636 2261 epulas
663 2162 790 2260 dilapsi
816 2186 1011 2235 oneravere
1025 2163 1172 2253 sevino,
1200 2189 1271 2260 quo

20 2293 120 2365 graves
149 2284 254 2346 orto
292 2273 368 2345 sole
393 2272 534 2372 navigia
560 2271 824 2362 conscendunt,
850 2271 1015 2345 redimita
1039 2273 1187 2347 floribus
1214 2300 1270 2346 co·
1314 2342 1319 2348 .

21 2385 184 2484 rosisque:
219 2382 331 2459 adeo
356 2384 524 2457 victoriae
549 2410 625 2458 non
652 2410 757 2457 omen
783 2383 902 2474 modo,
930 2384 993 2459 sed
1021 2385 1129 2458 etiam
1149 2396 1270 2481 gratu-

20 2488 165 2571 lationem
196 2504 485 2593 praeceperant.

93 2607 215 2680 Forte
261 2628 340 2677 rex
370 2606 517 2678 classem
551 2607 589 2677 in
623 2603 802 2678 diversam
836 2616 977 2703 partem
1011 2608 1070 2705 agi
1103 2608 1317 2698 iusserat,18

20 2716 138 2814 tigna
166 2715 396 2790 minoribus
422 2717 571 2813 navigiis
598 2717 729 2789 relictis
755 2717 793 2788 in
818 2717 938 2789 litore:
966 2742 985 2789 e
1012 2719 1141 2812 quibus
1169 2718 1269 2816 Tyrii

20 2822 133 2902 duobus
162 2827 323 2926 captiS,
353 2835 469 2898 cetera
493 2826 630 2923 ingenti
656 2837 863 2899 terruerunt
887 2837 1003 2916 metu,
1030 2826 1161 2918 donec,
1188 2853 1268 2900 suo·

20 2959 79 3010 rum
102 2944 279 3014 clamore
313 2934 455 3027 audito,
493 2936 703 3009 Alexander
729 2937 879 3008 classem
904 2937 1018 3026 litori,
1055 2963 1173 3033 aquo
1200 2939 1267 3010 fre·

51 3155 69 3220 §.
84 3161 106 3208 3.
123 3157 195 3211 belua
212 3156 246 3210 in
272 3151 390 3223 optimis
406 3152 477 3207 libris
486 3172 545 3207 mss.
564 3153 627 3206 scri-
663 3149 746 3205 δυοῖν
763 3152 877 3223 licetque
897 3152 976 3206 flores
985 3161 1014 3205 ct
1023 3169 1146 3220 coronae,
1156 3169 1268 3206 coronae

24 3218 82 3275 bitur
95 3223 201 3296 simplici
220 3229 245 3292 l,
303 3221 360 3273 uod
380 3220 422 3273 vel
439 3239 495 3275 eam
514 3224 548 3276 ob
566 3240 627 3275 cau·
660 3230 689 3275 et
709 3221 787 3274 flores
813 3239 862 3292 pro
886 3222 988 3274 coronio
1002 3223 1114 3291 storum.
1150 3220 1268 3292 sequti

21 3305 62 3343 aar
79 3295 155 3362 probo
172 3295 248 3366 quia
312 3306 373 3342 arro
390 3306 430 3359 ap.
447 3290 566 3345 Nonium
583 3305 628 3356 111,
662 3307 731 3346 nunc
748 3292 773 3342 h.
792 3290 809 3342 l.
828 3289 865 3343 sic
880 3289 946 3342 item
964 3288 1072 3343 Curtius
1089 3305 1118 3358 v,
1136 3297 1161 3344 3.
1178 3305 1220 3357 1x,
1233 3296 1266 3344 42

18 3362 42 3411 tt
55 3375 104 3415 eam
119 3381 218 3418 vocem
239 3356 403 3427 disyllabon
420 3360 507 3426 habet,
522 3359 550 3411 id
557 3360 628 3428 quod
662 3359 710 3412 bis.

16 3424 58 3480 ini
72 3440 138 3487 certe
156 3451 220 3488 non
242 3433 351 3501 posset
367 3425 388 3479 si
405 3430 415 3479 l
431 3428 564 3498 geminata
581 3445 626 3480 au·
697 3427 763 3497 Cap.
774 3434 815 3493 18,
834 3430 859 3493 5.
872 3433 895 3480 t.
914 3429 1013 3496 ingenti
1031 3437 1178 3480 terruerant
1187 3428 1266 3498 oreta]

15 3493 102 3553 litetur.
663 3495 782 3565 Tempus
837 3495 951 3549 rfectum
971 3496 1051 3565 longe
1073 3495 1178 3566 plurimi
1196 3495 1267 3549 codi-

37 3568 85 3633 §.t.
102 3571 165 3623 aboi
208 3569 277 3620 isse
290 3563 407 3632 beluam]
425 3562 566 3617 Sententia
575 3581 627 3616 non
662 3581 705 3618 ces
726 3572 755 3616 et
808 3563 861 3617 odii
883 3563 978 3628 editio,
1006 3563 1086 3634 vulgo
1109 3575 1266 3631 terruerant,

12 3643 121 3705 mtstur,
139 3654 204 3693 sive
225 3631 285 3687 vul
325 3637 383 3709 tqm
400 3631 628 3712 empuissereti-
658 3633 733 3753 guod
751 3650 805 3685 non
822 3639 863 3684 est
885 3631 933 3685 nisi
951 3632 979 3685 in
996 3632 1068 3686 Flor.
1086 3633 1108 3686 Ι.
1138 3634 1266 3686 Terracre

12 3716 68 3825 dddd.
82 3719 257 3830 sggmqrqae
263 3705 446 3822 Luqddonsd.
465 3709 625 3822 olptl'llldrm}
684 3701 781 3838 ednquld
793 3699 1079 3838 {dddtitdldiacciderct
1096 3800 1132 3848 —·
1142 3770 1234 3847 prima
1253 3786 1266 3821 e

12 3840 138 3907 [uteletas
156 3844 258 3897 Bern.
271 3833 385 3890 BFlor.
393 3836 457 3907 ΕΗ)
476 3838 625 3905 strepuisse
658 3837 732 3890 Mac.
759 3839 880 3905 navibus]
913 3837 1003 3907 Vulgo
1024 3844 1134 3889 mutatrs
1161 3837 1265 3888 sedibus

12 3909 105 3980 wnigis.
122 3913 207 3967 Flor.
230 3907 262 3961 B
287 3905 434 4026 empuisslqb
450 3905 624 4026 ·P³i¹,¹,‘³dp⁰⁸t
641 3921 643 3925 ·
658 3904 866 4006 praepositiones
893 3904 986 4006 iniquq
1015 3903 1074 3957 loco
1099 3903 1202 4024 Ῑέοείῐᾳθ
1226 3902 1266 4022 ld:

12 3979 158 4117 titt,
174 3981 625 4118 tt..⁰ttt⁶...ta..¹..·..t
659 3983 871 4096 Ξὲἓιῗὲὲέἕὲἵ
882 3981 1265 4108 titillatatssttt!

12 4108 106 4170 llosl}
130 4136 175 4172 ac.
240 4109 300 4166 sie
327 4114 407 4160 enam
431 4109 495 4163 editi
520 4109 583 4162 inde
608 4127 625 4161 a
658 4111 707 4164 bus
730 4128 798 4164 unus
825 4117 930 4163 tantum
953 4108 1025 4162 Flor.
1049 4105 1082 4158 G.
1110 4124 1169 4159 cum
1191 4106 1263 4176 vulg.

12 4181 113 4255 orindpe,
131 4205 148 4240 a
170 4181 293 4266 quibus
312 4192 373 4254 non
386 4176 494 4232 discedo.
658 4178 804 4245 consentit,
832 4177 933 4248 aliquot
959 4184 1049 4256 tamen
1077 4173 1160 4238 (Flor.
1189 4174 1264 4255 DFI

36 4254 56 4314 S.
70 4261 90 4307 5.
107 4255 245 4324 florebas
274 4246 443 4315 coronasque]
474 4245 518 4300 Sic
535 4262 625 4300 omnes
657 4264 717 4301 cum
734 4246 792 4300 Pal.
812 4250 839 4316 l)
857 4265 906 4316 pro
917 4260 1037 4320 pransae
1053 4242 1152 4321 habent
1164 4260 1262 4311 promo.

12 4312 59 4370 libri
76 4324 157 4377 nostri
179 4328 216 4373 et
240 4311 340 4369 Snak·
362 4329 409 4379 pro
429 4314 499 4385 vulg.
521 4315 624 4368 coronis
659 4315 713 4369 Sed
742 4314 841 4384 legitur
866 4321 1004 4384 praeterea
1030 4327 1058 4360 m
1085 4311 1170 4364 tnbus
1192 4309 1264 4390 Flor.

13 4384 155 4460 tortaque.
210 4385 278 4441 Est
314 4379 382 4430 haec
405 4380 487 4451 figura
517 4386 549 4434 ἓν
578 4378 624 4434 διὰ
658 4383 732 4438 Assc
756 4383 838 4436 Bern.
864 4384 891 4434 A
911 4379 986 4434 Leid.
1008 4377 1088 4434 Voss.
1104 4386 1116 4430 1
1135 4380 1264 4448 fremztas
