2926 5174
105 348 110 359 ·
187 297 236 368 46
657 314 692 376 Q·
720 312 845 366 censu
869 312 955 364 aum

136 500 185 573 28
293 495 373 569 Hac
404 505 479 569 tam
511 518 683 592 prospera
717 521 840 594 pugna
873 495 1054 583 nuntiata,
1092 489 1318 585 Alexander,
1355 516 1447 570 nonu

187 618 272 683 ante
299 632 407 681 ausus
433 605 599 704 persequi
623 606 817 698 barbaros,
852 606 1030 701 utrimque
1055 603 1128 676 iam
1153 604 1273 677 victor
1297 605 1418 681 instare

186 719 405 817 fugientibus
431 717 558 814 coepit.
617 715 904 817 Haudamplius
929 739 1053 813 regem
1079 740 1186 812 quam
1211 716 1312 791 mille
1337 719 1447 814 eqni-u

186 841 243 905 tes
283 828 542 925 sequebantur,
582 852 663 923 curn
701 828 826 925 ingens
861 825 1052 904 multitudo
1084 827 1245 899 hostium
1281 825 1420 901 caderet.

188 937 262 1015 Sed
289 939 367 1037 quis
394 939 511 1013 autin
531 937 691 1027 victoria,
718 948 781 1010 aut
799 937 837 1009 in
862 938 949 1034 fuga
974 937 1095 1034 copias
1120 936 1315 1010 numerat?
1342 936 1420 1035 Age·

187 1053 321 1126 bantur
348 1075 433 1147 ergo
460 1076 482 1122 a
507 1059 583 1122 tam
608 1049 733 1145 paucis
757 1072 927 1144 pecorum
957 1045 1082 1138 modo,
1114 1058 1152 1120 et
1182 1047 1283 1121 idem
1309 1057 1421 1138 metus,

189 1164 249 1260 qui
275 1162 427 1258 cogebat
452 1163 587 1258 fugere,
613 1160 790 1257 fugientes
825 1159 1042 1232 morabatur.
1108 1157 1161 1230 At
1188 1154 1337 1249 Graeci,
1375 1158 1421 1255 qui
1431 1175 1450 1224 n

186 1274 225 1347 in
250 1272 360 1346 Darei
385 1272 547 1369 partibus
575 1281 759 1361 steterant,
784 1269 947 1368 Amynta
973 1268 1073 1358 duce,
1100 1266 1265 1367 (praetor
1283 1269 1342 1342 hic
1354 1267 1421 1342 Ale·

189 1383 321 1460 xandri
346 1384 473 1472 fuerat,
500 1391 586 1454 tunc
612 1374 812 1478 transfuga)
839 1380 982 1476 abrupti
1009 1378 1195 1468 aceteris,
1222 1379 1326 1452 haud
1351 1404 1421 1453 sane

189 1495 408 1593 fiigicntibus
436 1492 566 1566 similes
592 1500 793 1566 evaserant.
852 1490 1002 1564 Barbari
1032 1492 1138 1587 longe
1175 1487 1360 1565 diversam
1381 1492 1449 1563 nr

190 1632 275 1705 gam
300 1602 548 1676 intendemnt:
587 1604 660 1692 alii,
701 1628 771 1699 qua
796 1613 936 1678 rectum
960 1603 1028 1675 iter
1053 1603 1090 1673 in
1117 1599 1309 1674 Persidem
1335 1600 1420 1675 duce·

188 1718 271 1807 bat,
299 1713 444 1812 quidam
470 1714 618 1786 circuitu
643 1739 750 1811 rupes
777 1714 960 1809 saltusque
985 1713 1161 1786 montium
1188 1716 1352 1788 occultos
1376 1739 1420 1812 pe

189 1828 314 1916 tivene,
341 1825 446 1922 pauci
472 1834 590 1897 castra
615 1823 733 1897 Darei.

188 2078 299 2132 roniano
316 2093 390 2131 more
406 2076 481 2128 illum
498 2079 529 2129 id
543 2093 626 2145 qenes
645 2092 793 2144 aqmeovo-
827 2092 949 2128 numeras
981 2092 1105 2144 pecorum
1146 2075 1328 2130 trucidandus
1360 2084 1418 2141 esset,

188 2145 268 2198 luisse
286 2145 401 2211 scribat,
428 2145 533 2198 Modius
560 2143 673 2214 denique
699 2161 792 2212 aqmen
828 2143 936 2198 Curtius
945 2158 1010 2209 vm,
1022 2150 1054 2197 50
1065 2143 1224 2212 (elephanti)
1239 2162 1364 2212 pecorum
1379 2161 1419 2197 mo·

190 2216 261 2282 quod
275 2231 357 2282 qenes
376 2212 476 2279 edidit,
504 2213 550 2264 sed
576 2211 604 2263 in
630 2210 700 2264 notis
725 2214 795 2279 qaod
828 2215 861 2264 do
878 2213 963 2280 maqis
976 2214 1071 2280 pauidi
1080 2229 1157 2279 qaam
1168 2214 1265 2281 infesti
1274 2215 1345 2266 altra
1354 2215 1419 2266 aciem

188 2299 272 2351 penas
290 2282 397 2334 obtorto
421 2280 495 2350 quasi
513 2279 579 2332 collo
597 2281 632 2331 ad
652 2281 792 2332 'Iltessalos
828 2281 1006 2348 eaiqebaotar,
1025 2295 1053 2346 v,
1072 2287 1104 2334 31
1128 2282 1262 2349 reliquum
1281 2299 1371 2352 aqmen
1382 2299 1418 2351 pc·

189 2350 290 2402 referre
298 2348 447 2419 temptavit.
470 2349 572 2417 Aqmea
581 2347 700 2416 intelligo
708 2347 794 2417 ipsum
828 2351 921 2401 cadam
939 2366 1009 2400 marc
1027 2350 1161 2417 aqcbatur.

191 2416 347 2487 equitatum,
366 2416 438 2470 cuius
456 2433 560 2469 omnem
577 2415 704 2468 virtutem
719 2434 793 2485 pror·
863 2419 885 2484 ξ.
907 2421 947 2468 18.
973 2421 1083 2486 fuerat,
1111 2426 1171 2469 turm
1199 2420 1355 2488 transfuqa]
1387 2415 1421 2470 Sic

190 2503 234 2538 sus
260 2494 332 2538 recte
358 2493 387 2538 et
414 2486 558 2554 prudenter
576 2482 640 2537 dicit
657 2483 684 2536 in
703 2483 793 2537 celeri-
827 2483 1176 2552 ModiusetSchmiederus3
1196 2485 1283 2556 vulgo
1298 2486 1421 2539 enimoon-

190 2560 249 2612 tate
267 2553 416 2607 consistere.
436 2552 561 2606 Ceterum
570 2555 719 2605 lamnarum
736 2569 793 2605 esse
826 2561 870 2605 tra
895 2552 1021 2606 librorum
1047 2553 1236 2607 auctoritatem
1263 2563 1293 2608 et
1311 2553 1420 2608 sermonis

191 2621 287 2674 dicitur
312 2621 340 2673 in
367 2620 436 2672 Dan.
454 2622 530 2675 Voss.
551 2631 562 2672 1
583 2620 657 2673 Leid.
675 2628 703 2674 et
720 2621 792 2673 Flor.
826 2620 916 2674 Latini
933 2630 1074 2692 praecepta
1083 2624 1164 2743 ζωὴ,
1193 2641 1267 2685 nanc
1287 2626 1420 2694 transsuqo.

190 2689 302 2755 Heinsii,
330 2689 357 2742 in
374 2689 438 2741 meis
456 2705 518 2742 vero
535 2688 655 2742 omnibus
674 2691 793 2760 (praeter
827 2688 881 2742 Sed
903 2691 974 2759 quod
995 2689 1065 2742 idem
1103 2690 1216 2743 chmied.
1235 2710 1301 2746 mox
1318 2693 1420 2762 abruptis

190 2758 270 2811 Bern.
280 2759 320 2828 A)
338 2759 349 2810 i
366 2757 462 2811 vocalis
480 2757 593 2810 additur.
611 2758 713 2810 Eadem
730 2758 793 2811 scri·
827 2760 918 2810 ceteris
936 2759 1038 2811 mavult
1054 2777 1102 2829 pro
1119 2775 1151 2811 eo
1168 2761 1244 2830 quod
1263 2761 1369 2832 legimus
1384 2760 1420 2812 ab·

189 2834 285 2898 pturae
302 2827 415 2879 varietas
433 2834 474 2878 est
491 2827 561 2906 apud
578 2824 637 2879 Liv.
654 2833 791 2894 xxn1,19,
826 2828 899 2894 rapti
916 2844 933 2878 a
952 2829 1057 2894 ceteris,
1076 2826 1189 2895 erravit,
1219 2847 1285 2883 nam
1302 2828 1420 2902 pauciores

190 2893 561 2948 ubiDralrenb.Gronov1um
579 2902 683 2947 secutus
701 2903 794 2948 contra
828 2911 844 2946 a
860 2893 978 2964 pluribus
996 2896 1189 2965 abmmpuntur
1198 2896 1256 2951 sive
1266 2898 1418 2960 divelluntur,

191 2963 265 3016 codd.
287 2970 318 3016 ut
336 2963 441 3016 videtur
467 2981 526 3017 suos
552 2970 714 3016 contractam
741 2964 794 3017 for·
827 2969 859 3015 ut
876 2977 915 3025 IV,
934 2968 976 3029 58,
995 2970 1027 3016 22
1051 2967 1132 3033 plora
1160 2966 1280 3034 obrupta
1305 2965 1416 3020 arcteris

189 3048 258 3084 mam
277 3031 413 3102 expressit.
425 3031 616 3102 cataphractos
634 3050 653 3085 s.
669 3032 793 3085 loricatos
828 3032 935 3099 aqmz'ao
953 3033 1097 3101 ubicunque
1119 3035 1204 3085 alium
1228 3037 1283 3088 alii
1297 3037 1353 3105 jors
1374 3032 1416 3083 mi·

190 3100 358 3170 appellabant
368 3099 463 3153 Graeci
480 3108 572 3170 postca
589 3100 617 3152 in
625 3100 690 3153 Asia
707 3117 792 3169 reges,
828 3107 933 3150 scuerat
951 3101 1118 3153 dimicabant.
1146 3100 1308 3157 Ceteruma
1333 3117 1372 3156 rae
1413 3139 1419 3151 .

190 3168 224 3220 de
250 3186 302 3238 qua
326 3186 356 3221 re
382 3169 413 3221 cf.
440 3169 526 3238 ipsum
552 3168 675 3222 Curtium
697 3184 740 3235 ιν,
759 3173 793 3222 35
828 3167 903 3219 deest
920 3166 948 3218 in
964 3167 1035 3220 Flor.
1054 3168 1146 3221 BDE
1165 3170 1200 3237 (a
1218 3189 1261 3240 pr.
1280 3122 1370 3243 mli*
1408 3166 1420 3220 I

190 3238 318 3305 equitibus
345 3239 468 3304 equisque
494 3246 638 3305 tharncnta
663 3246 739 3288 crunt
763 3253 794 3288 ea
828 3235 908 3287 Bern.
927 3235 961 3301 B,
979 3236 1002 3289 F
1004 3236 1050 3289 lor.
1068 3237 1092 3289 B
1111 3236 1191 3290 etiam
1210 3241 1311 3294 obruti.

180 3305 285 3373 ferreis
303 3305 410 3356 laminis
429 3305 496 3355 serie
515 3307 582 3355 inter
600 3321 627 3356 se
645 3305 776 3356 connexis.
863 3306 886 3371 ξ.
906 3309 946 3356 19.
982 3307 1093 3358 circuita
1110 3307 1201 3376 rupes]
1241 3307 1343 3362 Omnes
1359 3304 1421 3361 cedd

225 3364 318 3422 maltos
336 3371 542 3440 occupaverant]
578 3370 649 3423 Flor.
667 3371 694 3423 A
719 3370 792 3423 Leid.
827 3373 912 3439 rapis,
931 3373 1003 3441 quod
1020 3389 1054 3425 ex
1071 3380 1160 3425 vetere
1169 3375 1362 3444 pronuntiandi
1370 3371 1420 3428 scri·

190 3436 293 3492 Voss.1
314 3438 589 3505 iaaltioccupaoeram
602 3440 648 3507 (de
665 3456 717 3508 qua
733 3456 793 3508 per-
826 3439 959 3510 bendique
976 3440 1078 3494 ratione
1104 3440 1166 3494 alibi
1193 3443 1253 3496 fere
1281 3445 1421 3499 oblitterata

190 3502 337 3558 mutatione
354 3503 415 3556 vide
423 3504 528 3573 adv1,l
559 3512 602 3573 n),
621 3506 700 3560 ceteri
718 3508 793 3561 codd.
827 3509 898 3579 apud
925 3508 1047 3561 Curtium
1071 3517 1198 3580 superest.
1242 3513 1321 3567 Haec
1346 3519 1421 3564 autem

190 3569 277 3652 nostri
302 3574 394 3652 malti,
420 3589 488 3626 unus
513 3524 584 3627 Fllr.
603 3573 629 3628 G
646 3592 706 3629 cum
733 3577 792 3629 edd.
827 3577 912 3629 forma
928 3576 997 3629 male
1014 3576 1148 3631 intellecta
1165 3595 1247 3632 causa
1264 3581 1327 3648 fuit,
1345 3583 1421 3634 curel

190 3640 253 3694 mde
270 3657 286 3692 a
303 3657 421 3711 pnnerpe
438 3644 539 3696 maltos.
571 3642 658 3706 Quam
675 3650 793 3698 veterem
827 3643 971 3697 deteriores
997 3646 1072 3698 codd.
1099 3654 1127 3699 et
1153 3647 1214 3699 edd.
1241 3649 1367 3720 antiquae
1382 3651 1419 3699 aut

191 3706 380 3762 correctionem
397 3709 512 3781 recipere
520 3710 688 3782 maluiquam
698 3730 793 3767 novam
827 3714 963 3765 circuitum
981 3721 1028 3765 aut
1045 3715 1170 3767 circuitus
1207 3717 1349 3771 referrent.
1379 3714 1419 3768 Oe·

190 3783 246 3831 tem
264 3783 329 3830 tare.
441 3815 447 3834 .
826 3788 914 3833 terum
931 3782 1003 3851 quod
1020 3782 1053 3834 ad
1071 3781 1172 3835 scriben
1190 3802 1201 3835 1
1219 3785 1353 3840 rationem
1368 3781 1419 3836 atti·

249 3862 290 3916 ap.
300 3851 343 3913 28,
362 3849 385 3915 ξ.
402 3852 442 3898 11.
461 3849 576 3919 caderet]
595 3849 728 3902 Acidalius
746 3869 792 3903 vo·
826 3856 882 3914 net,
906 3850 957 3902 hoc
974 3848 1079 3919 quidem
1096 3850 1153 3903 loco
1170 3851 1244 3904 Flor.
1264 3855 1293 3906 A
1310 3849 1419 3908 Beral

187 3913 261 3967 lebat
279 3918 394 3981 cederem
419 3915 465 3966 sed
488 3923 577 3986 potest
595 3918 660 3970 illud
678 3918 791 3984 defendi,
826 3916 901 3969 Leid.
909 3918 986 3970 Voss.
998 3925 1010 3969 1
1023 3920 1167 3984 circumita,
1186 3919 1297 3975 Flor.B
1312 3921 1417 3982 circuita,

187 3990 220 4036 ut
237 3998 323 4038 sermo
346 3982 382 4036 sit
405 3983 439 4034 de
455 3986 641 4056 persequendis
668 3985 744 4038 simul
762 3994 791 4039 et
826 3986 873 4037 sed
898 3985 1004 4055 reliquis
1030 3986 1102 4039 Flor.
1128 3994 1157 4038 ct
1174 3987 1258 4049 Bern.
1287 4005 1374 4044 omnes
1396 3985 1418 4037 in

188 4052 328 4106 caedendis
344 4050 472 4106 hostibus.
825 4054 990 4108 substantivo
1016 4054 1132 4107 litteram
1158 4073 1183 4107 m
1210 4055 1350 4124 omittunt,
1374 4053 1417 4108 rid

235 4136 343 4181 ¹ecorum
360 4122 444 4185 moda,
462 4123 633 4190 nonpecorr's,
652 4138 715 4174 nam
731 4122 790 4192 plu·
825 4136 877 4188 vu,
899 4129 1051 4188 14,1x,12.
1070 4123 1189 4176 Verbum
1208 4133 1303 4179 contra
1322 4128 1417 4179 circam·

230 4185 251 4239 ’s
277 4187 353 4242 huius
378 4188 453 4242 verbi
478 4188 632 4256 adhibetur,
660 4207 719 4242 cum
736 4208 790 4243 non
825 4191 864 4242 ire
882 4206 940 4242 eam
957 4189 1073 4243 litteram
1090 4190 1117 4243 in
1135 4191 1268 4261 scriptura
1286 4200 1372 4248 servat
1385 4204 1416 4242 se·

207 4271 290 4322 enus,
317 4258 363 4309 sed
389 4256 492 4326 singula
508 4256 702 4327 intelliguntur.
746 4258 791 4312 Sic
825 4259 940 4310 cundum
961 4259 1002 4311 Pa
1020 4259 1131 4311 irianum
1153 4261 1226 4331 apud
1245 4261 1416 4316 cassiodorum

187 4271 438 4392 biviusxxxvnsa
458 4336 589 4396 tamquam
602 4344 654 4378 aare
667 4344 792 4395 paqaaa·
826 4344 852 4395 p.
871 4333 938 4380 2294
960 4334 988 4380 et
1002 4278 1173 4381 PPriscianum
1195 4348 1222 4399 p.
1242 4336 1293 4386 567
1312 4326 1416 4391 Putschq

189 4393 251 4447 dam
268 4410 327 4449 cum
344 4402 379 4448 tot
396 4395 500 4450 milibus
524 4396 650 4464 bostiam,
677 4398 725 4449 scd
735 4413 791 4465 par
826 4401 854 4448 et
871 4394 908 4450 sic
924 4395 978 4450 fere
996 4397 1071 4450 codd.
1088 4395 1220 4452 meliores.
