2926 5174
478 310 525 360 aa
552 309 681 361 anans
707 309 818 366 max.
846 311 896 380 1v,
924 307 949 357 a
1299 298 1346 368 73

98 494 279 569 moenibus
312 493 493 591 applicari
516 504 701 591 poterant:
732 518 905 592 praeceps
931 494 969 566 in
996 495 1112 568 salum
1137 521 1261 569 murus
1287 525 1347 595 pe·

98 608 200 680 destre
246 603 507 701 interceperat
543 604 628 677 iter:
668 629 781 677 naves
820 630 887 678 nec
925 604 1084 679 habebat
1122 632 1205 698 ren,
1237 618 1290 699 et,
1317 610 1347 683 si

98 716 331 805 admovisset,
348 713 549 811 pendentes
563 725 600 787 et
612 715 798 789 instabiles
812 716 1004 789 missilibus
1030 717 1144 790 arceri
1168 728 1346 815 poterant.

180 826 295 899 inter
334 850 437 921 quae
468 850 579 923 parva
605 824 705 901 dictu
730 851 788 899 res
816 825 1007 925 Tyriorum
1032 826 1200 915 fiduciam
1225 852 1347 900 accen-

99 939 143 1012 dt
194 934 567 1033 Carthaginiensium
592 936 704 1034 legati
730 935 778 1008 ad
803 936 1056 1010 celebrandum
1082 962 1224 1010 sacrum
1250 939 1346 1010 anni·

99 1050 289 1124 versarium
319 1071 434 1119 more
458 1048 572 1144 patrio
599 1057 688 1119 tuno
713 1058 906 1121 venerant:
934 1048 1065 1146 quippe
1092 1046 1347 1145 Carthaginem

100 1159 181 1260 Tyrii
213 1156 493 1247 condiderunt,
527 1182 670 1255 semper
700 1168 893 1254 parentum
925 1158 1005 1230 loco
1044 1159 1139 1232 culti.
1197 1157 1346 1230 Hortari

103 1297 173 1370 ergo
194 1269 321 1342 Poeni
353 1278 568 1365 coeperunt,
603 1277 645 1340 ut
679 1268 902 1341 obsidionem
927 1268 1012 1341 forti
1038 1270 1157 1341 animo
1183 1279 1346 1366 pateren·
1386 1278 1389 1282 ’

108 1392 170 1471 tn3
191 1379 295 1454 brevi
327 1376 552 1476 Carthagine
579 1378 713 1452 auxilia
738 1389 902 1451 ventura.
953 1376 1118 1477 Namque
1144 1404 1188 1452 ea
1212 1389 1345 1476 tempe·

111 1501 185 1564 state
205 1490 353 1588 magna
383 1514 434 1561 ex
458 1499 557 1586 parte
575 1487 720 1562 Punicis
747 1489 920 1562 classibus
945 1491 1059 1563 maria
1077 1490 1345 1564 obsidebantur.

91 1615 97 1663 t
185 1601 309 1700 Igitur
350 1600 453 1672 bello
476 1598 648 1689 decreto,
690 1625 755 1697 per
785 1625 908 1674 muros
941 1611 1130 1698 turresque
1165 1604 1394 1674 tormentati

104 1711 296 1811 disponunt,
328 1735 442 1782 arma
465 1683 659 1783 iunioribirs
687 1709 863 1801 dividunt,
890 1712 1045 1809 opifices,
1065 1737 1217 1809 quorum
1244 1712 1346 1808 copia

102 1825 166 1896 urbs
192 1821 447 1910 abundabat,
484 1821 520 1892 in
546 1820 706 1893 officinas
734 1819 964 1894 distribuunt.
1018 1820 1150 1896 Omnia
1174 1822 1259 1894 belli
1285 1846 1345 1918 ap·

100 1945 209 2030 paratu
244 1940 450 2029 strepunt:
488 1931 622 2003 ferreae
656 1954 801 2026 quoque
827 1956 971 2022 manus,
1003 1930 1257 2031 (Harpagonas
1284 1956 1345 2002 vo·

100 2045 187 2143 aaut)
221 2068 327 2142 quas
375 2041 543 2138 operibus
576 2040 737 2114 hostium
768 2041 968 2132 iniicerent,
1008 2043 1176 2138 corvique
1209 2052 1245 2114 et
1276 2040 1345 2112 alia

99 2156 221 2228 tuendis
260 2152 432 2227 urbibus
466 2152 667 2249 excogitata
699 2152 1017 2249 praeparabantur.
1071 2150 1144 2226 Sed
1169 2178 1250 2225 cum
1275 2152 1344 2222 sor-

97 2268 226 2340 nacibus
264 2266 437 2351 serrum,
472 2262 566 2358 quod
599 2261 731 2335 excudi
763 2263 971 2359 oportebat,
1006 2263 1213 2361 impositum
1240 2271 1346 2351 esset,

98 2375 320 2474 admotisque
351 2372 500 2445 follibus
526 2374 647 2472 ignem
672 2372 763 2444 flatu
789 2372 1043 2463 accenderent,
1071 2373 1252 2472 sanguinis
1279 2371 1347 2443 rivi

98 2487 144 2558 sub
168 2489 264 2586 ipsis
297 2483 466 2557 flammis
492 2484 655 2556 extitisse
683 2481 864 2555 dicuntur:
903 2482 1010 2580 idque
1038 2508 1143 2556 omen
1169 2485 1206 2556 in
1231 2481 1347 2554 Mace·

98 2592 213 2672 donum
251 2605 416 2670 metum
446 2603 632 2667 verterunt
659 2591 767 2690 Tyrii
819 2591 930 2691 Apud
956 2592 1173 2666 Macedonas
1206 2618 1348 2690 quoque

98 2729 158 2782 eum
194 2711 304 2783 forte
351 2729 489 2804 panem
527 2705 673 2802 quidam
712 2703 863 2775 militum
902 2703 1127 2802 frangerent,
1167 2703 1347 2776 manantis

99 2821 269 2919 sanguinis
301 2824 443 2916 guttas
476 2824 705 2888 notaverunt.
758 2813 970 2909 Territoque
995 2840 1096 2912 rege,
1123 2811 1347 2900 Aristander,

99 2932 330 3023 peritissimus
365 2935 512 3014 vatum,
539 2925 568 2997 si
595 2922 819 2997 extrinsecus
847 2948 952 2995 cruor
977 2923 1157 3012 fluxisset,
1183 2919 1348 2994 Macedo·

102 3039 188 3112 nibus
210 3040 253 3112 id
278 3038 404 3112 triste
432 3034 599 3125 futurum,
619 3035 653 3106 ai
679 3060 687 3104 ε
714 3043 849 3123 contra,
870 3056 951 3103 cum
968 3033 1023 3104 ab
1049 3032 1219 3104 interiore
1245 3039 1348 3126 parte

130 3258 308 3321 §.rosam
319 3252 557 3321 anniversariam]
572 3249 712 3304 Hociusto
745 3267 795 3320 pro
815 3248 1046 3369 mlgflaimqmt
1067 3247 1188 3301 omnibus
1209 3245 1284 3299 libris
1300 3262 1349 3298 no·

102 3325 218 3379 verborum
236 3325 348 3381 ordine
369 3320 454 3374 Voss.
472 3326 485 3372 l
502 3320 582 3373 Bern.
596 3320 623 3372 A
639 3317 711 3371 Flor.
746 3317 869 3371 strisetS
924 3315 1044 3386 enburgii
1053 3315 1204 3369 iubentibus
1214 3313 1348 3380 edidi;re-

98 3390 228 3448 mures
747 3387 859 3457 spondet
869 3393 941 3438 certe
949 3385 1043 3439 melius
1056 3384 1178 3454 sequenti
1187 3393 1348 3437 notaverant.

121 3460 174 3534 Cap.
193 3471 218 3531 9,
240 3466 268 3532 ξ.
293 3466 344 3514 12.
374 3454 711 3524 opifices-distribuant]
780 3455 971 3507 Macedonibus
998 3455 1028 3506 id
1052 3455 1126 3506 triste
1146 3455 1273 3524 satarum
1298 3453 1348 3518 ait]

96 3523 162 3601 Vulgo
175 3533 439 3602 opificesqne,quo
468 3522 476 3574 i

94 3595 222 3653 aunum
264 3610 380 3652 omnes
420 3541 524 3644 acirim
533 3599 624 3645 carent
662 3607 712 3642 mst
746 3591 852 3660 auguris
860 3589 947 3643 verbis
973 3589 1142 3656 raemittitur,
1157 3588 1350 3643 sicutomnium

94 3661 142 3720 saa
153 3669 215 3722 Pal.
238 3663 392 3734 excipias.
747 3658 873 3712 librorum
880 3676 940 3710 mss.
951 3608 1015 3711 ides
1024 3658 1149 3729 postulat,
1165 3657 1243 3710 edidi.
1252 3658 1350 3709 Aldina

116 3735 307 3817 iaqiaqonas)
339 3732 508 3796 Arpaponas
526 3742 614 3779 omnes
637 3726 712 3779 codd.
748 3725 827 3780 lectio
842 3734 871 3779 et
885 3729 1019 3795 respondit
1036 3734 1064 3779 et
1081 3728 1120 3779 ait
1137 3726 1233 3779 habet:
1251 3724 1349 3778 oblitus

93 3810 164 3859 nati:
190 3815 351 3876 agnosces
365 3793 543 3848 recentiorum
552 3793 713 3847 Graecorum
747 3794 852 3848 videtur
867 3802 1066 3848 esseoorrector
1077 3793 1235 3847 alterutrum
1247 3792 1349 3845 tollere.

92 3867 161 3927 trium
179 3865 354 3928 omittendi
376 3861 486 3932 spiritus
503 3862 603 3932 asperi;
626 3861 649 3914 is
671 3870 713 3914 ta·
747 3861 895 3916 Infaustum
912 3880 975 3915 sane
987 3862 1103 3932 eleganti
1112 3860 1234 3931 scriptori
1242 3858 1348 3925 accidit,

91 3949 133 3992 aen
145 3935 391 4014 superscribitur
409 3931 437 3982 in
453 3930 522 3983 Flor.
540 3931 568 3982 H
586 3930 665 3983 sici.
748 3938 779 3983 ut
796 3931 874 4001 primi
892 3930 1006 3984 editores
1024 3937 1071 3983 aut
1088 3929 1115 3981 in
1132 3927 1258 3997 pessimos
1277 3924 1349 3977 codi-

113 4009 266 4079 iniicerent]
312 4002 408 4056 Voss.
433 4005 461 4064 1,
490 3998 570 4051 Bern.
594 4000 621 4050 A
641 3997 712 4050 Flor.
749 4015 792 4052 ces
809 3999 975 4052 incurrerent
1000 4006 1047 4051 aut
1071 3996 1174 4066 quidvis
1198 3994 1247 4047 sibi
1268 3993 1349 4046 licere

91 4086 155 4133 ⁰mnes
173 4084 307 4150 praeter
335 4067 402 4123 GH
425 4068 560 4133 inicerent,
583 4066 665 4119 Bern.
689 4066 713 4119 B
748 4067 849 4137 opinati
875 4085 922 4120 sua
944 4074 1093 4120 commenta
1109 4082 1158 4134 pro
1176 4062 1244 4116 illius
1262 4060 1349 4114 verbis

91 4137 248 4201 isannem.
749 4136 924 4189 venditarent.
960 4135 1014 4188 Sed
1039 4150 1103 4185 mox
1123 4132 1268 4183 manaverit
1285 4146 1349 4181 vera

113 4214 130 4280 §-
144 4226 177 4271 14
196 4213 293 4286 apud
312 4203 505 4272 Macedonas]
521 4201 646 4256 Latinam
667 4220 714 4256 no·
748 4204 897 4257 emendatio
931 4201 1057 4273 principis
1092 4198 1200 4251 editoris
1233 4198 1348 4264 videtur,

91 4277 143 4336 minis
158 4286 296 4340 formam
322 4270 624 4328 Macedonesenostris
641 4270 713 4324 libris
748 4291 827 4342 quam
854 4272 1023 4344 insequentes
1056 4283 1144 4322 omnes
1167 4266 1348 4335 retinuerunt:

91 4347 205 4408 ntrlor.
228 4346 300 4405 CH
322 4338 455 4396 BernB
471 4341 606 4409 praebent,
625 4339 656 4392 of.
674 4338 713 4390 in-
747 4359 806 4394 mss,
848 4341 938 4397 uidem
958 4345 1120 4399 manaverat.
1156 4333 1276 4410 Denique
1299 4349 1349 4400 pro

91 4409 155 4476 irad
172 4441 196 4478 c,
216 4426 277 4486 23,
304 4417 360 4466 15.
393 4406 545 4480 Paulopost
554 4410 713 4482 frangerent
746 4409 843 4479 plurah
861 4426 971 4468 numero
990 4409 1165 4471 destinassent
1181 4400 1287 4474 plurimi
1305 4416 1349 4453 oo-

533 3522 712 3601 additamento
747 3521 792 3575 Sic
808 3521 903 3575 omaso
919 3523 1001 3575 verbo
1018 3523 1160 3591 respondit,
1180 3521 1251 3592 quod
1268 3518 1349 3589 vulgo
