2984 5176
116 263 187 334 186
580 280 614 342 Q.
642 278 767 330 cumn
791 279 877 336 remu

64 469 112 539 14
215 463 281 538 His
315 465 479 561 captivus
513 463 686 560 expositis
719 463 961 560 interrogatus
997 486 1019 534 a
1050 486 1153 559 rege,
1189 460 1349 537 auditune
1362 483 1383 531 ιο

113 602 160 649 an
186 575 297 648 oculis
325 585 509 672 comperta
533 572 686 646 haberet
712 599 803 669 quae
830 572 976 662 diceret,
989 583 1177 670 pastorem
1192 574 1352 665 sefirisse,

112 698 150 759 et
176 710 300 758 omncs
327 710 388 758 eas
415 686 523 757 calles
549 685 778 782 percurrisse,
805 682 1008 780 respondit:
1041 684 1097 756 bis
1125 693 1284 782 captum,
1309 710 1353 758 se·

112 797 185 869 mel
210 821 232 867 a
258 794 378 869 Persis
404 797 441 868 in
467 795 587 895 Lycia,
614 796 744 868 iterum
769 795 815 867 ab
842 795 932 891 ipso.
981 791 1100 868 Subiit
1124 795 1287 868 animum
1310 821 1354 869 re·
1366 815 1386 862 11

112 910 168 1007 gis
199 908 372 982 memoria
404 909 549 980 oraculo
583 906 699 979 editae
739 906 863 977 sortis:
907 904 1040 1002 quippe
1074 908 1281 980 consulenti
1310 933 1353 981 re

114 1044 287 1116 sponsum
328 1029 422 1109 erat,
461 1018 588 1091 ducem
625 1019 662 1090 in
694 1015 881 1088 Persidem
916 1016 1063 1089 ferentis
1096 1017 1180 1090 viae
1215 1017 1355 1117 Lycium

113 1131 228 1204 civem
254 1131 340 1202 fore.
381 1128 494 1227 Igitur
520 1129 715 1226 promissis,
743 1139 879 1224 quanta
904 1139 941 1200 et
966 1152 1138 1224 praesens
1167 1129 1354 1202 necessitas
1367 1147 1388 1194 12

113 1241 292 1338 exigebat,
320 1252 357 1314 et
382 1242 493 1338 ipsius
519 1242 665 1313 fortuna
690 1239 865 1336 capiebat,
892 1247 1091 1330 oneratum,
1106 1241 1242 1314 armari
1268 1241 1354 1313 iubet

114 1350 354 1425 Macedonum
379 1378 500 1442 more,
528 1361 579 1441 ct,
607 1349 704 1447 quod
730 1350 823 1423 bene
849 1360 1018 1441 verteret,
1044 1362 1254 1425 monstrare
1279 1352 1353 1425 iter:

114 1463 278 1560 quamvis
305 1462 457 1536 arduum
484 1473 521 1535 et
546 1486 735 1560 praeceps,
762 1476 964 1534 'evasurum
996 1485 1036 1534 se
1062 1486 1143 1535 esse
1172 1488 1256 1534 cum
1281 1488 1354 1561 pau·

114 1577 176 1665 cis,
202 1574 271 1646 nisi
297 1574 390 1646 forte
417 1573 590 1663 crederet,
617 1598 689 1669 qua
713 1573 791 1669 ipse
824 1572 964 1669 pecoris
1001 1598 1111 1646 causa
1145 1574 1253 1663 isset,
1284 1574 1353 1646 Ale·

114 1684 295 1759 xandrum
320 1710 387 1782 pro
413 1685 527 1782 gloria
541 1696 577 1757 et
590 1695 765 1781 perpetua
789 1681 896 1756 laude
921 1682 975 1756 ire
999 1709 1073 1756 non
1099 1709 1221 1781 posse.
1248 1683 1353 1756 Etiam
1366 1701 1383 1749 1³

115 1808 223 1895 atque
250 1797 358 1870 etiam
385 1795 514 1869 docere
540 1795 715 1893 captivus,
743 1820 851 1890 quam
878 1793 1020 1868 difficile
1046 1795 1115 1868 iter
1143 1806 1261 1887 esset,
1291 1821 1352 1868 ma·

113 1911 210 1982 xime
237 1909 394 1981 armatis.
448 1907 540 1980 Tum
565 1933 643 1996 rer,
669 1905 846 1998 Praedam,
873 1906 1007 2003 inquit,
1033 1932 1086 1980 rae
1112 1908 1239 2005 accipe,
1265 1907 1353 1981 aemi

115 2046 191 2094 uera
216 2046 344 2112 eorum,
381 2021 440 2118 qui
463 2032 661 2119 sequautur,
688 2031 920 2092 recusaturum
944 2018 994 2091 ire
1020 2045 1088 2119 qua
1114 2020 1228 2094 duces.
1283 2016 1353 2093 Ora·
1366 2034 1384 2082 a

115 2144 194 2205 tero
220 2132 345 2226 igitur,
380 2129 426 2201 ad
453 2129 654 2202 custodiam
686 2139 887 2201 castrorum
912 2129 1037 2202 relicto
1064 2156 1147 2204 cum
1173 2131 1354 2228 peditibus,

117 2243 195 2339 quis
231 2252 455 2330 assueverat,
490 2252 526 2312 et
560 2242 603 2313 iis
637 2239 763 2336 copiiS,
796 2265 884 2336 quas
911 2238 1092 2338 Meleager
1127 2240 1303 2332 ducebat,
1326 2251 1355 2314 et

117 2352 310 2450 sagittariis
338 2351 515 2447 equitibus
542 2374 586 2441 M,
620 2350 810 2447 praecipit,
843 2361 885 2423 ut
912 2362 1113 2423 castrorum
1147 2353 1269 2451 specie
1292 2378 1353 2424 ma·

115 2473 240 2568 nente,
276 2462 395 2559 plures
429 2461 473 2534 de
500 2461 676 2534 industria
710 2461 810 2559 ignes
843 2462 919 2534 fieri
945 2463 1115 2560 imperet,
1151 2489 1225 2560 quo
1250 2464 1353 2562 magis

152 2669 218 2740 Cap.
239 2677 280 2736 14,
299 2675 323 2736 S.
341 2677 380 2724 10.
399 2673 440 2725 lu's
455 2674 573 2740 captivas
583 2672 718 2740 expositis]
756 2671 931 2741 complurium
951 2675 1095 2741 promissis
1131 2704 1165 2713 -
1203 2677 1354 2729 honoratura

114 2738 260 2819 Hocquasi
277 2738 396 2810 legitimo
415 2740 507 2793 ordine
516 2742 599 2793 verba
618 2739 721 2794 codices
754 2739 885 2794 Menmm
902 2749 944 2794 est
962 2751 990 2794 et
1008 2741 1118 2810 vulgare
1138 2742 1257 2812 quidem.

112 2816 199 2862 nostrl
217 2825 307 2861 omnes
325 2816 353 2862 ct
371 2808 415 2862 alii
433 2809 494 2862 olim
520 2809 617 2862 collati.
653 2808 720 2862 Vul·
790 2812 813 2876 §-
840 2816 880 2861 12.
925 2821 1072 2863 monstrare
1104 2811 1155 2862 iter
1191 2810 1356 2865 Freinshemii

133 2886 206 2930 atum
228 2878 268 2930 bis
296 2879 421 2946 expositis
444 2881 561 2946 captiuus
579 2878 721 2930 induxerat
754 2877 933 2930 coniecturam
942 2886 1046 2931 secutus
1064 2878 1135 2944 dedi,
1154 2897 1219 2932 nam
1236 2892 1356 2935 amastra-

110 2895 213 3015 luuius,
754 2956 807 3012 ret,
834 2947 907 3016 quod
929 2946 1028 3016 legitur
1052 2946 1081 2999 in
1102 2946 1178 3001 libris
1201 2956 1230 3001 et
1252 2968 1312 3002 mss.
1333 2955 1355 3002 et

148 3025 172 3068 et
198 3032 284 3068 omues
312 3032 357 3068 eae
384 3017 486 3137 calles}³
527 3016 587 3069 Hoc
613 3031 720 3136 rpuoque
754 3014 842 3081 editis,
861 3015 889 3067 in
905 3015 974 3069 hanc
991 3015 1219 3069 constructionem
1231 3034 1288 3071 non
1304 3017 1355 3071 coit

113 3083 172 3137 loco
189 3083 353 3152 integerrimi
379 3083 440 3139 libri
487 3101 543 3138 ern.
561 3085 587 3137 A
604 3085 676 3136 For.
694 3084 720 3136 A
754 3083 822 3135 Mox
838 3101 887 3153 pro
904 3084 976 3154 vulg.
1004 3101 1053 3152 qao
1077 3084 1140 3136 dedi
1164 3103 1219 3154 qua
1238 3104 1274 3140 ex
1291 3086 1355 3140 leia

112 3151 188 3205 Leid.
206 3150 251 3204 alii
268 3161 408 3222 praeterea
426 3153 490 3205 olim
508 3151 600 3206 collati
617 3151 720 3205 femini·
754 3151 835 3204 Bern.
853 3152 880 3204 A
897 3151 969 3206 Flor.
989 3151 1027 3219 G,
1054 3170 1142 3222 aqua
1159 3154 1294 3225 scriptura
1310 3171 1356 3208 non

113 3238 176 3273 num
217 3237 281 3274 enus
305 3219 363 3273 voci
387 3219 533 3275 vindicant:
561 3220 641 3290 vulgo
668 3237 719 3273 eoa.
754 3219 867 3273 multum
890 3221 948 3274 abit
973 3221 1044 3274 Flor.
1066 3221 1093 3273 A
1120 3224 1185 3290 quia
1204 3232 1233 3276 et
1251 3223 1355 3278 Floass

114 3287 190 3343 cea
226 3287 285 3340 libr.
303 3303 351 3354 111,
370 3305 392 3342 c.
411 3295 453 3341 25.
488 3291 525 3342 Et
544 3289 676 3343 omittitur
693 3288 720 3343 in
755 3306 840 3358 quam.
859 3289 959 3358 Agitur
975 3291 1067 3360 utique
1085 3290 1119 3342 de
1131 3289 1236 3344 itineris
1250 3293 1354 3358 ratione,

112 3356 184 3409 Flor.
200 3355 273 3422 DFI,
293 3365 316 3407 et
334 3373 376 3408 eos
394 3373 480 3410 amaea
498 3358 581 3411 habet
597 3357 669 3410 Flor.
686 3355 720 3410 G.
755 3375 809 3410 non
827 3358 860 3410 de
878 3357 938 3411 loco
956 3377 1008 3428 quo
1021 3357 1236 3429 perveniendum
1254 3369 1319 3414 erat

148 3427 172 3491 §-
192 3430 232 3475 11.
264 3424 344 3475 subiit
361 3426 477 3477 animum
494 3428 566 3494 repis
584 3427 717 3493 memoria]
788 3429 811 3493 ξ.
832 3433 872 3480 13.
901 3430 1042 3496 praedem,
1061 3428 1171 3495 itaqua,
1205 3447 1246 3482 me
1276 3430 1355 3498 accipe

112 3491 213 3544 Facere
239 3509 291 3543 non
317 3491 395 3560 potui
426 3492 489 3562 quin
515 3511 565 3563 pro
591 3493 719 3563 impedita
755 3511 845 3547 omnes
862 3493 923 3547 libri
940 3495 993 3548 mci
1010 3503 1039 3549 et
1056 3495 1130 3549 Leid.
1149 3497 1266 3565 Vossl,
1284 3497 1354 3566 vulgo

113 3560 254 3613 verborum
272 3566 418 3627 structura,
437 3578 504 3631 quae
521 3561 549 3615 in
566 3561 647 3632 vulgo
664 3561 719 3614 edi-
747 3566 876 3632 praedem
890 3580 929 3616 me
944 3565 1029 3632 iuquit
1043 3564 1095 3616 alio
1105 3565 1253 3619 verborum
1261 3566 1352 3620 ordina.

112 3627 148 3681 tis
166 3635 207 3680 est
225 3628 294 3680 subit
312 3630 427 3682 acimum
445 3633 568 3684 memoria
582 3633 663 3699 repis,
677 3647 719 3683 re-
789 3635 812 3699 ς.
833 3639 873 3684 14.
904 3635 1038 3701 praecepit
1064 3641 1092 3685 ut
1115 3664 1150 3674 —
1169 3637 1296 3704 imperet,
1314 3650 1354 3704 pur

171 3713 228 3749 rem
251 3696 320 3748 hanc
351 3696 495 3766 legdtimam
525 3716 559 3752 cx
587 3699 719 3753 codicibus
754 3702 840 3768 raapis
858 3731 893 3741 —
911 3704 1028 3769 credant]
1062 3700 1107 3753 Ita
1124 3703 1243 3757 concinit
1261 3712 1354 3773 tempo·

113 3715 138 3750 cr

112 3766 183 3820 For.
207 3764 326 3817 DEFHI
347 3765 468 3821 Bem.B
491 3779 519 3820 et
545 3767 609 3822 edit.
633 3769 718 3834 Mod,
754 3787 814 3821 rum
830 3768 909 3836 ratio,
930 3785 998 3839 quae
1015 3778 1095 3823 antea
1111 3773 1275 3841 perturbata
1292 3780 1353 3825 erat:

112 3851 274 3906 quamquam
291 3832 320 3887 in
337 3835 386 3889 hac
403 3843 432 3888 et
449 3836 521 3890 Flor.
544 3837 567 3888 F
590 3839 659 3890 subit
681 3836 719 3889 le·
748 3839 887 3906 praecepit
909 3868 943 3878 —
970 3839 1077 3907 imperet
1095 3869 1130 3880 —
1148 3844 1292 3895 crederent.
1323 3839 1353 3892 lit

112 3904 192 3975 gitur.
221 3902 301 3967 Quod
318 3902 347 3956 in
364 3905 427 3958 edit.
445 3905 590 3959 Basilcensi
609 3923 632 3958 a.
652 3911 718 3958 1556
754 3908 862 3958 credant
909 3905 996 3958 uidem
1019 3906 1137 3960 omnium
1154 3907 1285 3962 librorum
1301 3925 1352 3962 coa·

112 3981 154 4027 est
179 3974 249 4026 subit
273 3974 343 4040 repis
368 3975 484 4027 animum
507 3976 628 4027 memoris
646 3973 719 4028 nullo
754 3990 832 4027 sensu
849 3974 892 4027 edi
913 3973 929 4040 ⁹,
942 3976 1077 4044 praecipit
1089 3983 1182 4029 autem
1190 3977 1282 4031 invitis
1290 3974 1351 4031 libris

112 4041 180 4095 libro
208 4058 256 4094 ms.
279 4040 408 4094 firmatur.
443 4043 511 4096 Mox
522 4045 666 4113 promissis
684 4073 719 4084 —
753 4060 814 4095 mss.
833 4058 867 4095 ex
884 4060 938 4096 uno
955 4042 1027 4096 Flor.
1045 4044 1070 4096 Ε
1087 4052 1117 4096 et
1134 4045 1298 4100 editionibus
1313 4062 1349 4098 an·

113 4119 265 4175 oneratum,
294 4111 366 4179 quod
392 4118 421 4163 et
445 4111 551 4165 ratione
568 4128 660 4164 verum
677 4119 718 4164 est
753 4109 834 4180 tiquis
843 4109 1010 4164 scribendum
1023 4111 1082 4178 fuir,
1101 4113 1349 4168 veruntamenunius

112 4185 141 4230 et
166 4177 225 4230 usui
253 4176 378 4247 loquendi
402 4178 531 4233 curtiano
561 4179 718 4233 conveniens
752 4178 846 4232 literae
871 4180 1033 4249 permutatio
1056 4181 1159 4236 facilior
1182 4183 1348 4237 videturesse

113 4244 179 4325 (vid.
197 4259 231 4312 v,
251 4252 292 4298 34.
311 4262 372 4313 vu,
393 4252 457 4314 18),
480 4264 558 4302 nemo
575 4247 719 4301 mutaverit
754 4265 839 4368 priam
859 4247 962 4317 syllaba
987 4257 1034 4302 aut
1057 4250 1169 4321 dempta
1186 4260 1235 4305 aut
1252 4251 1347 4304 mate

112 4321 244 4384 scriptura
254 4315 510 4381 quamvisbonorum
519 4317 638 4371 codicum
644 4315 718 4369 Leid.
753 4320 765 4383 (
797 4316 872 4369 odius
889 4316 960 4369 enim
971 4320 1111 4388 praecepit
1127 4350 1163 4359 -
1181 4322 1347 4390 imperaret-

112 4381 191 4442 Voss.
213 4382 294 4435 Bern.
322 4384 349 4436 A
379 4383 451 4438 Flor.
478 4385 528 4438 AB
556 4385 720 4455 aliorumque
754 4387 869 4438 crederet
887 4384 982 4456 dedit.)
