2926 5174
423 315 470 365 55
497 313 624 366 ansus
650 313 759 366 Anax.
786 315 838 383 m,
875 316 900 364 e.
1229 301 1275 374 13

31 525 136 598 magno
160 499 262 595 ignis
294 499 447 596 fulgore
474 500 650 572 collucere
682 500 715 572 ei
740 501 820 572 visa
846 510 945 592 5555,
986 511 1024 581 55
1054 504 1162 600 paulo
1189 515 1274 603 post

28 608 214 686 Alexander
244 607 399 683 adduci
425 608 614 708 adipsum
645 608 683 682 in
709 636 752 684 eo
778 611 890 685 vestis
916 612 1058 704 habitu,
1098 640 1169 712 quo
1195 617 1273 714 ipse

28 724 140 814 suisset,
166 747 270 818 equo
305 719 444 794 deinde
470 746 536 819 per
561 720 749 821 Babylona
773 731 910 814 vectus,
938 724 1059 797 subito
1085 727 1272 825 cumipse

28 859 101 930 equo
125 834 240 908 oculis
273 857 368 906 esse
396 830 605 905 subductus.
639 830 704 922 ,Ad
729 833 818 906 haec
843 843 947 907 vates
973 835 1075 908 varia
1099 837 1272 936 interpre-

26 945 140 1018 tatione
165 968 307 1016 curam
346 941 623 1016 distrinxerant:
658 943 717 1014 alii
747 943 882 1016 laetum
912 943 951 1016 id
982 947 1059 1043 regi
1093 948 1273 1022 somnium

26 1079 89 1128 esse
111 1054 303 1145 dicebant,
337 1049 440 1151 quod
465 1063 584 1127 castra
608 1052 765 1126 hostium
791 1054 973 1144 arsissent,
999 1056 1096 1152 quod
1113 1058 1271 1132 Alexan·

27 1164 128 1257 dmm,
172 1165 363 1264 deposita
395 1165 494 1261 regia
524 1174 643 1253 veste,
681 1165 718 1236 in
745 1163 890 1238 Persico
917 1174 954 1237 et
978 1157 1118 1264 vulgari
1143 1169 1271 1244 habitu

27 1276 221 1374 perductum
235 1282 331 1349 es'se
346 1272 509 1348 vidisset.
524 1271 693 1364 Quidam
717 1299 806 1348 vera
823 1277 1109 1372 augiuabantur:
1136 1279 1271 1375 quippe

30 1389 160 1461 illustria
188 1385 456 1461 Macedonum
485 1396 605 1459 castra
634 1385 714 1459 visa
743 1386 921 1483 fulgorem
946 1386 1157 1462 Alexandro
1187 1413 1269 1487 por·

32 1498 169 1574 tendere:
196 1523 324 1596 quem
352 1521 513 1594 regumn·
532 1496 642 1570 Asiae
667 1507 925 1593 occupaturum
951 1523 1045 1591 5555,
1071 1498 1169 1572 haud
1195 1525 1268 1573 am·

30 1609 144 1708 bigere,
170 1610 366 1708 quoniam
391 1608 442 1709 in
456 1603 584 1680 eodem
609 1606 736 1681 habitu
760 1606 901 1682 Dareus
927 1608 1070 1703 suisset,
1103 1636 1185 1698 cum
1211 1635 1273 1708 ap·

26 1793 232 1848 etiamlieidensis
244 1789 443 1847 accusativum
453 1791 635 1843 Alexandrum
704 1793 727 1870 5.
736 1797 761 1843 4.
779 1808 869 1844 curam
887 1792 1093 1876 distrinaerant]
1108 1794 1153 1849 Sic
1166 1791 1274 1848 Modius

25 1863 116 1932 praebet
131 1881 163 1918 55
179 1863 267 1934 paulo
288 1867 361 1940 post
380 1868 477 1912 rectam
494 1866 523 1911 et
535 1859 635 1912 subdu·
669 1858 753 1912 edidit
770 1858 905 1929 secutique
921 1869 984 1914 sunt
1000 1863 1103 1933 reliqui,
1122 1862 1186 1917 olim
1202 1859 1275 1914 enim

25 1941 77 1984 555
99 1931 222 2003 plerique
248 1931 394 1984 sanbunt.
429 1927 539 1980 Poterat
565 1925 635 1979 enim
668 1927 876 1981 edeterioribus
897 1927 970 1981 libris
991 1932 1119 1984 edebatur
1142 1932 1274 1983 distraxe-

25 1999 118 2070 scriptar
141 2000 257 2070 elegans
281 2015 301 2050 a
330 1995 506 2066 grammatica
530 1993 636 2048 ratione
668 2005 739 2048 rant.
776 1994 831 2048 Sed
847 1995 926 2076 paulo
942 1996 1096 2051 insolentius
1114 1998 1215 2051 dictum
1233 2000 1275 2048 est

26 2067 138 2122 discedere
162 2077 249 2139 atque
268 2084 288 2119 a
306 2063 419 2136 passiva
440 2062 636 2118 constructione
669 2081 760 2117 curam
774 2065 966 2117 distrinxerunt
982 2067 1151 2147 proeoquod
1159 2073 1213 2118 est:
1232 2079 1274 2116 re-

26 2135 164 2192 insctivam
181 2135 324 2201 transire,
343 2131 422 2213 quasi
438 2151 491 2186 non
509 2134 635 2212 collucere
668 2148 730 2253 peni
750 2130 859 2211 ancipiti
886 2131 1046 2202 cogitatione
1073 2133 1273 2202 distrinxerunt,

25 2205 68 2258 risa
82 2217 140 2259 sunt
154 2205 205 2259 sed
218 2206 318 2257 uidere
336 2201 394 2254 sebi
412 2202 482 2254 uisus
498 2210 536 2254 est
553 2201 635 2253 dixis·
687 2218 748 2255 omo
765 2217 836 2252 emm
852 2217 915 2254 5555
932 2201 1109 2273 distringitur.

24 2281 61 2325 set
90 2275 192 2327 Eadem
210 2271 327 2327 ratione
346 2276 412 2339 post
430 2271 636 2389 dicitur,asertar
720 2272 743 2337 §.
770 2275 796 2322 5.
839 2271 946 2337 quidam
972 2290 1033 2326 vera
1060 2269 1273 2342 auparabantur]

23 2342 183 2396 soeumtivum
207 2359 274 2396 cum
298 2337 439 2392 infinitivo
459 2337 520 2408 poni
557 2344 636 2390 ocent
668 2337 769 2407 Magna
789 2338 918 2408 quaedam
939 2340 964 2392 li.
981 2340 998 2393 l.
1021 2341 1134 2394 varietas
1151 2337 1272 2397 lectionis

23 2408 129 2465 Dukerus
155 2419 186 2464 et
213 2408 307 2469 Draln
338 2406 377 2460 ad
401 2405 459 2458 Liv.
476 2406 526 2470 IV,
545 2412 589 2471 41,
609 2411 634 2471 t,
668 2405 808 2459 invenitur.
843 2405 877 2458 In
901 2406 976 2460 Leid.
1001 2409 1111 2467 Vossl
1138 2409 1220 2461 Bern.
1245 2406 1273 2459 A

23 2476 127 2551 idemque
151 2479 261 2533 Duker.
286 2476 326 2528 ad
345 2473 422 2527 Flor.
440 2489 472 2541 11,
494 2480 538 2541 45,
565 2473 634 2526 Bur·
667 2473 739 2527 Flor.
758 2474 780 2528 C
802 2493 855 2527 non
876 2479 1076 2545 aupurabantur
1102 2476 1217 2546 legitur,
1243 2474 1272 2528 iii

23 2564 95 2602 5555.
112 2549 145 2608 sd
162 2544 295 2602 Suetonii
317 2543 427 2597 Othon.
446 2549 476 2597 t:
496 2543 594 2596 dicitur
603 2559 634 2594 ea
668 2542 781 2595 Bernss
799 2542 906 2596 aioni)
917 2543 980 2597 GH
997 2564 1056 2599 cum
1073 2545 1136 2598 edit.
1154 2543 1273 2624 principe

24 2626 83 2669 nocte
102 2635 151 2687 per
182 2618 302 2686 quietem
332 2613 493 2682 pavffactus
522 2613 634 2681 penitus
668 2629 720 2664 non
736 2614 784 2677 ita,
802 2611 830 2663 in
847 2611 895 2664 reli
914 2611 953 2665 uis
970 2613 1054 2666 tribus
1071 2614 1142 2667 Flor.
1161 2631 1219 2666 vero
1233 2622 1272 2664 sta

24 2686 134 2739 nummos
152 2687 292 2747 edidisse,
318 2689 546 2750 repertusque-
563 2679 635 2730 lumi
668 2698 739 2749 aaa,
766 2680 793 2732 in
810 2679 880 2733 Flor.
895 2630 1051 2800 deniqueB
1078 2685 1186 2751 quidam
1212 2696 1272 2733 vera

25 2752 100 2806 iacens
115 2772 206 2807 manes
217 2753 334 2807 Galbae
338 2749 494 2818 propitiare
511 2757 633 2813 tentasse,
668 2765 728 2816 any.
772 2747 852 2812 Quod
877 2748 905 2801 in
930 2751 964 2801 ed
984 2791 989 2802 .
1007 2750 1197 2804 recentioribus
1218 2765 1272 2801 uno

21 2824 135 2888 postridie
151 2839 256 2892 quoque
275 2851 315 2859 -
329 2847 420 2858 —-
438 2818 633 2885 9555555155-
667 2832 795 2869 consensu
825 2815 924 2886 legitur
950 2828 1041 2871 contra
1070 2819 1271 2888 auqurabantur
1303 2843 1305 2848 2

26 2889 492 2957 tapsumitentidemobmurmurasse
511 2892 561 2937 cet.
580 2882 634 2936 Sed
667 2883 695 2936 in
717 2884 790 2938 nullo
814 2884 883 2938 libro
909 2902 1038 2939 manuscr.
1061 2886 1198 2939 inventum
1220 2891 1270 2938 est.

41 2959 147 3012 nummus
170 2976 229 3012 eam
253 2956 401 3010 rationem
423 2952 449 3004 h.
470 2952 488 3005 1.
510 2969 634 3022 sequerer
667 2952 740 3017 Quid
766 2952 867 3022 igitur?
910 2952 1007 3006 Censui
1032 2973 1094 3007 vera
1119 2954 1270 3022 legendum,

26 2973 73 3078 duo
86 3043 126 3078 me
145 3024 374 3098 impediverunt,
400 3038 482 3072 unum
509 3022 580 3090 quod
605 3020 633 3073 in
666 3020 764 3141 quippe
789 3020 860 3089 quod
885 3037 902 3070 5
927 3021 997 3074 bono
1023 3030 1051 3072 et
1078 3021 1182 3089 integro
1203 3021 1298 3091 libra,

31 3091 81 3144 istis
93 3093 152 3147 locis
168 3095 290 3148 cmmbus
306 3089 396 3162 paulo
415 3089 533 3158 longiore
550 3088 633 3142 inter·
691 3089 738 3141 lor.
756 3088 790 3153 B,
813 3086 959 3156 pauxillum
981 3087 1122 3140 abhorreat
1145 3096 1174 3141 et
1194 3087 1272 3140 unice

32 3159 93 3213 vallo
111 3163 212 3216 verbum
229 3160 381 3234 passivum
402 3156 561 3227 diremptum
583 3165 632 3238 est²
667 3155 825 3210 sententiam
842 3154 964 3208 videat-ur
981 3155 1112 3209 adiuvare.

32 3236 59 3280 ut
76 3246 145 3302 saepe
163 3250 213 3286 non
234 3227 404 3285 admonitus
427 3228 633 3295 ne'perturbari
701 3242 775 3294 quem
793 3240 901 3293 reanum
915 3225 997 3276 Asiae
1015 3234 1199 3306 occupaturum
1216 3240 1273 3278 esse

28 3295 117 3366 quidem
133 3299 371 3355 mnatruetionem
389 3293 499 3361 sentias3
521 3293 634 3346 alterum
667 3297 740 3347 laud
757 3294 899 3362 ambipere]
926 3292 1012 3346 Locus
1029 3303 1092 3347 satis
1110 3294 1225 3365 speciose
1241 3311 1273 3348 ac

55 3368 85 3420 od
107 3368 132 3422 in
156 3371 240 3423 Bern.
260 3369 292 3420 A
312 3365 481 3429 Alexander,
508 3362 537 3415 in
562 3362 633 3415 Flor.
667 3361 754 3416 nescio
781 3379 814 3413 55
837 3361 904 3413 bene
925 3363 1057 3415 editorum
1078 3362 1106 3416 in
1142 3362 1185 3417 nio
1211 3363 1273 3417 refi-

56 3435 111 3490 06
130 3455 163 3492 ex
186 3433 372 3493 comotione
392 3438 498 3483 tantum
516 3432 634 3484 Alexan·
667 3441 739 3496 etus,
766 3447 826 3483 cum
843 3428 870 3481 in
888 3431 963 3483 codd.
981 3439 1009 3483 et
1030 3432 1090 3484 edd.
1131 3431 1273 3487 robeniana

23 3506 95 3573 drnn,
111 3524 169 3561 cum
183 3507 372 3571 fuissetapr.
381 3517 461 3551 manu
470 3500 633 3567 Alexander,
669 3502 769 3566 (1545)
796 3496 987 3568 antiquioribus
1013 3499 1130 3570 legatur:
1175 3504 1273 3570 quodue

21 3569 112 3644 legitur,
129 3585 158 3630 et
176 3575 256 3647 quod
275 3579 373 3624 vectus
391 3567 544 3638 inutraque
553 3566 634 3620 Bern.
668 3584 777 3637 requam
795 3567 879 3619 Asiae
896 3585 1023 3637 occupare
1044 3571 1178 3622 tabuisset
1200 3571 1274 3623 baud

20 3649 44 3693 55
65 3647 202 3698 subductus
232 3643 267 3696 in
285 3635 482 3702 5155555,
510 3636 577 3688 adeo
603 3643 635 3688 ut
668 3636 870 3714 ambipnaetrei.
892 3635 951 3689 Nec
968 3653 1019 3716 ego
1053 3638 1178 3708 uidquam
1194 3654 1273 3691 exco-

19 3708 68 3763 sine
82 3714 158 3768 dubio
175 3727 284 3766 manus
304 3704 455 3760 correctrix
471 3704 634 3757 inlccover-
668 3705 752 3774 gitavi
759 3703 932 3770 verisimilius,
947 3705 996 3757 nisi
1005 3656 1079 3759 mdlis
1088 3710 1274 3776 quodrepnum

19 3785 70 3832 5555
84 3798 132 3836 esse
150 3782 300 3835 videatur.
340 3773 436 3843 Itaque
453 3782 482 3824 et
499 3771 556 3841 ipse
573 3771 634 3824 reli·
669 3774 753 3825 Asiae
771 3782 944 3840 occupaturus
961 3784 1035 3826 esset.
1058 3775 1184 3828 Ceterum
1200 3776 1274 3827 m'enss

18 3863 75 3916 quos
88 3847 294 3921 postModium
314 3840 432 3894 editores
443 3849 548 3894 secutus
567 3858 634 3907 sum,
670 3842 733 3894 dose
750 3839 883 3893 Snakenb.
902 3840 985 3894 edidit
1008 3845 1170 3912 ambiquere,
1188 3857 1275 3911 neque

17 3931 60 3970 nec
73 3919 232 3991 refingendo
251 3915 321 3967 loco
334 3909 525 4031 negliplentiam
543 3910 635 3961 obtru-
670 3909 740 3962 enim
757 3907 840 3959 ullum
846 3909 990 3978 perfectum
999 3920 1040 3963 555
1050 3911 1126 3963 55155
1135 3909 1217 3974 verbi,
1227 3915 1275 3961 aut

18 3983 71 4039 dere
89 3989 160 4042 volui
179 3979 323 4063 scriptori
350 3997 396 4030 vix
431 3996 463 4031 oc
480 3977 539 4030 loeo
556 3994 635 4030 excu·
670 3978 725 4031 5515
741 3984 831 4047 posset
848 3993 913 4044 csse,
932 3995 981 4032 nec
998 3979 1050 4030 h.l.
1069 3979 1185 4059 perfecto
1202 3977 1274 4029 locus

16 4057 118 4111 midam.
154 4053 305 4111 Simihter
324 4046 395 4117 apud
413 4046 477 4100 Tac.
496 4046 566 4097 Ann.
585 4045 635 4113 Vl,
670 4054 720 4113 est,
739 4046 785 4098 sed
802 4044 944 4101 infinitivus
962 4054 1003 4100 555
1020 4046 1204 4099 subintellecto
1221 4061 1257 4098 se.

17 4124 100 4178 55555
115 4127 280 4180 Pichemrm
299 4115 454 4184 legebatur:
472 4115 547 4166 Exin
560 4113 636 4168 Cotta
710 4133 767 4167 cum
785 4116 932 4182 appellatus
951 4125 990 4167 est
1006 4116 1069 4184 rea]
1105 4113 1138 4166 ln
1160 4113 1276 4167 editione

17 4187 169 4249 Messalinus
183 4198 228 4234 ·..
248 4217 290 4228 —-
309 4185 434 4253 arquitur
451 4185 581 4252 pleraque
607 4182 636 4235 C.
670 4182 770 4237 minore
788 4198 952 4236 correxeram
970 4191 1044 4247 esset,
1063 4199 1122 4235 cum
1137 4181 1165 4235 in
1174 4182 1221 4235 tali
1230 4200 1276 4235 va·

22 4257 146 4318 Caesarem
165 4293 208 4305 -
227 4288 271 4298 -
292 4253 411 4319 dixisse,
439 4261 636 4320 quercuumque
670 4252 766 4304 555555
775 4251 971 4319 grammaticam
985 4249 1115 4303 rationem
1124 4248 1277 4305 auctoritati

21 4325 136 4399 (cottam)
146 4327 321 4387 addidisse,
341 4320 386 4373 ubi
402 4321 514 4390 posthac
532 4335 566 4371 cx
574 4337 636 4374 mss.
670 4320 797 4373 librorum
814 4336 873 4370 mss.
891 4318 1057 4390 praeferrem.
1075 4319 1155 4373 Nunc
1171 4317 1277 4371 restitui

20 4398 156 4458 leniturum
176 4407 369 4470 querensque.
670 4399 708 4443 est
733 4395 762 4441 et
779 4385 841 4441 fidei
867 4405 945 4441 causa
970 4392 998 4437 et
1023 4389 1096 4456 quod
1120 4385 1277 4440 indicativus
