2926 5174
506 291 556 341 nu
588 289 713 341 onsrrs
740 289 848 341 Auux.
876 288 1009 361 vrum.
1302 267 1376 339 423

111 494 139 546 a
154 475 268 548 minus
291 472 442 564 militem,
470 472 587 547 emisit
611 474 648 546 in
674 475 807 549 beluas.
860 473 1046 572 Ingentem
1071 476 1110 548 hi
1127 476 1200 548 vim
1226 474 1379 546 telorum

152 589 298 660 iniecere
332 595 366 658 et
397 585 595 683 elephantis
628 596 664 659 et
689 586 895 682 regentibus
924 612 995 660 eos.
1047 586 1211 659 Phalanx
1238 607 1379 681 quoque

108 719 135 768 n
150 701 280 772 instare
306 706 510 769 constanter
535 698 667 770 territis
694 697 819 795 coepit.
870 694 942 770 Sed
964 697 1109 795 quidam
1136 697 1274 770 avidius
1301 718 1378 792 per-

150 809 261 882 secuti
286 808 404 880 beluas
436 809 474 909 in
507 820 620 881 semet
650 808 836 881 irritavere
861 808 1077 882 vulneribus.
1132 806 1266 881 Obtriti
1293 830 1378 903 ergo

147 920 296 1018 pedibus
315 944 433 993 earum
457 920 594 1010 ceteris
621 931 662 992 ut
686 919 827 1016 parcius
853 920 1038 1009 instarent,
1064 921 1164 993 fuere
1191 919 1380 991 documen·

105 1050 132 1099 n
147 1043 233 1104 turn.
285 1030 477 1128 Praecipue
503 1032 668 1105 terribilis
694 1030 754 1102 illa
779 1031 886 1104 facies
913 1043 1005 1121 erat,
1037 1058 1118 1105 curn
1145 1056 1253 1103 manu
1280 1053 1381 1102 arma

146 1143 311 1237 virosque
348 1144 584 1241 corriperent,
625 1151 662 1215 et
700 1165 807 1240 super
852 1167 889 1214 se
934 1143 1139 1246 regentibus
1184 1140 1379 1213 traderent.
1431 1203 1436 1213 .

103 1270 130 1319 n
145 1252 288 1351 Anceps
313 1279 396 1352 ergo
421 1280 545 1352 pugna
570 1280 666 1326 nune
692 1254 925 1349 sequentium,
952 1278 1047 1325 nuuc
1073 1253 1285 1351 fugientium
1312 1252 1379 1324 ele·

144 1363 312 1461 phantos,
343 1365 380 1436 in
405 1366 559 1437 multum
586 1365 654 1437 diei
680 1365 820 1436 varium
845 1375 1024 1437 certamen
1051 1365 1228 1453 extraxit3
1265 1362 1379 1437 donec

144 1475 325 1548 securibus
352 1474 403 1574 (id
426 1500 583 1571 namque
600 1500 713 1572 genus
732 1475 853 1548 auxilii
879 1485 1130 1574 praeparatum
1148 1474 1240 1572 erat)
1267 1474 1377 1572 pedes

100 1602 129 1652 n
144 1591 327 1683 amputare
353 1598 557 1683 coeperunt.
611 1585 765 1684 Copidas
784 1587 963 1660 vocabant
983 1587 1121 1684 gladios
1148 1588 1275 1660 leviter
1302 1612 1378 1660 cur·
1450 1616 1454 1623 ·

144 1707 248 1769 vatos
281 1697 426 1770 falcibus
462 1696 613 1788 similes,
653 1699 732 1795 quis
767 1699 985 1797 appetebant
1020 1699 1205 1771 beluarum
1239 1724 1377 1773 manus.

142 1805 216 1880 Nec
241 1808 426 1905 quicquam
451 1809 681 1907 inexpertum
706 1836 779 1883 non
804 1810 929 1882 mortis
956 1810 1065 1883 modo
1072 1867 1082 1902 ,
1118 1810 1181 1884 sed
1208 1811 1316 1884 etiam
1340 1811 1378 1883 in

143 1918 221 2016 ipsa
245 1930 359 1993 morte
385 1920 470 1993 novi
498 1919 669 2017 supplicii,
697 1921 803 1992 timor
829 1920 1028 1994 omittebat.

91 2045 128 2095 m
243 2028 338 2126 Ergo
365 2031 544 2129 elephanti
564 2020 772 2105 vulneribus
799 2032 945 2105 tandem
970 2034 1108 2131 fatigati
1136 2058 1219 2106 suos
1241 2032 1428 2132 impetu50

142 2151 320 2231 sternunt,
356 2152 392 2214 et
417 2143 478 2239 qui
504 2152 675 2215 rexerant
701 2168 777 2233 eos,
815 2145 1037 2242 praecipitati
1071 2144 1108 2218 in
1142 2154 1295 2237 terram,
1330 2145 1375 2218 ab

142 2252 225 2350 ipsis
262 2252 528 2326 obterebantur.
589 2251 713 2350 ltaque
749 2280 918 2353 pecorum
952 2255 1060 2330 modo
1095 2257 1209 2353 magis
1242 2255 1376 2354 pavidi,

91 2379 124 2429 ³1
141 2390 247 2461 quam
272 2364 399 2453 infesti,
424 2365 522 2436 ultra
547 2365 658 2437 aciem
685 2367 936 2463 exigebantur3
965 2393 1046 2440 cum
1072 2366 1198 2457 Porus
1225 2366 1374 2441 destitu-

94 2504 100 2513 ·
139 2485 196 2547 tus
224 2475 446 2572 apluribus,
480 2476 553 2548 tela
583 2477 697 2549 multo
724 2487 807 2550 aute
840 2489 1053 2576 praeparata
1078 2478 1116 2550 in
1143 2478 1375 2552 circumfusos

139 2611 183 2658 ex
209 2586 400 2682 elephanto
426 2611 493 2659 suo
520 2588 638 2684 coepit
662 2587 838 2685 ingerere,
870 2590 1061 2685 multisque
1089 2589 1226 2662 eminus
1252 2591 1375 2663 vulne·

91 2709 123 2762 ta
138 2697 242 2787 ratis,
279 2698 464 2794 expositus
497 2697 573 2795 ipse
599 2697 647 2770 ad
678 2699 768 2771 ictus
795 2699 952 2796 undique
983 2701 1182 2799 petebatur.
1235 2699 1375 2774 Novem
1438 2760 1442 2771 .

137 2809 205 2880 iam
231 2809 384 2881 vulnera
408 2809 491 2881 hine
517 2819 629 2906 terge,
660 2809 755 2881 illinc
780 2821 925 2908 pectore
952 2821 1158 2908 exceperat,
1190 2810 1376 2907 multoque

137 2921 308 3017 sanguine
346 2921 492 3017 profuso
530 2919 706 3017 languidis
743 2921 908 2993 manibus
941 2921 1053 3016 magis
1090 2923 1226 3018 elapsa,
1267 2947 1377 3018 quam

91 3042 121 3095 ta
138 3054 290 3103 excussa
316 3031 388 3102 tela
413 3030 589 3103 mittebat.
641 3028 716 3103 Nec
744 3032 887 3129 segnius
913 3032 1035 3122 belua,
1069 3033 1238 3107 instincta
1263 3033 1374 3122 rabie,

133 3141 295 3215 nondum
322 3141 442 3213 saucia
467 3141 705 3214 invehebatur
730 3141 933 3232 ordinibus3
962 3140 1075 3215 donec
1101 3153 1220 3215 rector
1244 3143 1374 3219 beluae

132 3306 172 3361 ola
210 3306 449 3378 superinducenda.
510 3307 739 3361 Concursotionem
772 3307 812 3361 his
833 3307 906 3361 libris
926 3305 1041 3361 traditur
1055 3307 1182 3379 scripturn
1199 3312 1305 3380 cepides
1323 3327 1379 3365 non

130 3384 202 3431 reete
225 3376 257 3428 in
284 3374 336 3428 lex.
363 3375 478 3446 explicat
503 3375 665 3430 Forcellinus
690 3395 739 3448 pu·
771 3376 859 3429 inveni
876 3393 892 3429 e
909 3377 1003 3433 nostris
1027 3385 1180 3444 enotatum,
1204 3396 1253 3434 nec
1275 3380 1378 3434 editum

129 3463 208 3515 gnam
234 3443 400 3511 instabilem,
427 3459 495 3514 quae
512 3453 664 3515 opponatur
685 3454 739 3498 sta·
772 3445 901 3499 aModio.
936 3448 1017 3498 Amat
1035 3446 1105 3499 enim
1121 3446 1229 3501 Curtius
1246 3448 1275 3502 in
1293 3449 1379 3503 Grae·

128 3513 221 3580 toriae,
243 3511 371 3582 quoniam
381 3511 425 3582 qui
434 3514 585 3582 frequenter
598 3513 737 3584 procurrit,
772 3513 808 3567 cis
826 3512 913 3566 verbis
923 3514 1037 3568 Graecas
1052 3515 1252 3569 terminationes
1261 3535 1378 3572 casuum.

127 3599 212 3654 aeque
229 3581 388 3650 frequenter
405 3580 525 3634 recurrit
806 3583 865 3635 Nec
883 3586 1021 3704 quicquam
1038 3586 1209 3652 inaspectum]
1248 3587 1379 3640 Timorem

720 3684 737 3737 d
771 3649 891 3720 intelligo
915 3652 1027 3705 mritum
1051 3653 1241 3720 Macedonum,
1272 3672 1306 3708 ne
1329 3652 1379 3723 ipsi

771 3719 969 3800 elephantorum
995 3722 1100 3840 praeda
1131 3722 1231 3800 fierept.
1281 3727 1380 3800 Itaque

771 3805 843 3840 onnn
859 3796 962 3843 ratrone
980 3791 1134 3860 eephantos
1151 3789 1270 3844 oecrdere
1289 3797 1380 3843 eonatr

158 3688 183 3754 §-
204 3689 250 3739 25.
288 3683 422 3762 lugentem
444 3683 483 3753 lu]
519 3683 609 3754 Vulgo
633 3684 667 3751 ii,
691 3702 719 3738 se

127 3753 200 3826 quod
220 3766 374 3822 saepissrme
396 3752 580 3821 repetendum,
596 3752 738 3831 ¹sequimur

124 3821 505 3962 Εΐὲῐέἀὲᾙθξῗῖξῖῃῇω
527 3837 737 3958 Sfflsseffi'
770 3856 871 3909 nullum
889 3857 975 3911 caedis
993 3874 1076 3927 genus
1093 3874 1147 3910 non
1162 3857 1378 3935 experiebantur,

123 3957 324 4030 Elephantidos
347 3954 419 4008 Flor.
436 3956 489 4008 ΕΗ
510 3905 592 4010 hem.
609 3958 648 4022 B,
675 3958 737 4011 mali
770 3924 1377 4062 ggssegffiffimessisssmmnlfslgffiffillscffilriffigi:

114 4023 388 4153 'ffiff'eiulsiffi
398 4025 685 4147 ffleffimffl'mc
708 4034 737 4079 et
769 4062 830 4116 Hoc
847 4062 967 4116 ultimum
988 4063 1135 4115 membrum
1157 4059 1233 4139 facile
1251 4061 1375 4140 omittere

153 4202 179 4268 ξ.
200 4203 248 4252 29.
291 4193 408 4263 Copidas
434 4196 569 4262 vocabant]
610 4195 736 4265 Imperfe-
770 4129 1235 4253 ppgeffitpplptrrcrdmggalpdplplrlrlrpeesm
1252 4147 1310 4251 sdiid
1325 4132 1374 4251 ii-

122 4277 196 4322 ctum
225 4272 336 4332 tempus
380 4279 410 4314 ro
436 4262 507 4332 vulg.
531 4273 622 4316 vocam
648 4280 737 4318 omnes
771 4266 873 4321 monuit
890 4267 965 4321 illum
981 4267 1080 4319 mentio
1096 4263 1285 4333 proboscidum
1303 4268 1375 4338 copi·

120 4334 194 4391 llor.
216 4340 329 4405 praeter
343 4280 380 4384 GP
386 4328 520 4411 exhibent,
538 4331 603 4385 item
620 4332 737 4385 Bernen-
773 4336 848 4391 dibus
864 4336 1047 4401 laceraturum,
1063 4332 1133 4403 quali
1142 4333 1252 4388 vulnere
1266 4336 1374 4391 affectos

120 4421 159 4461 sas
186 4411 221 4458 et
247 4398 489 4470 Snakenburgram.
530 4399 584 4455 Sed
613 4401 685 4471 quod
709 4401 738 4455 in
771 4420 878 4460 necesse
895 4412 936 4459 est
953 4403 1051 4476 perisse
1068 4401 1231 4472 elephantos.
