2926 5174
476 316 523 365 iiii
549 315 676 367 oneris
701 314 811 366 aiiix.
843 315 894 384 iu,
922 313 964 364 ie.
1291 299 1337 370 79

89 498 161 569 bebi
196 494 411 572 abessent.
462 496 567 572 Totas
600 508 723 571 autem
754 498 902 572 arbores
934 521 1017 570 euni
1049 497 1253 596 ingentibus
1284 525 1339 572 ra·

89 607 135 680 nis
157 606 200 679 iii
233 606 376 678 altum
402 607 586 699 iaciebant,
622 607 755 683 deinde
780 609 877 682 saxis
903 608 1118 699 onerabant,
1144 634 1339 707 rursusque

89 717 215 790 cumulo
249 741 402 790 eorum
425 718 508 790 alias
533 719 680 794 arbores
707 719 926 809 iuiiciebant,
959 729 1038 792 tum
1069 720 1200 793 hunius
1234 744 1339 817 agge·

89 829 233 919 rebatur,
250 852 452 925 superque
477 829 543 902 alia
567 840 667 903 strue
694 854 864 903 saxorum
890 831 1128 927 arborumque
1148 831 1339 920 cumulata,

89 940 172 1012 velut
197 937 388 1036 quodam
414 965 509 1013 nexu
533 941 722 1014 continens
748 966 839 1038 opus
864 941 1066 1015 iunxerant.

173 1047 259 1124 Nee
281 1048 412 1148 Tyrii,
437 1050 599 1148 quicquid
625 1049 673 1124 ad
698 1050 962 1149 impediendam
987 1052 1118 1124 molem
1144 1049 1340 1148 excogitari

91 1172 231 1259 poterat,
260 1161 442 1258 segniter
466 1162 744 1258 exequebantur.
787 1161 1025 1260 Praecipuum
1051 1162 1224 1239 auxilium
1250 1171 1338 1251 erat,

94 1274 143 1370 qui
164 1274 298 1372 procul
329 1271 496 1344 hostium
529 1281 724 1370 conspectu
750 1273 919 1346 subibant
945 1298 1090 1369 aquam,
1127 1271 1339 1367 occultoque

97 1383 190 1480 lapsu
210 1382 260 1459 eil
284 1383 440 1456 molem
464 1407 572 1479 usque
600 1383 848 1480 penetrabant,
868 1383 1018 1457 falcibus
1044 1383 1209 1482 palmites
1237 1383 1339 1455 arbo·

104 1517 168 1566 rum
188 1492 443 1567 eminentium
468 1492 512 1566 ad
538 1518 575 1567 se
601 1493 805 1584 trahentes,
842 1519 932 1590 quae
966 1495 1029 1568 ubi
1054 1503 1198 1568 secutae
1225 1502 1339 1582 erant,

104 1605 246 1702 pleraque
282 1628 428 1677 secum
459 1603 496 1677 in
526 1601 744 1702 profundum
770 1603 920 1678 dabant:
959 1615 1038 1679 tum
1062 1609 1203 1680 levatos
1231 1627 1340 1676 onere

102 1715 213 1813 stipites
240 1725 486 1810 truncosque
511 1715 679 1789 arborum
691 1714 790 1787 haud
802 1739 908 1812 aegre
928 1718 1182 1790 moliebantur:
1209 1711 1339 1787 deinde

101 1832 192 1900 totum
225 1850 358 1923 opus,
406 1823 502 1920 quod
532 1826 712 1923 stipitibus
746 1828 865 1899 fuerat
888 1827 1068 1915 innixum,
1105 1823 1360 1903 fundamento„

101 1933 175 2033 lapso
199 1935 460 2034 sequebatur.

174 2048 312 2146 Aegro
355 2044 470 2117 animi
494 2043 721 2137 Alexandro,
755 2071 822 2119 nec
847 2054 1111 2143 perseveraret,
1146 2070 1193 2117 an
1225 2042 1341 2115 abiret

99 2157 159 2232 silis
183 2168 306 2249 oert0,
342 2154 475 2227 classis
502 2153 620 2255 Cypro
648 2156 811 2246 advenit,
845 2155 1041 2253 eodemque
1072 2165 1236 2253 tempore
1262 2149 1339 2224 Cle·

99 2266 182 2343 ander
220 2294 319 2342 cum
366 2261 515 2338 Graecis
553 2267 725 2340 militibus
763 2268 800 2339 in
835 2264 961 2339 Asiam
1000 2290 1116 2363 nuper
1154 2263 1338 2336 advectus.

98 2371 222 2452 Centum
251 2388 297 2452 et
332 2375 527 2470 octoginta
550 2376 695 2474 navigia
719 2378 757 2450 in
783 2375 855 2448 duo
882 2375 1010 2450 dividit
1023 2400 1172 2448 cornua:
1197 2375 1341 2446 laevum

97 2572 179 2616 Iieiiiie
195 2563 266 2634 quid
286 2579 308 2615 a
330 2555 450 2627 vulgari
466 2575 514 2611 usu
530 2559 703 2630 pauloremo·
737 2570 823 2614 atram
834 2579 909 2630 pers.
928 2577 964 2614 aa
981 2560 1065 2613 abiret
1082 2559 1148 2612 satis
1166 2558 1272 2623 incerto,
1282 2574 1341 2609 cum

96 2626 131 2682 tius
142 2631 245 2699 inesset,
255 2629 386 2684 editum
405 2624 458 2678 fuit
475 2638 578 2682 erectae.
602 2627 703 2691 Quam·
736 2627 764 2682 in
780 2628 899 2700 principe
923 2627 1058 2698 legeretur
1083 2645 1145 2696 erqo
1171 2626 1256 2678 animi
1278 2625 1341 2676 Ale-

95 2694 122 2748 IlI
139 2703 231 2770 eripere
261 2710 373 2753 turres
405 2693 558 2764 frequenter
587 2697 702 2762 dicatur,
736 2701 839 2751 sundro
856 2715 888 2749 ae
891 2715 1004 2818 ⁴persev.
1022 2714 1058 2748 aa
1067 2696 1151 2747 abiret
1159 2695 1225 2746 satie
1235 2694 1341 2744 incerto.

95 2768 158 2821 brien
173 2769 256 2822 etiam
276 2765 422 2821 excitare
439 2772 522 2816 turres
544 2765 615 2834 apud
634 2763 702 2817 Cae·
737 2764 821 2819 Codd.
845 2765 890 2835 qui
909 2782 952 2818 eiii
974 2762 1094 2817 meliores
1112 2778 1144 2814 rie
1159 2768 1342 2829 perseveraret

94 2847 154 2889 Itieu
177 2836 282 2918 legitur
313 2833 360 2886 B.
378 2829 456 2896 (3.1,
478 2837 510 2883 25
536 2840 564 2885 et
590 2850 702 2902 ayyeree
735 2864 770 2873 -
787 2836 854 2887 satis
878 2843 961 2897 certo,
990 2831 1062 2902 quod
1089 2847 1148 2883 cum
1175 2845 1228 2880 uua
1251 2825 1342 2878 addita

94 2904 144 3021 pud
160 2904 265 2959 Livium
290 2912 445 2963 XXXVIII,
468 2905 495 2965 8;
524 2898 580 2969 ipse
610 2909 702 2954 autem
735 2901 826 2955 littera
844 2908 876 2953 ut
893 2918 940 2953 nec
957 2901 1034 2952 fieret
1051 2897 1244 2950 emendandum
1261 2901 1340 2959 esset,

110 2971 178 3026 Irtius
192 2975 322 3027 excitare
345 2966 515 3020 munimenta
532 2982 585 3035 vn,
604 2974 638 3023 28
661 2968 701 3022 di·
736 2969 805 3023 sieut
826 2970 928 3021 sactum
951 2976 992 3020 est
1012 2965 1042 3018 iii
1058 2965 1139 3017 Bern.
1157 2965 1183 3016 A
1209 2971 1238 3015 et
1263 2961 1341 3041 plane

95 3035 122 3088 eit
137 3049 161 3092 et
180 3043 252 3094 excit.
275 3038 393 3092 molem
419 3047 484 3100 vm,
506 3039 530 3088 8.
563 3036 607 3089 De
630 3038 701 3091 iacta
735 3044 812 3091 extat
833 3037 861 3088 in
879 3037 955 3090 Voss.
976 3042 1004 3100 i,
1033 3031 1177 3084 deteriores
1198 3031 1233 3108 ad
1256 3046 1341 3081 varias

96 3107 175 3159 eticta
188 3108 247 3160 vide
263 3125 297 3160 su
320 3122 363 3158 ra
385 3119 412 3155 c.
438 3108 464 3152 ii
487 3122 493 3154 ε
515 3104 560 3156 sed
582 3123 635 3158 non
659 3114 701 3159 est
735 3105 899 3160 coniecturas
917 3102 1039 3172 delapsae
1057 3107 1128 3164 sunt,
1140 3106 1170 3151 ut
1183 3097 1342 3176 scaberetur

97 3170 151 3226 aaa
166 3173 212 3227 iiiii
226 3174 256 3227 iii
307 3192 358 3227 or.
381 3166 490 3224 cneii
506 3178 534 3223 et
549 3171 629 3226 Bern.
648 3173 682 3226 B.
733 3177 833 3227 incerto
851 3171 880 3223 in
896 3170 968 3223 Flor.
986 3168 1040 3222 ΕΗ
1057 3168 1138 3220 Bern.
1155 3167 1189 3233 B,
1212 3165 1342 3234 simulque

122 3241 139 3307 ἕ.
154 3248 168 3296 9
184 3243 349 3313 rursusque]
377 3236 478 3290 Adieei
495 3241 616 3310 copulam
635 3259 698 3311 pro·
726 3250 954 3311 perseverarem,
972 3246 1020 3291 aut
1039 3237 1120 3290 stulte
1138 3245 1224 3288 atrum
1241 3251 1286 3299 oe,
1310 3240 1342 3285 ut

92 3308 260 3374 plerli'broruni
269 3323 418 3367 meorum
431 3322 595 3364 consensum:
615 3309 697 3362 Snali.
731 3319 773 3364 est
791 3309 819 3361 in
836 3307 909 3361 Flor.
927 3305 1019 3360 DFIG
1038 3304 1077 3371 (in
1095 3305 1144 3358 boc
1161 3310 1250 3355 autem
1262 3301 1299 3356 sic
1310 3309 1342 3354 ut

92 3389 127 3429 rou
140 3384 339 3435 commemorat
362 3370 422 3426 nisi
438 3371 599 3430 Leidensem.
630 3376 698 3431 Post
732 3398 784 3433 aon
806 3385 871 3431 ante
892 3377 960 3429 satie
979 3384 1049 3429 certo
1076 3372 1239 3440 adderetur).
1278 3370 1342 3422 Non

92 3445 143 3508 Iaulo
158 3452 252 3503 baurim
273 3442 480 3516 apparabatur
495 3440 522 3495 iii
539 3444 612 3498 libris
624 3446 697 3499 Flor.
732 3445 842 3500 dubium
870 3453 912 3497 est
938 3443 1002 3515 quin
1031 3449 1104 3495 reete
1125 3459 1146 3520 ‘a
1168 3439 1243 3493 nobis
1264 3455 1341 3508 prae-

92 3523 221 3585 epraeter
229 3518 255 3570 F
258 3515 290 3570 G
308 3509 449 3567 omnibus
460 3526 566 3582 eamque
584 3514 618 3567 ob
636 3532 698 3567 cau-
732 3522 814 3568 eunte
831 3513 926 3567 Medio
945 3517 1094 3566 correctum
1111 3517 1153 3562 sit.
1188 3508 1341 3577 Interroga-

92 3596 120 3634 111
136 3585 354 3640 restituendum
380 3585 538 3648 putaveram
559 3581 587 3634 iii
609 3580 698 3652 priore
732 3582 814 3638 tionis
836 3584 922 3635 fornia
939 3580 1051 3634 similem
1068 3576 1243 3632 confusionem
1260 3592 1340 3647 pepe-

92 3649 184 3723 ditione,
205 3670 292 3708 nunc
319 3648 365 3703 ad
384 3645 522 3715 vulgatam
540 3649 698 3720 scripturam
733 3653 771 3706 rit
789 3666 833 3718 111,
853 3657 896 3716 ai,
917 3655 957 3701 17.
975 3664 1003 3714 r,
1023 3654 1066 3713 37,
1087 3653 1126 3700 18.

92 3726 232 3787 parebatur
253 3723 420 3780 revertor,
444 3723 472 3767 et
488 3716 649 3787 reliquorum
668 3718 699 3770 li·
770 3730 873 3772 centum
896 3726 919 3768 et
941 3717 1086 3783 aonapiata
1108 3716 1171 3767 navi
1189 3715 1226 3780 ia]
1255 3711 1340 3766 Codd.

92 3783 621 3863 oumimprimisquessem.naua,et
627 3788 699 3857 quod
733 3806 798 3842 mss.
816 3783 962 3839 deteriores
980 3793 1008 3836 et
1025 3783 1137 3853 primum
1150 3734 1214 3834 eiiii
1224 3783 1339 3845 noviom,

92 3871 143 3912 reas
159 3862 256 3914 minus
278 3863 373 3910 recte
382 3850 490 3904 videtur
499 3852 578 3907 dicia
594 3856 697 3924 aerari,
732 3854 858 3911 meliores
884 3850 958 3903 Leid.
980 3852 1056 3905 Voss.
1083 3858 1094 3902 1
1118 3850 1198 3902 Bern.
1219 3850 1245 3900 A
1267 3846 1339 3899 Flor.

92 3927 190 4000 reipsa
208 3930 288 3982 dum
311 3918 517 3992 aggeritur,ag
535 3939 564 3975 er
572 3873 611 3975 lit.
620 3923 698 3975 Aliae
731 3925 785 3978 AB
801 3933 830 3976 et
843 3927 950 3992 praeter
967 3936 1011 3972 cos
1030 3918 1203 3994 CEHussern,
1220 3916 1244 3967 B
1262 3915 1339 3992 Voss.

93 4003 105 4043 ³
229 4007 306 4057 tur,
331 4006 403 4044 cum
422 3986 450 4039 in
466 4005 492 4039 m
528 4009 571 4043 uin
589 3990 697 4061 aggeris
731 4001 747 4047 2
768 3992 919 4062 aaaiqi'am:
942 3987 1047 4069 utrique
1070 4002 1164 4039 onusso
1182 3990 1339 4059 accusatipo.

93 4011 227 4122 mffiqrn
275 4054 431 4116 Confusio
448 4063 534 4109 autem
551 4058 613 4111 iude
631 4066 697 4111 nata
730 4060 830 4130 Itaque
849 4057 934 4110 Aldus
952 4073 1056 4108 naviam
1075 4056 1183 4106 classem
1201 4050 1234 4101 de
1246 4065 1339 4128 ¹conie-

93 4133 179 4203 iquod
206 4124 411 4207 praepositio
434 4126 484 4190 ad,
512 4143 580 4195 quse
603 4135 645 4180 est
667 4127 696 4179 in
731 4139 814 4186 ctura
831 4123 918 4188 dedit,
936 4140 1047 4194 eamque
1068 4120 1148 4198 vulgo
1171 4124 1254 4170 secuti
1275 4124 1338 4196 sunt

93 4205 189 4265 suendi
206 4202 327 4264 verbo,
352 4191 508 4269 insequenti
525 4211 658 4248 consonae
667 4194 695 4247 iii
729 4197 844 4267 reliqui,
869 4211 917 4246 uos
934 4193 1042 4262 naoipia
1060 4196 1161 4266 potius,
1187 4186 1339 4265 quoduitem

93 4266 171 4343 elI'Ique
188 4270 279 4326 libn‘s
301 4257 521 4318 &Sifflllstbfliuh
729 4268 858 4323 voluerat
876 4259 1009 4325 Heinsius,
1028 4271 1194 4311 correximus.
1233 4254 1340 4307 Dicitur

98 4334 144 4398 ll]
164 4360 214 4395 aec
228 4336 455 4411 perseveraret
472 4346 506 4380 (111
524 4332 607 4383 abiret
625 4329 693 4383 satie
729 4335 841 4407 quidem
864 4330 919 4383 fere
943 4327 1086 4381 exercituin
1104 4321 1220 4375 dividere
1237 4321 1265 4374 iii
1282 4338 1339 4374 cor·

93 4407 127 4472 ra]
144 4411 246 4482 Vulgo
275 4400 361 4458 inde
387 4394 425 4448 ab
446 4393 541 4454 Aldina
562 4397 651 4452 editur
670 4406 693 4450 et
727 4421 801 4470 nua,
833 4399 882 4456 sed
916 4414 1016 4451 summa
1045 4390 1150 4447 navium
1181 4389 1266 4445 relata
1290 4406 1340 4460 pro
