2984 5176
507 300 557 350 nn
585 299 712 352 ocsus
739 301 849 354 anax.
882 305 933 373 1v,
962 301 1004 355 11.
1342 292 1362 361 7
1369 292 1389 361 7

103 483 220 554 uasere
256 480 488 574 interficiunt,
523 483 754 581 paucioribus
787 488 910 584 captis.
962 486 1017 562 Ea
1048 513 1107 563 res
1138 488 1389 565 Alexandrum

147 591 308 666 dividere
334 593 455 691 copias
483 595 618 692 coeigit:
646 604 683 668 et
709 621 755 670 ne
783 599 939 696 segniter
965 598 1124 674 assidere
1150 603 1212 676 uni
1233 603 1313 677 urbi
1340 604 1391 675 vi·

147 703 307 792 deretur,
344 703 444 800 operi
478 701 676 778 Perdiccan
702 705 945 806 Crateronque
979 712 1163 808 praefecit,
1199 712 1276 809 ipse
1308 737 1390 785 cum

146 813 317 912 expedita
341 838 453 888 manu
477 813 651 888 Arabiam
676 818 788 914 petiit.

111 949 128 996 2
251 922 349 996 Inter
388 923 479 996 haec
516 924 617 1023 Tyrii
653 952 786 1000 navem
823 929 1069 1027 magnitudine
1106 932 1253 1024 eximia,
1292 933 1441 1011 saxisrt

148 1059 330 1130 arenaque
358 1057 381 1104 a
405 1034 519 1130 puppi
545 1047 740 1128 oneratam,
757 1039 808 1110 ita
833 1049 875 1111 ut
898 1040 1052 1112 multum
1076 1066 1184 1138 prora
1209 1044 1390 1134 emineret,

148 1144 326 1218 bitumine
359 1166 402 1214 ac
436 1144 607 1241 sulphure
638 1147 767 1220 illitam
790 1149 898 1221 remis
925 1151 1209 1224 concitaverunt:
1248 1165 1392 1227 etcum

149 1276 324 1352 magnam
354 1251 428 1324 vim
460 1255 557 1327 venti
584 1257 665 1329 vela
692 1283 834 1354 quoque
862 1260 1126 1358 concepissent,
1158 1264 1319 1336 celeriter
1345 1263 1393 1336 ad

117 1385 133 1432 a
152 1363 293 1457 molem
312 1365 497 1441 suecessit:
523 1376 601 1440 turn
626 1392 735 1465 prora
762 1368 838 1441 eius
865 1394 1026 1460 accensa,
1045 1373 1199 1470 remiges
1219 1372 1393 1447 desiluere

153 1473 191 1545 in
227 1471 392 1571 scaphas,
432 1501 522 1571 quae
552 1476 600 1549 ad
630 1478 700 1550 hoc
732 1478 851 1577 ipsum
876 1491 1113 1578 praeparatae
1139 1482 1392 1579 sequebantur.

150 1582 264 1656 Navis
295 1590 416 1657 autem
445 1586 529 1684 igne
560 1598 734 1686 concepto
767 1590 874 1663 latius
906 1591 1057 1666 fundere
1082 1593 1288 1667 incendium
1315 1619 1392 1668 coe·

148 1694 213 1791 pit,
241 1696 346 1792 quod,
371 1697 580 1795 priusquam
605 1709 730 1797 posset
755 1703 903 1793 occurri,
930 1712 1048 1776 turres
1075 1714 1112 1777 et
1138 1715 1258 1778 cetera
1282 1729 1393 1802 opera

111 1808 187 1878 ein
223 1812 338 1908 capite
371 1809 476 1882 molis
508 1810 628 1908 posita
662 1811 942 1908 comprehendit.
996 1812 1048 1886 At
1082 1814 1143 1909 qui
1174 1814 1394 1887 desiluerant

147 1920 186 1990 in
212 1946 326 2018 parva
351 1921 506 2019 navigia,
520 1920 626 2010 faces,
642 1931 679 1993 et
705 1921 873 2018 quicquid
899 1921 1028 1995 alendo
1054 1923 1129 2020 igni
1154 1934 1280 2020 aptum
1307 1933 1394 2013 erat,

147 2031 187 2102 in
219 2030 346 2105 eadem
376 2056 489 2130 opera
513 2030 692 2128 ingenmt.
745 2030 893 2128 lamque
923 2057 997 2104 non
1023 2032 1131 2105 modo
1156 2030 1395 2108 Macedonum

149 2150 280 2233 turres,
309 2140 376 2215 sed
402 2142 511 2214 etiam
538 2165 678 2213 summa
703 2141 868 2215 tabulata
894 2153 1134 2241 conceperant
1151 2144 1286 2242 ignem:
1314 2169 1394 2217 cum

150 2251 199 2342 hi,
226 2253 287 2348 qui
311 2254 349 2325 in
376 2253 534 2326 turribus
562 2263 674 2341 erant,
701 2253 833 2349 partim
857 2253 1086 2328 haurirentur
1110 2254 1286 2345 incendio,
1313 2280 1392 2352 par·

110 2362 217 2434 5tim
243 2365 350 2437 armis
378 2363 527 2452 omissis,
553 2362 591 2434 in
616 2386 716 2434 mare
742 2373 854 2437 semet
881 2364 948 2461 ipsi
974 2364 1216 2439 immitterent.
1256 2365 1309 2437 At
1322 2364 1392 2464 Ty·

148 2475 210 2563 rii,
247 2477 307 2570 qui
343 2500 470 2575 capere
506 2499 583 2563 eos,
623 2498 731 2569 quam
761 2474 959 2548 interficere
990 2477 1154 2567 mallent,
1189 2476 1393 2550 natantium

149 2610 280 2658 manns
313 2587 492 2686 stipitibus
530 2584 697 2680 saxisque
728 2585 952 2674 lacerabant,
988 2585 1102 2659 donec
1129 2586 1304 2661 debilitati
1330 2586 1392 2656 im-

109 2715 249 2792 apune
282 2699 433 2796 navigiis
469 2696 585 2793 excipi
627 2706 782 2792 possent.
847 2695 922 2768 Nec
959 2694 1123 2768 incendio
1159 2697 1275 2768 solum
1311 2719 1392 2790 ope-

148 2832 194 2878 ra
219 2819 446 2907 consumpta,
484 2805 548 2879 sed
585 2807 678 2878 forte
715 2806 842 2880 eodem
883 2805 939 2879 die
984 2807 1230 2879 vehementior
1261 2813 1393 2876 ventus

150 3049 262 3118 quidem
278 3048 345 3104 libro
366 3069 427 3104 mss.
450 3057 542 3104 nostro
565 3057 612 3102 aut
634 3049 754 3103 Snaken-
790 3046 844 3111 Qui
877 3045 905 3098 in
939 3043 1099 3121 contrariam
1125 3041 1295 3120 sententiam·
1310 3043 1395 3096 nostri

150 3115 243 3185 burgii
259 3115 393 3172 inventum
410 3126 458 3172 est.
788 3112 926 3184 scriptoris
940 3119 968 3164 et
978 3110 1097 3164 Caesaris
1114 3108 1163 3162 loci
1176 3128 1192 3161 a
1207 3108 1394 3163 Ruddrmenno

190 3186 213 3251 §-
240 3191 262 3236 1.
295 3186 441 3241 Perdiccan
460 3187 540 3239 Bern.
559 3187 585 3238 A
608 3184 680 3239 Flor.
703 3184 753 3238 AB
789 3200 899 3254 gramm.
918 3180 977 3233 Lat.
997 3179 1152 3245 afferrmtur,
1171 3193 1261 3231 omnes
1278 3185 1394 3230 autcor·

150 3251 229 3305 Leid.
259 3252 335 3307 Voss.
369 3263 382 3308 1
414 3273 464 3325 pro
496 3254 567 3323 vulg.
598 3254 755 3306 Perdiccam
788 3251 857 3305 recti
882 3250 934 3303 iam
952 3256 1014 3301 sunt
1033 3254 1080 3299 aut
1097 3264 1113 3298 a
1129 3263 1171 3299 me
1189 3264 1224 3299 ex
1242 3246 1318 3327 codd.
1336 3263 1394 3327 cor-3

148 3329 308 3393 praestent,
336 3323 463 3376 Crateron
481 3330 569 3376 autem
586 3339 646 3374 mss.
665 3339 754 3375 omnes
788 3320 920 3390 figuntur,
938 3325 1137 3388 praeterunum
1153 3321 1328 3396 vn2371nrt.
1348 3332 1394 3385 qur

148 3397 179 3442 et
199 3389 328 3443 editiones
352 3390 427 3458 Aldi,
446 3390 530 3456 lunii,
555 3389 647 3443 Medii.
683 3389 756 3443 Rara
789 3389 845 3442 sinc
870 3387 943 3441 libris
966 3385 1144 3439 emendandus
1167 3385 1225 3438 furt.
1244 3384 1284 3438 Os.
1303 3384 1345 3436 ad.
1363 3399 1392 3453 V,

151 3457 261 3528 quidem
285 3459 350 3512 haec
374 3460 457 3512 forma
473 3459 502 3512 in
519 3458 654 3512 hominum
671 3457 755 3510 nomi-
789 3464 831 3524 21,
851 3464 892 3510 14.
909 3471 949 3522 vr,
969 3463 1010 3522 19,
1030 3460 1071 3508 26.
1098 3454 1166 3506 Item
1182 3455 1322 3507 demtrosa
1338 3453 1392 3507 for-

149 3525 247 3591 nibus,
273 3543 333 3578 cum
351 3528 473 3598 frequens
491 3527 525 3581 sit
543 3527 571 3579 in
588 3526 692 3579 urbium
710 3544 756 3579 no·
790 3543 834 3578 ma
845 3527 970 3594 prosilivi
987 3525 1021 3575 ad
1038 3536 1095 3588 vn,
1116 3529 1146 3576 16
1165 3531 1233 3576 extr.

147 3593 280 3662 minibus,
299 3596 345 3648 sed
366 3596 468 3649 Coenon
486 3611 519 3662 v,
540 3598 571 3659 15
590 3601 618 3647 et
635 3609 704 3661 vm,
723 3600 756 3648 48
827 3593 1029 3662 comprehendit]
1065 3591 1136 3643 Flor.
1154 3591 1203 3644 AB
1223 3593 1393 3660 comprendit,

147 3661 272 3730 legimus.
790 3661 872 3714 Bern.
890 3663 914 3714 A
933 3661 1092 3729 conprendit.

190 3728 378 3799 Cap.12,§.8.
396 3741 448 3785 tum
484 3748 547 3784 rore
561 3731 617 3784 eius
632 3732 755 3801 accenso]
826 3733 849 3798 5.
868 3736 892 3782 4.
927 3731 955 3781 1ιί
973 3729 1027 3797 quc]
1064 3726 1109 3782 Sic
1125 3727 1186 3782 libri
1207 3746 1267 3781 mss.
1306 3734 1394 3781 caeter

154 3798 232 3849 Tunc
254 3801 325 3868 quod
346 3800 427 3870 vulgo
445 3817 460 3852 e
480 3799 533 3852 'tur
549 3798 642 3851 falsum
660 3797 757 3852 evinci·
791 3797 862 3851 Flor.
880 3796 931 3849 AB
949 3804 977 3849 et
994 3797 1074 3849 Bern.
1093 3797 1177 3867 Aqui
1194 3799 1233 3850 hii
1250 3747 1358 3848 hadent.

149 3875 200 3918 tur
219 3882 345 3920 consensu
367 3869 442 3921 codd.
465 3875 493 3920 et
510 3865 631 3920 editionis
651 3883 757 3937 quoque
861 3869 883 3933 ς.
911 3871 935 3917 5.
985 3883 1062 3933 quom
1097 3866 1240 3927 interficere
1274 3862 1394 3930 mallent]

147 3933 237 4006 princi
258 3934 287 3987 is.
337 3936 388 3989 Est
424 3936 493 3988 enim
529 3943 649 3989 nostrum
682 3943 754 3998 tana,
792 3934 906 3986 Mollent
929 3932 956 3984 in
973 3933 1053 3985 Bern.
1072 3936 1098 3984 A
1116 3932 1238 3985 omissum
1256 3936 1314 3981 erat
1331 3945 1394 3996 sup-

148 3953 256 4066 cernui,J
270 4021 325 4056 non
342 4006 443 4058 temnit.
461 4004 528 4058 Post
536 4002 617 4074 paulo
629 4004 757 4056 desiluere
791 4000 977 4080 pleturquein
995 3999 1121 4080 margine.
1147 3995 1394 4076 Seduhaecfortasse

148 4079 180 4123 et
200 4073 363 4125 desiluerant
379 4090 428 4143 pro
446 4074 579 4139 desiliere,
604 4073 758 4124 desilierent
791 4087 870 4122 causa
887 4068 987 4135 extitit,
1016 4086 1061 4121 cur
1078 4085 1106 4118 m
1127 4066 1212 4118 Modu
1237 4064 1393 4116 membranrs

148 4139 203 4192 scri
224 4138 246 4191 si
269 4140 343 4193 codd.
365 4141 429 4194 meis
453 4140 559 4211 quidem
586 4139 707 4193 omnibus
729 4146 758 4192 et
793 4136 992 4192 coloniensibus
1010 4143 1038 4188 et
1054 4135 1126 4187 Flor.
1143 4131 1194 4184 DF
1211 4133 1345 4184 voluerant
1362 4141 1391 4212 et

148 4157 236 4261 Snah.
267 4208 341 4261 Leid.
375 4209 562 4279 Vossianisque
596 4207 757 4273 iubentibus,
792 4205 909 4258 in'Flor.
928 4205 950 4258 C
968 4205 1099 4284 malebant
1115 4202 1216 4278 factum
1233 4206 1282 4251 est.
1308 4199 1394 4252 Nimr-

149 4294 216 4328 nam
241 4277 386 4347 composita
408 4277 482 4330 verbi
505 4278 621 4330 saliendi
644 4276 672 4328 in
690 4282 758 4328 tem·
792 4293 852 4328 rum
869 4272 1050 4326 coniunctrvus
1068 4269 1215 4347 elegantior
1232 4276 1286 4333 est,
1300 4284 1394 4346 'quam

149 4343 261 4414 poribus
278 4345 400 4416 perfectis
417 4362 467 4416 per
483 4345 602 4399 vocalem
615 4365 633 4397 a
646 4344 760 4397 forman·
794 4358 874 4412 quem
883 4339 981 4393 librarii
995 4346 1041 4391 aut
1053 4337 1200 4414 invemrent
1211 4344 1258 4388 aut
1275 4341 1308 4402 (ει
1318 4334 1396 4387 ahter

150 4420 214 4465 tur:
232 4413 263 4466 cf.
282 4432 346 4485 quos
364 4414 392 4467 in
401 4422 540 4485 grammat.
550 4416 574 4482 ᾖ.
585 4419 634 4467 206
644 4411 758 4465 laudavi.
793 4427 850 4464 rem
868 4408 1000 4478 explicare
1017 4405 1092 4474 velis)
1111 4403 1188 4458 faule
1204 4409 1368 4473 paterentur.
