2926 5174
117 265 190 337 510
582 285 616 348 Q·
645 285 770 337 cuarrr
794 285 880 337 nurr

115 467 189 540 eius
216 466 382 540 custodes
408 467 444 538 in
469 466 605 564 regiam
630 469 805 566 principes
823 469 1029 542 amicorum
1049 464 1236 560 ducesque
1251 467 1330 564 copia·

115 603 194 650 rum
229 577 460 650 advocavere.
520 575 651 650 Secuta
688 589 744 651 est
780 580 933 652 militum
976 577 1108 668 turba,
1152 577 1331 673 cupientiun

116 690 204 761 scire
211 745 219 778 ,
257 689 294 759 in
327 713 431 784 quem
462 688 659 761 Alexandri
691 691 834 763 fortuna
866 700 967 762 esset
994 689 1211 761 transitura.
1256 687 1350 760 Multit

115 798 222 872 duces
248 799 447 896 frequentia
472 800 623 872 militum
654 800 788 872 exclusi
820 800 957 896 regiam
990 801 1135 872 intrare
1161 824 1232 870 non
1260 810 1332 896 pote

114 922 204 1000 rant,
232 937 312 983 cum
338 935 477 1006 praem,
504 912 671 1008 exceptis,
699 912 759 1007 qui
784 911 998 983 nominatim
1026 913 1237 1001 citarentur,
1259 911 1333 982 adire

114 1023 328 1118 prohiberet.
374 1018 447 1093 Sed
472 1022 670 1118 precarium
698 1023 933 1119 spemebawr
960 1022 1169 1118 imperium.
1213 1021 1264 1093 Ac
1282 1021 1354 1119 pri-t

114 1158 212 1205 mum
253 1133 403 1206 eiulatus
443 1132 567 1228 ingens
608 1132 837 1229 ploratusque
870 1142 1076 1204 renovatus
1114 1142 1191 1204 est:
1231 1129 1335 1204 deinde

113 1244 223 1317 futuri
243 1242 444 1340 expectatio
469 1242 626 1333 inhibitis
645 1244 796 1317 lacrimis
817 1243 998 1316 silentium
1025 1243 1125 1315 fecit.
1167 1242 1257 1315 Tum
1271 1241 1356 1313 Per-t

114 1352 222 1445 dicca,
249 1355 346 1451 regia
372 1355 459 1426 sella
484 1354 521 1425 in
547 1365 777 1449 conspectum
795 1354 892 1450 vulgi
911 1351 1008 1443 data,
1038 1354 1078 1424 in
1103 1379 1177 1449 qua
1198 1353 1337 1426 diadema

114 1469 295 1563 vestisque
320 1465 518 1538 Alexandri
549 1491 630 1537 cum
662 1465 768 1536 armis
801 1474 918 1552 erant,
954 1465 1110 1535 anulum
1147 1464 1215 1541 sibi
1246 1462 1336 1562 pridie

114 1575 286 1649 traditum
319 1603 341 1648 a
372 1601 456 1673 rege
488 1577 524 1647 in
556 1575 681 1648 eadem
714 1574 797 1648 sede
834 1575 972 1673 posuit3
1015 1600 1180 1670 quorum
1215 1585 1337 1672 aspectu

113 1710 237 1760 rursus
275 1688 424 1761 obortae
457 1687 620 1758 omnibus
651 1687 815 1759 lacrimae
846 1688 1080 1782 integravere
1113 1685 1261 1758 luctum.
1304 1682 1358 1756 Eu

40 1802 47 1811 “
114 1795 299 1888 Perdicca,
331 1798 405 1896 Epo
431 1798 578 1896 quidem,
609 1798 737 1893 inquit,
769 1797 920 1887 anulum,
954 1821 1020 1894 quo
1055 1796 1111 1870 iile
1145 1798 1245 1896 requi
1264 1808 1338 1893 atque

114 1907 249 2006 imperii
265 1910 353 1983 utres
372 1909 543 2007 abripuere
563 1921 635 1982 erut
650 1909 773 1999 solitrer,
799 1907 958 1980 nuditum
978 1907 1021 1979 ab
1041 1908 1121 2004 ipso
1141 1909 1236 2000 milti,
1258 1905 1339 1980 reddo

113 2019 212 2093 uobis.
259 2018 410 2095 Ceterum
427 2045 630 2119 quamquam
655 2019 747 2092 uultu
772 2020 881 2092 οἰαᾶεε
902 2018 989 2108 huic,
1016 2043 1090 2116 qua
1109 2019 1225 2119 affecti
1238 2032 1358 2104 summi

110 2154 180 2226 por
205 2131 246 2202 ab
272 2131 368 2205 iratis
393 2132 461 2206 diis
483 2130 662 2228 eacopitori
678 2143 794 2228 potest,
821 2143 930 2202 tamea
947 2129 1227 2227 mapuitudiuem
1243 2153 1339 2216 rerua

115 2265 199 2338 quas
225 2241 302 2338 epit,
337 2242 532 2316 intuentibus
558 2240 688 2327 credere
714 2240 797 2330 lieet,
832 2253 958 2313 tautum
985 2239 1106 2312 uirum
1134 2241 1217 2316 deos
1241 2265 1339 2315 meru

114 2350 265 2424 rudae
291 2352 386 2425 rebus
412 2352 581 2443 tumeam,
608 2377 751 2449 quarum
775 2363 858 2425 sorte
884 2351 1067 2448 computu,
1096 2352 1162 2426 cito
1188 2359 1341 2450 repeterent

115 2482 190 2530 eura
214 2485 295 2533 auae
320 2462 427 2561 stirpi.
479 2463 626 2538 Proinde
652 2463 808 2562 quonium
832 2461 918 2534 aiiii
941 2462 1043 2534 uliud
1070 2487 1115 2536 eu
1143 2489 1182 2538 eo
1208 2472 1357 2562 supetat

12 2618 16 2623 -
115 2595 217 2667 quare
242 2571 330 2669 quod
354 2597 483 2671 semper
508 2575 549 2647 ah
574 2574 813 2648 immortalitate
838 2572 1024 2663 seducitur,
1060 2576 1204 2673 corpori
1228 2570 1339 2649 lumini

112 2790 222 2849 'devertit
231 2797 357 2850 edidimus
370 2816 420 2867 pro
431 2799 502 2869 vulg.
512 2801 613 2852 divertit
622 2806 715 2853 aucto·
748 2796 921 2852 interdicatur
938 2797 1066 2869 reliquis,
1095 2800 1153 2854 hoc
1177 2801 1278 2873 quidem
1296 2802 1339 2852 tou

115 2861 221 2916 ritatem
238 2865 311 2919 Leid.
321 2866 397 2919 Voss.
409 2874 420 2918 1
432 2866 546 2920 Bem.A
560 2867 630 2920 Flor.
640 2866 713 2920 ABC
749 2869 781 2919 de
805 2865 934 2919 thesauris
961 2866 1179 2937 intelligendum
1202 2864 1340 2923 videturad

115 2932 210 2999 secuti,
233 2934 295 2986 item
318 2953 396 3004 supra
413 2934 458 2988 lib.
472 2950 512 2999 rv,
530 2942 573 3001 35,
593 2942 606 2988 1
626 2943 654 2988 et
672 2942 713 3002 61,
749 2935 828 3006 ipsius
849 2935 919 3004 regis
942 2953 1024 2987 usum
1047 2937 1188 3007 sepositis.
1229 2940 1296 2993 Vires
1312 2933 1341 2986 di

116 3007 148 3053 14
170 3003 279 3054 eandem
301 3002 411 3056 formam
435 3021 449 3056 e
471 3003 543 3056 libris
565 3003 715 3057 melioribus
749 3012 843 3057 cuntur
862 3003 937 3055 velut
963 3021 1045 3073 opes:
1096 3005 1139 3058 uis
1168 3015 1256 3060 autem
1277 2999 1340 3056 aad

113 3068 290 3137 restituimus,
310 3071 434 3140 quoniam
451 3071 605 3125 deflectendi
623 3072 655 3123 de
673 3072 716 3124 via
749 3089 856 3125 nervum
879 3087 968 3123 rerum
993 3089 1083 3142 geren
1103 3091 1182 3128 arum
1203 3072 1287 3128 haberi
1306 3085 1341 3140 pe

114 3137 188 3190 notio
205 3137 281 3191 inest.
319 3140 360 3192 cf.
370 3139 505 3193 Drakenb.
523 3141 556 3192 ad
573 3139 631 3192 Liv.
641 3145 713 3205 1,51,
749 3139 870 3193 cuniam?
1203 3137 1206 3144 '

115 3211 146 3272 8,
164 3205 210 3274 qui
231 3215 319 3259 tamen
341 3207 390 3259 sihi
413 3226 466 3260 non
483 3207 614 3274 constitit,
647 3208 714 3262 libro
783 3211 805 3276 §.
821 3215 843 3260 t.
899 3209 955 3260 uod
975 3225 1086 3278 semper
1115 3211 1150 3264 ab
1173 3208 1341 3263 immortalitate

113 3287 217 3338 xxm,
236 3282 267 3328 53
286 3275 343 3328 init.
362 3293 378 3327 a
396 3277 488 3344 quibus
507 3278 611 3329 divertit
630 3279 714 3329 οναιὶο
748 3225 899 3343 reducturi
925 3274 997 3328 Cum
1022 3277 1091 3330 olim
1115 3277 1162 3331 alii
1184 3278 1259 3340 aliter
1277 3272 1342 3344 expli·

114 3343 203 3404 edens,
221 3360 280 3395 cum
298 3343 388 3412 optimi
408 3345 536 3399 haberent
555 3347 670 3397 devertit.
749 3345 861 3398 cuissent
879 3350 907 3395 et
924 3343 1068 3413 corrigere
1078 3346 1165 3398 etiam
1174 3345 1257 3400 conati
1265 3349 1340 3404 aaut

149 3413 172 3472 S.
183 3415 207 3460 2.
243 3429 298 3463 curu
311 3429 410 3479 praeco
428 3444 463 3453 —
478 3413 637 3481 prohiberet,
655 3412 672 3465 i.
690 3430 713 3465 e.
747 3410 872 3492 postremi
890 3411 1073 3466 Heumannus
1093 3415 1341 3469 etennensium

115 3476 233 3546 quamvis
251 3479 411 3548 prohiberet.
440 3480 562 3534 Modiam
575 3479 658 3533 secuti
672 3498 714 3533 re-
748 3478 914 3550 mterpretati
939 3489 1012 3533 sunt.
1052 3483 1101 3535 Ad
1125 3483 1282 3536 sententiam
1299 3475 1341 3548 qul·

114 3543 244 3622 certiores
252 3546 391 3600 ediderunt
400 3551 536 3616 prohibuit
550 3556 641 3602 contra
653 3567 713 3602 mss.
748 3551 807 3602 dem
830 3547 880 3601 loci
905 3565 1002 3618 parum
1031 3549 1154 3605 interest
1180 3560 1267 3605 utrum
1335 3582 1342 3596 ·

113 3612 232 3667 codicum
249 3615 443 3669 auctoritatem.
747 3619 898 3670 subducitur
922 3615 1081 3671 retineatur
1114 3637 1151 3672 an
1184 3619 1262 3674 lectio

148 3686 172 3748 §-
190 3689 215 3735 4.
262 3685 326 3736 Tum
352 3685 492 3753 Perdicca]
527 3684 616 3754 Vulgo
644 3696 713 3753 tuuc,
747 3684 862 3739 omnium
879 3686 1017 3736 seducitur
1034 3686 1197 3757 recipiatur.
1225 3685 1342 3752 Quodne·

113 3751 159 3803 sed
179 3753 297 3819 primum
323 3751 442 3822 sequitur
468 3764 534 3819 tum,
563 3771 616 3806 non
643 3765 713 3822 tuac,
748 3752 852 3823 quidem
870 3750 1029 3805 nonfacere
1045 3773 1105 3808 non
1123 3756 1268 3826 potuimus.
1288 3747 1343 3805 Diu't

112 3819 205 3889 itaque
226 3820 328 3873 correxi
346 3838 505 3900 quamquam
526 3821 591 3874 nihil
608 3837 623 3873 e
640 3821 713 3875 libris
747 3820 829 3891 igitur
846 3821 907 3873 hoc:
931 3830 1064 3888 superest
1082 3822 1156 3877 illud
1193 3825 1248 3878 uod
1264 3832 1343 3889 semp&

112 3905 173 3940 mss.
191 3896 313 3942 notatum
329 3896 378 3953 est,
396 3888 446 3942 nisr
463 3899 516 3943 turn
533 3907 589 3942 esse
600 3888 713 3943 inVoss.
748 3897 892 3958 separatur,
910 3885 1076 3968 seiungitur,
1097 3842 1197 3963 procril
1208 3884 1342 3946 hrbemrt

113 3961 137 4008 2.
156 3955 259 4009 Deinde
267 3959 294 4009 in
305 3967 465 4036 conspectum
476 3956 623 4027 volqiLeid.
633 3958 712 4011 Bern.
747 3956 951 4021 immortalitate,
974 3957 1111 4012 videlieet
1130 3979 1232 4032 corpus
1248 3953 1342 4013 morttlt·

112 4024 139 4074 A
156 4022 226 4078 Flor.
244 4026 293 4078 AB
312 4034 423 4094 antrqua
440 4025 570 4079 scribendi
586 4025 696 4078 rationo.
749 4025 820 4078 Huic
838 4042 881 4078 cor
899 4025 939 4076 ori
957 4034 981 4075 et
1000 4026 1126 4095 homiui,
1153 4029 1208 4094 ait,
1230 4029 1294 4082 insta
1305 4019 1343 4077 eol·

149 4091 171 4157 ξ.
182 4097 206 4144 5.
228 4096 295 4146 uires
314 4095 465 4164 abripuere]
492 4093 714 4147 Dubitantinter-
748 4111 846 4148 ramus.
901 4109 943 4144 am
957 4090 1103 4164 illamego
1119 4092 1343 4169 verissimamlittt·

113 4166 216 4226 pretes,
242 4161 305 4231 quid
323 4161 370 4226 sit,
389 4170 417 4213 et
435 4162 490 4214 fere
509 4162 616 4216 deloco
634 4163 713 4215 corri-
747 4161 836 4214 manni
862 4158 1084 4214 emendationem
1113 4182 1230 4232 censeo,
1256 4180 1307 4217 cnm
1323 4173 1344 4210 u

114 4226 201 4341 tqendo
222 4228 347 4296 cogitant.
388 4229 455 4282 Mihi
477 4249 536 4283 cum
558 4230 714 4299 obsignandi
747 4229 820 4283 libris
841 4239 869 4280 et
889 4224 965 4280 editis
990 4236 1023 4281 et
1042 4232 1143 4284 maai
1197 4242 1243 4289 tur
1261 4224 1344 4286 maii

133 4292 214 4370 uplex
231 4313 292 4349 usus
310 4297 353 4363 sit,
372 4304 402 4348 ut
418 4306 465 4350 aut
482 4299 649 4352 confirmetur
666 4298 713 4351 ali·
747 4298 901 4351 Defendunt
917 4293 1028 4364 quidem
1041 4296 1164 4354 Snaken
1186 4342 1193 4355 .
1210 4310 1239 4355 et
1252 4293 1344 4355 stude

115 4361 179 4427 qurd
200 4363 279 4416 anulo
299 4364 426 4433 impresso
450 4376 497 4419 aut
523 4368 658 4421 claudatur
684 4375 712 4419 et
747 4367 824 4420 derue
834 4363 968 4434 vulgatam
976 4361 1147 4436 lectionem,
1167 4364 1345 4425 sedillealittt
