2926 5174
14 307 89 382 464
486 327 520 389 o.
549 326 674 379 cuarn
699 328 784 378 num

13 510 120 583 urbes
139 533 324 606 agrosque,
350 509 562 600 referebant,
589 535 654 607 per
680 520 735 583 tot
754 520 891 583 aetates
921 511 1146 583 inviolatam
1169 510 1253 582 bber-

14 630 126 694 tatem
151 620 243 693 illius
270 620 424 717 primum
450 620 533 693 fidei
560 620 757 719 dicionique
783 622 1058 719 permissuros:
1093 619 1176 694 deos
1199 621 1252 692 sibi

14 729 202 804 deditionis
242 743 424 821 auctores,
468 759 541 804 non
577 743 729 824 metum3
769 733 901 830 quippe
946 733 1102 806 intactis
1136 731 1250 805 viribus

13 843 134 939 iugum
169 843 342 939 excipere.
395 843 493 934 Rex,
534 846 679 917 consilio
713 845 854 932 habito,
897 843 1053 918 deditos
1092 845 1129 916 in
1161 842 1250 916 fidem
1263 862 1284 908 n

13 954 158 1051 accepit,
186 953 372 1051 stipendio,
400 954 496 1052 quod
515 955 720 1029 Arachosiis
740 965 892 1050 utraque
921 956 1030 1028 natio
1051 955 1248 1052 pensitabat,

11 1064 188 1161 imposito.
227 1064 420 1139 Praeterea
438 1091 464 1139 11
481 1069 578 1140 milia
604 1079 641 1141 et
659 1090 684 1138 n
704 1067 839 1163 equites
867 1066 1053 1164 imperat3
1083 1076 1121 1140 et
1146 1065 1247 1137 omnia

14 1177 222 1250 obedienter
257 1201 278 1247 a
311 1175 473 1250 barbaris
515 1179 618 1251 facta.
677 1176 840 1250 Invitatis
883 1175 1024 1251 deinde
1061 1177 1110 1250 ad
1144 1177 1248 1275 epulas
1261 1192 1282 1239 1⁵

12 1289 138 1386 legatis
165 1287 324 1385 gentium
350 1291 561 1386 regulisque,
589 1289 754 1362 exornari
773 1287 986 1360 convivium
1008 1289 1126 1362 iussit
1177 1285 1248 1361 Cen·

13 1409 91 1471 tum
124 1400 221 1471 aurei
254 1400 336 1472 lecti
368 1399 516 1474 modicis
548 1401 743 1473 intervallis
769 1399 878 1496 positi
907 1411 1038 1490 erant;
1075 1401 1175 1475 lectis
1198 1399 1248 1472 cir·

15 1509 246 1584 cumdederat
281 1512 425 1601 aulaea,
461 1537 620 1610 purpura
654 1536 812 1608 auroque
846 1511 1054 1608 fulgentia3
1101 1509 1248 1610 quicquid

14 1635 77 1697 aut
110 1622 206 1720 apud
232 1621 360 1696 Persas
392 1633 515 1698 vetere
547 1623 651 1713 luxu,
687 1634 750 1695 aut
780 1621 878 1719 apud
910 1621 1141 1697 Macedonas
1170 1647 1249 1695 nova

14 1735 260 1807 immutatione
286 1744 494 1831 corruptum
516 1743 602 1822 erat,
630 1733 784 1805 confusis
804 1733 997 1831 utriusque
1019 1735 1141 1832 gentis
1158 1733 1247 1821 vitiis,

14 1846 51 1917 in
78 1846 137 1918 illo
165 1845 329 1917 convivio
356 1845 560 1918 ostendens.

118 1955 294 2028 intererat
328 1956 440 2053 epulis
472 1955 673 2053 Dioxippus
699 1953 948 2045 Atheniensis,
990 1956 1096 2053 pugil
1127 1952 1280 2042 nobiliss

15 2078 51 2140 et
84 2069 130 2140 ob
164 2067 330 2140 eximiam
363 2067 534 2141 virtutem
564 2067 693 2140 virium
724 2066 800 2164 regi
836 2076 1018 2162 pernotus
1054 2077 1107 2167 et.
1130 2077 1246 2166 gratus

13 2325 72 2361 rum
88 2325 148 2362 mss.
166 2326 320 2364 consensum
338 2311 427 2390 sequi,
446 2328 463 2363 a
479 2327 530 2380 quo
547 2327 614 2363 uuus
649 2309 752 2362 tatione.
787 2305 820 2360 In
840 2308 912 2362 Flor.
928 2307 955 2360 Ε
980 2313 1095 2364 voest
1119 2319 1164 2364 aut
1187 2308 1247 2389 apud

14 2375 257 2432 storacinam.
293 2377 337 2431 Sic
355 2388 436 2432 etiam
453 2395 497 2446 111,
517 2384 613 2448 Spar·
648 2377 746 2429 Persas
770 2385 852 2429 vetere
875 2379 942 2430 insu
966 2389 1137 2448 cormrptam,
1163 2374 1246 2431 omissis

9 2461 110 2513 parcae
132 2448 235 2500 tunicae
258 2449 369 2500 medinm
387 2450 473 2501 albam
491 2450 615 2501 intertum
647 2443 767 2514 reliquis,
796 2444 821 2496 le
842 2444 903 2498 'tun
944 2449 1005 2499 Iam
1034 2464 1128 2515 nemo,
1159 2446 1245 2517 opinor,

15 2523 80 2566 erat.
647 2513 807 2566 Macedonas
848 2513 913 2566 ersis
938 2515 1077 2594 praeponi
1102 2516 1187 2581 volet,
1209 2513 1246 2566 scd

49 2586 71 2647 ξ.
83 2588 123 2635 13.
158 2583 246 2652 iopam
264 2585 390 2653 excepere]
421 2584 492 2638 Flor.
502 2584 551 2636 BD
570 2602 615 2637 ac·
648 2588 750 2635 servato
768 2581 863 2634 aetatis
888 2582 986 2635 ordine
1008 2584 1087 2664 prius
1110 2586 1144 2638 de
1163 2579 1246 2636 veteri·

15 2651 107 2718 cipere.
647 2652 704 2710 bus,
725 2649 820 2702 deinde
838 2651 872 2702 de
890 2650 971 2704 novis
990 2653 1055 2706 droi.
1093 2653 1149 2708 Sed
1160 2670 1192 2706 ex
1206 2649 1246 2703 ibis

49 2723 70 2784 ξ.
83 2726 122 2771 14.
158 2721 228 2788 qnod
244 2721 399 2774 Arachosiis
413 2753 442 2761 —
451 2722 601 2791 pensitabat
648 2719 721 2772 libris
746 2736 813 2772 nova
835 2720 986 2773 imitatione
1007 2732 1161 2792 corruptam
1183 2717 1245 2772 facile

15 2787 79 2841 Non
97 2794 138 2840 est
155 2786 254 2841 dictum
267 2790 419 2858 pensitabat
432 2807 484 2870 pro
502 2807 595 2860 eoquo
649 2785 741 2858 aliquis
757 2786 939 2856 recipiendum
956 2789 1073 2858 putabit
1089 2808 1139 2861 pro
1152 2785 1245 2859 eoquod

14 2864 56 2910 est
73 2855 203 2926 pensitare
217 2857 322 2911 solebat
336 2865 383 2910 aut
392 2858 469 2911 sohte
478 2867 544 2925 erat,
554 2876 615 2911 nam
648 2853 771 2909 ineditis
789 2863 838 2921 est,
856 2873 925 2908 novo
944 2858 1140 2913 immutatione.
1172 2858 1245 2926 tque

13 2925 163 2994 refragatur
176 2943 254 2995 quam
271 2926 350 2979 modo
368 2927 554 3006 praedicarunt
568 2944 614 2979 an·
649 2923 685 2977 sic
702 2941 816 2994 prorsus,
840 2929 950 2977 retento
969 2925 1056 2979 etiam
1074 2936 1165 2980 vetere
1179 2941 1244 2978 mem·

15 2993 89 3073 tiqua
106 2994 220 3047 libertas.
256 2995 306 3047 Est
326 3002 413 3065 potius
435 3013 482 3065 pro
505 2995 614 3048 eoniun·
649 2995 757 3046 brorum
774 2990 875 3058 ordine,
893 3000 974 3046 extat
991 2993 1023 3047 in
1040 2995 1116 3050 Flor.
1130 2996 1145 3048 Ι
1161 3012 1190 3048 ac
1203 2993 1245 3046 ior·

14 3069 84 3115 ctrvo
96 3065 252 3131 pensitaret,
271 3065 317 3116 sed
330 3064 465 3133 profertur
478 3081 511 3116 ex
525 3072 614 3116 mente
649 3069 719 3115 tasse
736 3061 763 3113 in
780 3059 838 3112 Pal.
849 3067 873 3124 1,
892 3076 928 3112 ex
938 3078 994 3131 quo
1013 3064 1105 3117 solum
1121 3064 1244 3117 imitatione

15 3129 164 3200 scriptoris,
193 3138 288 3200 utpote
310 3133 383 3202 quod
408 3131 525 3184 indicare
549 3131 614 3184 velit
647 3137 760 3183 notatur.
796 3127 882 3182 Porro
903 3127 1012 3184 Graeca
1030 3131 1121 3186 forma
1136 3131 1244 3186 Macedo

14 3215 44 3251 re
62 3215 125 3251 vera
141 3199 239 3252 factum
256 3217 312 3253 esse
330 3200 448 3270 posthac.
472 3200 614 3254 Tributum
648 3217 698 3251 nas
715 3196 810 3250 nititur
827 3197 996 3252 auctoritate
1013 3199 1088 3254 Flor.
1098 3203 1133 3258 A.

14 3266 119 3319 illorum
136 3267 292 3337 populorum
305 3269 468 3321 referebatur
483 3270 518 3320 ad
531 3277 614 3321 satra·
671 3266 801 3336 'capta
820 3269 846 3330 S,
860 3271 901 3318 16.
938 3267 972 3319 ob
997 3269 1126 3322 eximiam
1146 3270 1244 3322 vinnm

15 3352 75 3404 pam
92 3335 257 3399 Arachosiae,
276 3337 318 3390 cui
330 3336 480 3407 provinciae
492 3337 615 3407 Oxydra-
649 3337 743 3388 viriam
766 3335 824 3403 reqi
840 3337 986 3416 pernotus]
1027 3337 1085 3402 Qui
1102 3337 1164 3392 hhri
1178 3343 1243 3390 virtu·

14 3419 61 3456 cae
70 3402 205 3473 Medique,
220 3406 293 3474 quod
310 3405 416 3458 attinuit
432 3406 466 3458 ad
475 3423 532 3458 eam
549 3423 615 3472 rem,
649 3414 697 3456 tem
715 3403 808 3455 viriam
828 3401 946 3469 habent,
976 3404 997 3457 ri
1020 3406 1078 3459 iam
1096 3425 1115 3460 a
1136 3423 1192 3477 repe
1209 3402 1244 3457 ad·

15 3469 138 3524 attributi
162 3480 228 3524 sunt.
265 3474 332 3526 Mox
373 3493 403 3527 ro
425 3476 535 3543 imperat
554 3475 616 3526 Mo·
648 3473 723 3537 dunt,
735 3469 778 3523 alii
787 3471 883 3522 viriam
892 3475 1109 3540 moynitudinem
1122 3494 1163 3529 ar
1191 3489 1243 3526 eer-

14 3540 73 3592 dius
90 3541 223 3608 imperati:
242 3555 291 3593 nec
309 3492 377 3594 maid
394 3542 465 3597 Flor.
477 3542 518 3594 DI
531 3542 612 3595 Patr
649 3539 753 3592 hibent:
774 3537 1174 3599 Voss.2Pal.lBern.BFlor.
1217 3539 1243 3593 ib

15 3626 46 3662 ea
64 3610 151 3661 omnia
173 3627 221 3678 pro
244 3609 405 3680 reliquorum
428 3611 554 3665 librorum
577 3610 615 3663 le·
648 3607 723 3660 Nihil
744 3616 832 3660 tamar
853 3605 917 3660 huic
940 3609 1074 3665 varietati
1096 3609 1244 3666 tribuendum

14 3676 101 3732 ctione
120 3687 144 3730 et
161 3679 256 3730 omnia.
648 3675 759 3739 videtur,
781 3692 842 3727 nam
859 3676 986 3730 virtatem
1005 3679 1117 3750 quidem
1133 3679 1245 3735 interim

49 3749 123 3815 §.la
143 3748 215 3799 lectis
225 3749 429 3801 circumdederat
439 3748 545 3816 antaeo]
564 3747 615 3798 Le·
650 3762 666 3797 a
691 3743 779 3796 latinis
806 3740 990 3812 scriptoribus
1018 3748 1074 3803 dici
1100 3768 1149 3822 pro
1173 3743 1245 3819 qner't

14 3818 62 3868 ctis
89 3823 239 3869 correxerat
263 3814 384 3882 Modius,
418 3813 615 3869 concinentibus
649 3811 825 3883 praestantia,
854 3828 926 3880 quae
949 3813 981 3866 in
1004 3814 1067 3887 ipsa
1089 3835 1121 3873 re
1147 3817 1193 3873 sits
1212 3813 1244 3876 sit

14 3883 89 3937 Laid.
107 3883 211 3938 Vossl
236 3883 317 3936 Bern.
332 3884 357 3936 A
384 3883 454 3937 Flor.
470 3887 509 3950 A,
536 3882 616 3936 ceteri
651 3889 743 3935 contra
761 3878 893 3958 clericum
914 3880 1012 3937 Curtii
1037 3888 1246 3943 accusatorenet

14 3951 75 4005 libri
92 3970 153 4005 mss.
171 3960 199 4004 et
223 3951 286 4005 olim
308 3951 427 4021 impressi
452 3955 537 4005 lectos.
573 3951 616 4004 cf.
650 3948 804 4003 Perizonius
833 3965 871 4026 m·
894 3949 1038 4007 Vindiciis
1073 3954 1201 4012 Curtisnis
1226 3957 1247 4026 ‘i

15 4037 95 4089 supra
121 4021 156 4072 ad
182 4036 253 4086 vm,
281 4027 314 4073 20
339 4038 378 4089 pr.
415 4021 486 4073 Tum
512 4019 616 4073 inverso
650 4018 773 4070 Dukerus
790 4016 823 4068 ad
840 4015 955 4070 Livium
971 4034 1101 4093 xxxvu,
1119 4033 1153 4080 24
1184 4042 1202 4077 r.
1214 4019 1247 4072 abt

15 4089 107 4141 ordine
116 4091 291 4143 membrorum
301 4088 530 4142 Flor.HBern.B
544 4091 615 4159 quie·
650 4089 732 4140 virtus
750 4086 855 4138 navium
868 4083 991 4155 legitur,
1011 4095 1083 4149 satis
1091 4095 1140 4149 def
1184 4094 1248 4145 erunt

16 4159 80 4224 qnid
101 4166 146 4210 ant
168 4161 239 4226 apud
254 4159 418 4210 Macedonas
440 4176 506 4210 nova
529 4159 615 4209 imita·
655 4158 741 4210 Virtus
753 4153 861 4222 sormae
877 4156 961 4222 apud
970 4157 1110 4218 Plautum
1124 4152 1248 4219 inMastdl

16 4226 84 4276 tione
101 4235 147 4277 ant
164 4229 238 4293 opud
253 4227 352 4278 Persas
374 4236 455 4279 vetere
479 4228 541 4278 inan
559 4243 615 4277 cor·
650 4231 736 4290 n1,1‚
757 4228 785 4273 li
803 4227 858 4285 est,
887 4223 1048 4285 victoriam
1072 4252 1128 4289 220„
1148 4239 1249 4287 mm

16 4302 132 4359 ruptum,
155 4291 271 4364 itemque
288 4293 326 4347 sio
342 4293 414 4347 Flor.
429 4293 488 4357 CF,
511 4300 616 4345 tantum
651 4296 741 4345 decore
763 4291 810 4342 sed
822 4289 902 4355 ferri
929 4296 1040 4353 virtute
1064 4319 1186 4374 quaeram
1202 4288 1251 4368 ¹9⁸³

17 4360 87 4436 qnod
108 4359 135 4412 in
152 4360 192 4413 his
213 4370 274 4430 post
291 4363 372 4415 verba
388 4373 471 4416 vetere
489 4363 552 4414 inan
570 4362 616 4413 ad·
651 4359 782 4412 lustinum
797 4369 863 4434 ΧΨ,
885 4364 935 4425 13,
957 4371 992 4416 et
1012 4366 1150 4427 historiae
1164 4371 1251 4425 rimie·

15 4423 101 4478 ircitur
118 4427 198 4480 etiam
215 4429 326 4484 alterum
348 4429 413 4483 illud
435 4448 501 4485 nova
524 4432 615 4483 immn-
651 4425 1252 4505 impraestautramtribuitsanmfimhlugi·
