2926 5174
469 300 517 352 nn
551 299 677 351 ausura
705 299 813 351 max.
841 299 958 371 v1,sa.
1267 286 1340 358 267

96 483 215 558 dicum
244 486 384 582 silentio
410 495 561 584 excepta
588 496 652 558 est.
706 482 799 557 Tum
824 510 891 558 rex
898 541 907 575 ,
944 481 1081 577 Qualis,
1107 487 1240 584 inquit,
1266 515 1343 590 erpo

94 597 201 670 uuimi
227 598 322 672 vobis
346 599 482 690 uidetur,
509 601 567 699 qut
591 598 691 673 luitis
716 596 768 669 rei
792 597 939 687 delatum
964 597 1127 672 iuditium
1158 601 1207 674 ad
1230 602 1343 701 psum

94 709 307 809 suppressit?
347 707 444 794 Quod
475 736 541 785 um
564 711 678 813 fuisse
711 735 858 799 cauum,
891 709 1016 782 Dimm‘
1049 712 1155 795 esitus
1187 712 1340 788 decltrat.

96 821 267 896 Incertam
294 846 365 894 rem
388 821 538 924 defuens
563 836 722 897 terrama
751 848 819 896 um
846 822 957 895 timuit
982 817 1177 915 Cebalinus,
1210 823 1343 901 Metrou

95 957 132 1006 ue
156 945 364 1006 maueutum
389 934 519 1034 quidem
547 936 703 1034 temporis
728 931 858 1009 distulit
882 958 1060 1008 eeorurare
1085 960 1129 1027 se,
1154 948 1261 1028 uteo,
1286 936 1344 1011 uhi

98 1045 253 1137 bonbar,
283 1044 500 1144 irrumperet:
535 1047 683 1123 Pltilotas
708 1048 798 1122 solus
824 1044 912 1118 uilil
934 1046 1057 1137 timuit,
1083 1046 1170 1119 uilil
1193 1048 1340 1122 eredidit.

99 1155 127 1232 O
159 1156 285 1257 mapui
318 1156 424 1230 animi
455 1158 588 1232 virum!
642 1159 708 1252 Iste
749 1159 840 1258 repis
875 1157 1026 1256 periculo
1063 1164 1341 1234 commoveretur!

97 1269 219 1342 mltum
253 1271 419 1347 mutaret!
455 1271 597 1345 iudicem
632 1284 741 1347 tautae
773 1269 825 1345 rei
855 1268 1012 1343 sollicitus
1037 1268 1190 1344 audiret!
1226 1269 1344 1346 Subest

99 1381 260 1454 nimirum
287 1379 414 1455 silentio
430 1383 587 1484 faeiuus,
622 1396 652 1456 et
677 1385 780 1458 avida
805 1407 883 1482 spes
909 1380 1006 1481 repai
1023 1381 1244 1480 praeeipitem
1269 1384 1340 1458 arti·

100 1520 183 1566 uum
211 1494 264 1566 ad
290 1490 442 1565 alimum
467 1498 561 1597 nefus
587 1495 727 1594 impulit.
779 1497 882 1574 Pater
907 1492 1044 1567 Mediae
1062 1508 1207 1590 praeest.
1244 1495 1340 1594 ‚Ipse

103 1607 186 1704 opud
212 1605 338 1678 multas
364 1603 535 1703 copiarum
561 1606 660 1681 duces
686 1608 769 1683 meis
791 1619 991 1706 praepotens
1022 1603 1166 1697 viribus,
1199 1607 1339 1699 arcura,

105 1742 194 1817 quum
227 1717 337 1817 capit,
370 1715 486 1813 spirat.
552 1715 684 1794 Orbitas
718 1743 845 1820 quoque
880 1742 969 1809 mea,
1004 1717 1094 1816 quod
1123 1716 1194 1791 sire
1230 1717 1339 1793 liberis

103 1972 195 2022 pressu,
218 1969 279 2007 non
301 1958 392 2022 aptum
415 1961 456 2006 est
477 1952 542 2006 adi
573 1972 615 2008 am
632 1971 697 2022 rem,
733 1955 889 2025 scripturam
907 1952 1092 2024 proferremus.
1120 1952 1260 2006 Edebatur
1276 1953 1339 2007 olim

108 2023 216 2092 quoniam
234 2020 354 2074 indicum
370 2021 425 2074 indi
461 2021 515 2076 atio
560 2023 618 2077 ‘ena
626 2031 698 2078 certe
732 2026 781 2077 iste
798 2041 827 2075 re
846 2024 869 2075 is
883 2024 1001 2091 periculo
1019 2039 1076 2074 cum
1094 2032 1246 2087 moneretur,
1263 2031 1339 2093 post·

108 2090 244 2145 uindiciali
267 2089 409 2142 severitate
457 2090 527 2144 isset.
562 2092 604 2145 Illi
628 2092 699 2146 enim
732 2093 783 2146 hae
837 2089 898 2144 odio
920 2097 1027 2144 auctore
1049 2092 1098 2142 iste
1123 2093 1148 2143 si
1169 2093 1240 2170 repis
1252 2093 1337 2160 peric.

108 2157 251 2230 interrogati
277 2157 342 2229 quid
359 2158 409 2228 ipsi
426 2168 595 2229 cognossent,
619 2160 641 2214 si
658 2161 698 2213 in·
732 2170 890 2225 moueretur,
914 2159 1017 2228 reliqua
1043 2159 1076 2212 ab
1104 2158 1219 2228 antiquis
1236 2158 1338 2230 pariter

108 2223 128 2280 di
172 2229 279 2282 bundas
302 2243 378 2280 vooes
400 2244 520 2298 promere
545 2229 697 2298 voluissent,
732 2248 763 2284 ac
779 2227 929 2283 recentibus
947 2229 1043 2280 vultum
1066 2245 1127 2280 uon
1149 2232 1279 2281 mutaret?
1297 2231 1338 2282 iu-

109 2312 133 2350 to
149 2297 236 2351 bendi
255 2303 335 2350 erant
357 2296 593 2367 aquaesitoribus,
616 2306 645 2352 et
666 2314 698 2353 eo
735 2301 818 2352 dicem
843 2328 878 2339 -
903 2314 967 2350 noa
993 2297 1116 2350 audiret?
1151 2295 1204 2349 Sed
1226 2298 1339 2368 primum

108 2365 249 2432 revocandi,
281 2373 444 2436 quapropter
465 2367 587 2435 producti
605 2375 700 2421 essent.
736 2367 841 2438 quidem
867 2365 1021 2436 negationes
1053 2363 1081 2416 in
1110 2364 1183 2418 nullo
1213 2366 1339 2436 leguntur

108 2432 312 2505 lodipuotiouem
328 2451 460 2554 dpressum
490 2434 622 2505 aptissime
649 2435 701 2488 dici
735 2436 842 2503 codice,
869 2442 928 2488 tum
945 2449 1032 2554 neglue
1049 2435 1074 2486 si
1091 2449 1176 2504 neque
1198 2453 1268 2502 cum,
1293 2435 1339 2488 sed

107 2518 151 2556 non
165 2511 206 2557 est
228 2503 304 2574 quod
345 2519 446 2570 ooearm
474 2520 535 2556 cum
559 2505 596 2559 sic
622 2507 700 2572 iram,
754 2523 842 2558 rorsus
859 2503 898 2556 ita
915 2511 947 2556 nt
965 2519 979 2554 e
1000 2501 1092 2555 'dimus
1110 2511 1150 2556 est
1167 2504 1194 2555 in
1212 2504 1293 2560 Bern.

108 2573 218 2639 dolorem,
237 2573 331 2624 odium
342 2589 461 2640 premere
470 2590 519 2642 pro
528 2573 701 2644 comprimere
734 2523 806 2628 ilar.
827 2571 902 2626 ABO
929 2571 1004 2624 Leid.
1029 2570 1105 2624 Voss.
1131 2578 1143 2623 1
1171 2579 1199 2625 et
1222 2579 1262 2631 22,
1279 2590 1339 2626 cum

107 2647 129 2692 et
149 2640 314 2694 dissimulare
336 2639 414 2710 vulgo
441 2640 563 2695 dicamus.
602 2643 702 2696 Fateor
735 2642 817 2698 ceteri
834 2641 979 2695 deteriores
996 2639 1067 2692 Flor.
1082 2647 1110 2692 et
1127 2639 1207 2693 Bern.
1222 2641 1246 2694 B
1264 2641 1338 2694 exhi·

106 2712 183 2762 tarnen
209 2727 265 2763 non
294 2707 398 2763 omnino
416 2709 479 2762 mihi
495 2711 600 2780 placere
617 2728 700 2765 uocem
734 2714 817 2765 beant
843 2729 900 2764 cum
930 2718 1080 2762 strueretur.
1120 2707 1177 2761 Iam
1207 2710 1278 2779 quod
1304 2711 1337 2763 ad

106 2776 220 2845 iudicum,
241 2793 313 2899 bum
331 2776 456 2832 deberent
473 2795 529 2831 esse
546 2781 637 2833 rabo:
654 2780 700 2831 sed
734 2779 893 2834 sententiam
910 2776 1022 2841 attinet,
1044 2775 1178 2845 aptissima
1195 2786 1235 2831 est
1253 2785 1280 2830 et
1297 2795 1338 2830 rc-

105 2844 201 2900 videtur
232 2847 241 2899 i
264 2847 302 2898 ud
328 2863 380 2900 non
405 2846 460 2899 sine
484 2865 562 2901 causa
585 2847 700 2920 posuisse
734 2848 774 2919 gis
792 2847 965 2901 acerbitatem
982 2843 1061 2896 animi
1082 2843 1229 2898 luculenter
1250 2846 1338 2916 expri-

105 2915 220 2985 soriptor,
245 2922 279 2967 ut
296 2914 349 2968 duo
366 2914 506 2986 singularia
523 2916 572 2970 sibi
589 2934 699 2988 respon·
734 2917 783 2970 mit
800 2916 846 2969 illa
861 2914 957 2980 irrisio,
976 2929 1044 3032 (prm
1060 2912 1088 2964 in
1105 2920 1195 2966 nostra
1208 2914 1338 2985 scriptura

106 2981 197 3039 dorent.
734 2986 813 3051 inest,
831 3001 892 3038 cum
909 2983 937 3035 in
954 2979 1057 3050 rugari
1074 2981 1160 3034 omnia
1173 2981 1227 3035 sint
1240 2982 1336 3054 inepta.

135 3056 156 3121 ξ.
173 3059 195 3106 8.
236 3053 305 3106 Tum
322 3055 379 3120 retr]
413 3053 482 3108 Boni
499 3052 559 3107 libri
576 3054 656 3108 Bern.
675 3054 701 3106 A
734 3055 814 3108 Unde
840 3051 911 3106 enim
933 3049 1032 3103 sciebat
1055 3049 1219 3118 Alexander,
1247 3051 1336 3106 Philo-

107 3116 168 3175 Flor.
184 3121 261 3176 nssc
281 3120 356 3174 Leid.
370 3121 445 3176 Voss.
462 3130 474 3176 1
492 3133 565 3189 ,tuae
583 3124 628 3176 sed
647 3133 700 3176 tum
734 3131 789 3175 tam
807 3141 861 3176 non
878 3127 994 3172 mutasse
1006 3117 1118 3185 vultum,
1134 3135 1182 3172 neo
1197 3119 1337 3173 sollicitum

110 3198 185 3244 serrat
201 3190 276 3244 Flor.
296 3188 330 3243 G.
364 3189 429 3244 Post
446 3193 600 3260 adipsum,
628 3192 700 3262 quod
733 3189 837 3244 audisse
853 3188 996 3255 indicium,
1023 3186 1044 3240 si
1067 3203 1101 3240 ex
1118 3187 1168 3241 hoc
1184 3188 1239 3243 solo
1257 3189 1337 3243 vellet

109 3258 193 3324 pimus
211 3258 336 3313 Freinsh,
353 3258 440 3326 dedit,
463 3275 555 3312 verum
572 3268 630 3327 est,
653 3261 699 3313 sed
734 3259 859 3325 efficere,
891 3274 951 3311 eum
984 3273 1036 3309 non
1069 3265 1228 3310 commotum
1257 3258 1337 3312 fluisse

110 3325 132 3378 id
145 3329 227 3397 ipsum
245 3326 332 3381 nostri
349 3335 376 3380 et
386 3327 467 3383 Snak.
487 3345 576 3382 omnes
594 3335 701 3399 praeter
734 3327 814 3408 ipsius
841 3326 965 3399 periculo.
1005 3325 1129 3378 Debebat
1150 3325 1249 3380 dicere:
1277 3326 1336 3396 iste,

110 3389 167 3449 llor.
184 3398 207 3450 B
228 3395 276 3466 qui
295 3396 372 3450 ambo
388 3396 518 3450 voeabula
535 3397 642 3450 omittit.
734 3416 756 3450 sr
773 3396 843 3466 regis
860 3395 977 3467 periculo
986 3403 1202 3463 commoveretur,
1220 3413 1273 3449 non
1283 3404 1337 3451 sta·

129 3466 148 3532 ᾗ.
154 3471 176 3518 9.
182 3465 291 3519 Metron
297 3467 600 3536 uemomeutumquidem]
610 3464 700 3519 Veris·
734 3465 783 3518 tim
801 3465 834 3518 ad
851 3481 941 3535 regem
954 3464 1088 3518 curreret?
1106 3463 1216 3518 indicem
1225 3465 1337 3520 adduce-

112 3529 188 3586 tinam
204 3550 264 3586 esse
273 3532 386 3586 Acidalii
402 3535 469 3588 hanc
486 3533 700 3599 coniecturam,a
734 3533 796 3587 ret?
814 3533 909 3587 milites
927 3532 1073 3586 dimitteret
1091 3533 1124 3586 ad
1135 3533 1238 3588 secleris
1253 3535 1337 3589 socios
1361 3566 1363 3570 .

112 3597 279 3656 Freinshemio
296 3609 436 3673 reoeptam,
453 3603 584 3657 Meti-onis
602 3609 633 3655 ut
650 3619 697 3655 no·
736 3602 1014 3673 comprehendendos?
1032 3601 1074 3654 vel
1092 3601 1176 3655 simile
1193 3603 1264 3674 quid.

112 3683 158 3723 men
177 3671 354 3737 adiiceretur,
380 3671 454 3726 facile
478 3670 648 3740 intelligitur,
676 3671 698 3723 si
767 3674 790 3739 ᾗ.
815 3679 855 3725 11.
891 3671 988 3741 spirat]
1029 3669 1073 3724 Sic
1097 3671 1197 3741 primus
1221 3672 1336 3741 Modius,

111 3737 139 3791 tei
158 3747 250 3810 gestae
271 3737 341 3791 ratio
364 3747 392 3792 et
414 3740 469 3793 eius
490 3741 562 3810 quod
579 3739 699 3809 sequitur
731 3757 792 3792 nam
799 3739 956 3794 vetustiores
965 3738 1093 3793 editiones
1107 3740 1248 3793 secundum
1256 3740 1337 3794 libros

110 3805 216 3862 Plilotus
234 3808 325 3862 solus
343 3809 408 3861 nibil
425 3811 509 3862 tiramt
526 3808 648 3862 habetur.
665 3807 698 3860 In
731 3807 767 3861 ali
786 3818 833 3863 uot
851 3808 1005 3874 deteriores,
1024 3816 1128 3862 nostros
1146 3808 1251 3879 quidem
1265 3808 1336 3862 Flor.

110 3871 170 3930 libris
186 3884 279 3929 autem
296 3892 356 3928 mss.
373 3877 543 3945 desideratur,
561 3885 642 3958 atque
659 3876 698 3929 iu·
732 3825 796 3930 1)in
818 3885 846 3932 et
873 3894 936 3931 vero
963 3876 1044 3930 etiam
1062 3875 1104 3942 G,
1122 3895 1135 3929 s
1155 3886 1210 3929 erut
1228 3877 1335 3930 habent.

110 3949 118 3993 t
175 3944 283 3998 nodone
319 3942 476 4016 diremptum
515 3964 531 3999 a
566 3944 698 4015 prioribus
732 3945 792 3999 Hoc
811 3946 917 4016 quidem
939 3944 1005 3997 nihil
1027 3944 1089 3997 novi
1107 3961 1122 3996 a
1142 3952 1213 3997 erret
1230 3945 1263 3996 ad
1282 3945 1336 3998 avi-

110 3960 220 4066 (lerbilini
239 4028 338 4065 nomen
353 4014 509 4068 refertnrad
526 4013 698 4085 insequentia.
732 4015 792 4066 dam
810 4032 884 4085 spem
905 4031 934 4068 re
971 4013 997 4079 i,
1021 4030 1105 4089 quam¹
1122 4013 1199 4065 modo
1222 4012 1246 4064 ei
1263 4013 1335 4065 obie-

134 4084 156 4150 ξ.
175 4088 215 4136 10.
252 4082 309 4133 Iste
330 4083 398 4151 repis
419 4085 539 4153 periculo
562 4099 699 4136 corumoee-
733 4089 820 4151 cerat,
845 4103 904 4138 cum
925 4031 991 4135 iliu
1016 4079 1149 4151 pertineat
1172 4080 1205 4133 ad
1228 4080 1335 4135 nimiam

108 4151 184 4202 taur!
206 4151 306 4203 uultrrm
327 4154 448 4204 mutaret!
471 4153 582 4205 iadicem
599 4183 634 4192 —
651 4169 699 4204 ou·
733 4151 885 4206 iactantiam
903 4149 1034 4217 Philotae,
1054 4149 1087 4201 de
1122 4166 1156 4201 ua
1172 4166 1251 4220 supra
1264 4166 1286 4202 o.
1301 4157 1333 4206 29

108 4218 194 4288 diretfl
234 4217 420 4286 Integritatem
450 4220 609 4273 reddidimus
640 4218 700 4273 huic
734 4219 837 4274 dixerat
855 4232 952 4274 auctor.
970 4218 1076 4288 Spirare
1094 4167 1194 4298 aliqrrid
1212 4217 1335 4273 dicuntur

108 4283 158 4339 loro
173 4294 206 4338 tu
239 4285 293 4338 iter
305 4295 436 4359 corrupto,
455 4305 540 4360 eoque
553 4287 699 4355 certiorem,
733 4288 814 4342 etiam
831 4291 859 4344 hi
877 4288 923 4360 qui
941 4303 969 4341 se
986 4287 1081 4339 inflant
1099 4293 1127 4338 et
1144 4293 1244 4339 ructant
1263 4290 1334 4356 quod

109 4355 174 4422 quod
191 4304 258 4406 nibil
274 4371 380 4423 prorsus
396 4356 503 4410 fecimus
521 4356 570 4410 nisi
585 4364 615 4409 ut
629 4356 700 4410 oodi-
734 4356 787 4410 sint
805 4366 852 4412 aut
868 4356 1019 4430 possideant
1036 4353 1149 4424 aliquid,
1175 4373 1199 4407 v.
1219 4373 1240 4408 o
1262 4359 1335 4426 apud

108 4437 161 4474 oum
195 4421 355 4492 optimorum
383 4424 498 4498 itemque
527 4425 699 4498 plurimorum
733 4425 838 4481 Livium
863 4442 911 4495 m,
933 4431 966 4480 46
999 4425 1157 4480 tribunatum
1188 4425 1334 4482 etiamnum
