2926 5174
115 255 189 326 406
336 280 339 285 ·
585 274 619 336 o
648 272 772 325 cunrn
796 274 881 326 sorr

114 462 211 535 riora
246 486 354 551 saxo,
396 460 580 558 superiora
615 456 726 531 crudo
765 458 878 532 latere
911 471 1003 535 sunt
1038 473 1194 539 structa
1249 466 1347 542 lateri

114 573 297 644 vinculum
323 571 459 670 lapides
486 581 586 661 sunt,
613 596 702 668 quos
728 572 993 670 interposuere,
1022 585 1069 647 ut
1097 574 1235 651 duriori
1258 589 1346 652 mate

115 684 189 756 riae
215 683 350 780 fragilis
375 682 607 772 incumberet,
634 682 809 778 simulque
833 699 929 756 terra
954 685 1118 761 humore
1146 689 1266 763 diluta
1306 689 1376 764 Neu

115 803 237 867 tamen
263 786 432 868 universa
458 792 674 882 consideret,
712 793 899 891 impositae
926 807 1034 871 erant
1062 799 1192 874 trabes
1218 800 1344 893 validae,

116 905 244 1002 quibus
271 905 401 979 iniecta
426 906 589 978 tabulata
613 930 736 977 muros
764 917 801 979 et
826 906 1009 1003 tegebant,
1039 920 1080 982 et
1107 913 1255 1008 pervios
1277 915 1345 986 fea

116 1026 208 1089 rant.
260 1015 360 1089 Haec
391 1017 612 1089 munimenta
646 1018 945 1115 contemplantem
971 1020 1251 1117 Alexandrum,
1284 1045 1374 1098 cona

117 1129 254 1226 siliique
289 1130 483 1219 incertum,
524 1129 608 1225 quia
637 1153 705 1200 nec
737 1151 907 1200 cavernas
945 1130 1018 1203 nisi
1053 1158 1193 1232 aggere
1231 1147 1348 1236 poterat

116 1242 279 1339 implere,
319 1267 386 1315 nec
420 1250 601 1313 tormenta
633 1239 736 1312 aliter
769 1239 879 1311 muris
913 1239 1137 1339 admovere,
1181 1247 1347 1345 quidame

116 1376 220 1424 muro
247 1353 379 1450 sagitta
404 1352 590 1451 percussit.
632 1344 725 1424 Tum
751 1352 843 1424 forte
868 1352 905 1423 in
930 1377 1060 1428 suram
1087 1358 1221 1433 incidit
1244 1361 1372 1433 telumza

118 1466 217 1539 cuius
244 1466 381 1563 spiculo
414 1465 553 1555 evols0,
589 1464 773 1537 admoveri
806 1488 936 1559 equum
967 1466 1096 1559 iussit,
1135 1496 1212 1567 quo
1237 1481 1347 1560 vectu

117 1602 163 1650 ne
189 1578 348 1674 obligato
381 1574 524 1672 quidem
556 1576 719 1666 vulnere,
757 1574 853 1648 haud
888 1577 1036 1675 segnius
1073 1578 1261 1656 destinata
1288 1606 1346 1656 exe

118 1688 304 1786 quebatur.
349 1685 525 1761 Ceterum
551 1712 632 1760 cum
659 1712 739 1760 crus
766 1688 923 1761 saucium
950 1690 1153 1786 penderet,
1183 1703 1221 1767 et
1246 1709 1371 1767 omont

119 1803 250 1876 siccato
276 1800 469 1898 frigescens
496 1800 627 1889 vulnus
654 1809 869 1898 aggravaret
886 1799 1062 1894 dolorem,
1092 1804 1233 1878 dixisse
1249 1805 1345 1893 fertur,

120 1940 158 1988 se
186 1911 329 2010 quidem
354 1911 450 1985 Iovis
476 1911 589 1983 filium
614 1911 692 2003 dici,
720 1912 785 1985 sed
811 1914 969 2009 corporis
998 1916 1103 2014 aegri
1122 1917 1215 1990 vitia
1231 1918 1344 1992 sentire

119 2022 201 2098 Non
232 2036 353 2098 tamen
387 2036 471 2098 ante
503 2049 542 2097 se
573 2025 708 2122 recepit
741 2025 778 2097 in
813 2034 943 2115 castra,
980 2050 1096 2121 quam
1128 2039 1260 2104 cuncta
1286 2041 1372 2128 pert

121 2137 250 2236 spexit,
278 2147 315 2208 et
341 2161 431 2232 quae
458 2136 534 2209 fieri
561 2138 670 2209 vellet
697 2135 818 2208 edixit.

71 2250 117 2322 38
223 2246 335 2344 Ergo,
374 2247 467 2320 sicut
497 2248 712 2345 imperatum
744 2257 839 2338 erat,
878 2247 936 2318 alii
970 2259 1082 2322 extra
1115 2252 1244 2326 urbem
1272 2261 1346 2326 tecta

119 2359 369 2448 moliebantur,
395 2359 647 2455 ingentemque
672 2358 745 2430 vim
771 2359 940 2432 materiae
966 2359 1138 2434 faciendo
1165 2363 1285 2462 aggeri
1304 2361 1345 2434 do·

140 2586 253 2652 lectitas,
303 2584 358 2637 uod
387 2582 451 2637 ferri
481 2584 583 2656 nequit.
631 2585 725 2665 Itaque
759 2587 816 2706 Efi.
834 2590 875 2638 28.
912 2585 978 2639 Tam
994 2587 1085 2656 forte]
1122 2590 1206 2645 Forte
1228 2602 1277 2645 tum
1295 2589 1346 2643 l’lor.

144 2653 241 2707 reinsh.
265 2671 298 2706 ur
315 2655 338 2706 is
364 2652 489 2720 coniecit,
517 2655 588 2724 quod
613 2652 726 2707 inveniri
829 2653 908 2707 Bern.
926 2654 960 2721 B,
984 2657 1033 2708 sed
1052 2675 1109 2728 quo
1128 2675 1210 2713 sensu
1226 2679 1276 2714 nou
1290 2657 1347 2712 intel·

121 2723 150 2776 in
175 2723 234 2777 cod.
258 2721 330 2776 Flor.
375 2729 447 2775 ostea
472 2721 575 2776 notavit
592 2721 726 2776 Heinsius.
760 2721 835 2792 ligas.
860 2721 913 2775 Alii
931 2721 988 2776 sive
1006 2734 1061 2777 tum
1080 2726 1138 2780 sive
1157 2746 1217 2783 cum
1234 2727 1347 2789 scribatur,

121 2792 223 2846 Verum
242 2799 295 2857 est,
322 2739 373 2843 sedJ
387 2789 522 2844 invenitur
539 2809 592 2844 non
609 2791 637 2844 in
655 2791 726 2862 opti-
761 2807 819 2843 eam
834 2790 990 2862 particulam
1012 2792 1136 2864 ineptam
1153 2807 1254 2852 vocant
1269 2796 1348 2849 delent·

121 2860 180 2928 mis,
199 2861 247 2913 sed
264 2860 292 2913 in
309 2859 400 2914 codice
410 2858 444 2927 G,
463 2877 542 2930 quem
554 2860 628 2913 docti
641 2859 726 2913 homi-
761 2875 820 2930 que.
854 2859 941 2912 Etiam
959 2859 987 2913 hi
1005 2862 1111 2917 habent
1129 2883 1185 2937 qua
1203 2884 1232 2920 se
1248 2872 1349 2919 tueantur

123 2929 163 2983 nis
180 2948 260 2983 manu
278 2929 446 2982 emendatum
463 2944 520 2981 esse
542 2928 630 2981 multis
647 2927 727 2982 vesti-
761 2928 858 2982 codicis
874 2928 945 2982 Flor.
955 2927 982 2982 G
1000 2932 1205 2988 auctoritatem.
1232 2935 1282 2989 Sed
1296 2932 1349 2986 vids

122 2997 173 3080 giis
198 2996 425 3069 deprehendimus.
468 2996 527 3051 Nec
558 3006 647 3050 tamen
677 2998 727 3051 hoc
760 3004 805 3049 tur
822 3004 910 3050 tamen
927 3006 980 3050 tum
998 2999 1110 3053 defendi
1133 3020 1229 3074 posse,
1254 3001 1350 3075 quando

122 3067 263 3138 impediret
285 3066 426 3139 quominus
452 3074 541 3119 vetere
567 3065 613 3119 illa
639 3083 726 3119 corre-
760 3064 864 3135 quidem
881 3081 958 3134 saepe
977 3065 1137 3124 Alexander
1159 3072 1217 3126 telo
1237 3084 1351 3144 perum

122 3135 211 3190 ctione
228 3135 376 3189 sententiae
394 3135 597 3201 subveniremus,
615 3135 642 3187 ni
670 3151 727 3188 rae·
760 3141 810 3186 est.
845 3133 969 3203 Sequitur
987 3139 1090 3204 evolso,
1114 3142 1190 3211 quod
1208 3158 1243 3195 ex
1259 3138 1351 3194 Bmul

123 3213 192 3258 stare
218 3205 351 3258 videretur
381 3205 496 3256 studium
526 3203 612 3256 scribi.
685 3222 727 3257 am
760 3201 831 3256 Flor.
841 3202 889 3255 AB
907 3201 1010 3256 Vossl
1033 3206 1099 3259 dedi
1118 3226 1170 3278 pro
1188 3210 1351 3281 vulgantes.

123 3291 182 3326 cum
199 3274 292 3326 eadem
310 3272 400 3325 littera
417 3279 552 3351 sequatur,
575 3271 651 3325 facile
668 3289 727 3325 ver·
795 3279 816 3339 ς.
828 3278 868 3326 30.
898 3288 977 3339 quam
997 3284 1094 3328 cuncto
1108 3281 1261 3357 perspexit]
1285 3277 1352 3330 Rem

122 3342 200 3407 bum,
227 3340 345 3412 alioquin
371 3339 484 3394 libranis
510 3359 565 3393 non
591 3339 725 3406 usitatum,
761 3339 819 3392 cavi
835 3337 961 3410 principis
979 3341 1207 3400 edicleouonem
1220 3348 1293 3415 hauc,
1306 3342 1352 3419 qui·

125 3409 256 3479 corrumpi
283 3407 379 3481 potuit
415 3410 536 3462 Stadium
562 3417 651 3462 autem
677 3428 727 3481 pro
761 3408 918 3479 optimorum
927 3407 1050 3464 codicum
1063 3414 1233 3470 auctoritate
1249 3416 1351 3477 unm,

124 3479 269 3531 stadiorum
300 3479 356 3531 fere
389 3494 424 3530 ex
455 3478 546 3548 regula
577 3477 674 3531 dicitnr
700 3486 728 3531 et
760 3476 835 3530 Laid.
861 3477 940 3530 Bern.
957 3476 985 3529 A
1007 3477 1084 3536 Flor.
1100 3482 1153 3536 AB
1182 3485 1351 3553 multosmqu

123 3546 245 3617 exempla
261 3554 323 3600 sunt
340 3547 411 3615 apud
424 3545 602 3601 Forcellinum
619 3546 647 3600 in
660 3546 727 3600 Lex.
761 3545 879 3599 aliorum.
904 3544 991 3599 Aldus
1001 3547 1131 3604 ediderat
1142 3547 1351 3625 prospexitquod

125 3613 171 3668 Sic
192 3618 314 3669 talentum
332 3632 385 3695 pro
408 3617 504 3669 talento
527 3616 561 3668 de
583 3615 728 3669 certissima
762 3615 880 3685 quamvis
901 3613 964 3666 ferri
986 3617 1093 3688 possit,
1121 3621 1212 3677 minus
1228 3623 1350 3678 menet

124 3682 274 3738 coniectura
289 3682 403 3738 Acrdalii
421 3683 539 3736 dedimus
555 3699 585 3752 v,
603 3691 645 3739 20.
761 3701 840 3755 quam
857 3684 976 3737 alterum.

158 3780 229 3823 terro
255 3772 360 3823 hamore
387 3771 482 3840 dilatio]
517 3769 599 3823 Multi
625 3770 727 3824 codices
796 3785 862 3857 cap,
883 3790 924 3840 38,
964 3796 1033 3840 tecta
1061 3792 1253 3863 moliebantur]
1291 3785 1349 3857 qu

125 3850 221 3893 terram
237 3867 273 3879 —
290 3841 417 3903 dilutam,
444 3838 492 3890 sed
514 3838 587 3891 nulla
609 3839 674 3891 fides
699 3838 728 3892 in
761 3855 850 3926 vulgo,
868 3854 931 3908 ioem
948 3862 1060 3909 auctore
1076 3859 1161 3924 Amo,
1186 3862 1273 3917 editu,
1287 3863 1348 3915 dm.

124 3906 252 3987 eiusmpdi
269 3907 349 3960 rebus
369 3906 488 3986 codicum
501 3914 549 3973 est,
568 3907 728 3987 ubisenten-
762 3925 903 3990 labantur,
929 3940 986 3976 non
1007 3932 1052 3977 θη
1078 3926 1109 3980 in
1136 3929 1215 3986 libri,
1235 3920 1348 3996 ΜΨ·

124 3985 164 4030 lla
180 3975 252 4028 ⁸1¹¹¹d
268 3975 395 4047 P⁰⁸l¹¹l⁸b
420 3973 610 4054 chllcuf‘sslffl
628 3976 726 4043 humma
761 4000 808 4045 aut
817 3992 1007 4046 catoliebontar
1016 3993 1107 4062 (Flor.
1115 3999 1168 4052 AB
1178 3996 1347 4055 Bersera

124 4043 727 4183 ttttttstttttdttttttttttttff
763 4063 791 4131 ¹)
809 4061 1046 4182 afflatas
1065 4064 1180 4147 bbere
1212 4057 1348 4151 trud

124 4189 189 4260 tur,
208 4183 320 4236 refertur
337 4183 372 4234 ad
389 4183 538 4261 materiam,
551 4197 635 4260 'quae
651 4190 728 4235 ante·
762 4147 851 4268 ἔξω
861 4146 1125 4258 ovggssbfflvffiffi
1139 4138 1347 4262 mm

125 4257 212 4315 cessit,
230 4260 258 4305 et
275 4250 409 4305 duriorem
426 4258 454 4303 et
471 4249 641 4321 fragrhorem.
762 4269 890 4321 pegam„
912 4273 941 4318 et
962 4269 1144 4329 detrahebam
1166 4277 1190 4331 „i
1211 4264 1346 4332 mmai,

162 4336 235 4412 §2²⁰¹
257 4337 365 4404 pervios
377 4335 509 4404 fecerant,
525 4336 596 4406 quod
607 4336 726 4390 tabulato
760 4336 830 4389 idem
843 4337 898 4388 fere
911 4350 1003 4390 sensus
1018 4339 1127 4413 existit,
1146 4346 1194 4417 qui
1211 4362 1244 4399 ex
1258 4334 1346 4398 mollo

127 4407 191 4453 tectu
208 4401 235 4455 in
251 4422 327 4460 muro
345 4419 492 4458 commeare
508 4412 641 4475 poterant.
762 4406 971 4459 demoliebantur.
