<?xml version="1.0" encoding="UTF-8"?>
<!DOCTYPE html PUBLIC "-//W3C//DTD XHTML 1.0 Transitional//EN"
    "http://www.w3.org/TR/xhtml1/DTD/xhtml1-transitional.dtd">
<html xmlns="http://www.w3.org/1999/xhtml" xml:lang="en" lang="en">
 <head>
  <title>
</title>
<meta http-equiv="Content-Type" content="text/html;charset=utf-8" />
  <meta name='ocr-system' content='tesseract 3.04.00' />
  <meta name='ocr-capabilities' content='ocr_page ocr_carea ocr_par ocr_line ocrx_word'/>
</head>
<body>
  <div class='ocr_page' id='page_1' title='image "./qcurtiirufidege01rufugoog_0534.png"; bbox 0 0 2926 5174; ppageno 0'>
   <div class='ocr_carea' id='block_1_1' title="bbox 410 291 1271 376">
    <p class='ocr_par' dir='ltr' id='par_1_1' title="bbox 410 291 1271 376">
     <span class='ocr_line' id='line_1_1' title="bbox 410 291 1271 376; baseline 0.006 -20"><span class='ocrx_word' id='word_1_1' title='bbox 410 307 459 357; x_wconf 85' lang='lat' dir='ltr'><strong>nn</strong></span> <span class='ocrx_word' id='word_1_2' title='bbox 488 305 613 358; x_wconf 84' lang='lat' dir='ltr'><strong>cnsms</strong></span> <span class='ocrx_word' id='word_1_3' title='bbox 640 306 749 357; x_wconf 79' lang='lat' dir='ltr'><strong>anax.</strong></span> <span class='ocrx_word' id='word_1_4' title='bbox 777 307 813 376; x_wconf 87' lang='lat' dir='ltr'><strong>x,</strong></span> <span class='ocrx_word' id='word_1_5' title='bbox 842 305 884 358; x_wconf 80' lang='lat' dir='ltr'><strong>rs.</strong></span> <span class='ocrx_word' id='word_1_6' title='bbox 942 338 954 361; x_wconf 85' lang='lat'><strong>.</strong></span> <span class='ocrx_word' id='word_1_7' title='bbox 1199 291 1271 361; x_wconf 87' lang='lat'><strong>503</strong></span> 
     </span>
    </p>
   </div>
   <div class='ocr_carea' id='block_1_2' title="bbox 38 485 1275 1171">
    <p class='ocr_par' dir='ltr' id='par_1_2' title="bbox 38 485 1275 1171">
     <span class='ocr_line' id='line_1_2' title="bbox 105 485 1272 558; baseline 0.003 -20"><span class='ocrx_word' id='word_1_8' title='bbox 105 486 268 540; x_wconf 82' lang='lat' dir='ltr'>Perventum</span> <span class='ocrx_word' id='word_1_9' title='bbox 286 485 382 538; x_wconf 91' lang='lat' dir='ltr'><strong>deinde</strong></span> <span class='ocrx_word' id='word_1_10' title='bbox 400 492 442 538; x_wconf 91' lang='lat' dir='ltr'><strong>est</strong></span> <span class='ocrx_word' id='word_1_11' title='bbox 458 485 486 538; x_wconf 93' lang='lat' dir='ltr'><strong>in</strong></span> <span class='ocrx_word' id='word_1_12' title='bbox 495 485 602 538; x_wconf 87' lang='lat' dir='ltr'><strong>Mediae</strong></span> <span class='ocrx_word' id='word_1_13' title='bbox 619 503 733 558; x_wconf 92' lang='lat' dir='ltr'><strong>campos,</strong></span> <span class='ocrx_word' id='word_1_14' title='bbox 751 489 796 541; x_wconf 93' lang='lat' dir='ltr'><strong>ubi</strong></span> <span class='ocrx_word' id='word_1_15' title='bbox 812 487 920 542; x_wconf 87' lang='lat' dir='ltr'><strong>maximi</strong></span> <span class='ocrx_word' id='word_1_16' title='bbox 933 503 1058 558; x_wconf 90' lang='lat' dir='ltr'><strong>equorum</strong></span> <span class='ocrx_word' id='word_1_17' title='bbox 1075 504 1168 557; x_wconf 78' lang='lat' dir='ltr'><strong>greges</strong></span> <span class='ocrx_word' id='word_1_18' title='bbox 1179 506 1272 558; x_wconf 88' lang='lat' dir='ltr'><strong>pasee-</strong></span> 
     </span>
     <span class='ocr_line' id='line_1_3' title="bbox 45 562 1275 635; baseline 0.002 -19"><span class='ocrx_word' id='word_1_19' title='bbox 45 565 141 617; x_wconf 81' lang='lat' dir='ltr'><strong>bantur.</strong></span> <span class='ocrx_word' id='word_1_20' title='bbox 177 562 288 616; x_wconf 80' lang='lat' dir='ltr'><strong>Nisaeos</strong></span> <span class='ocrx_word' id='word_1_21' title='bbox 305 562 455 632; x_wconf 90' lang='lat' dir='ltr'><strong>appellant,</strong></span> <span class='ocrx_word' id='word_1_22' title='bbox 477 563 656 633; x_wconf 82' lang='lat' dir='ltr'><strong>magnitudine</strong></span> <span class='ocrx_word' id='word_1_23' title='bbox 674 572 701 617; x_wconf 91' lang='lat' dir='ltr'><strong>et</strong></span> <span class='ocrx_word' id='word_1_24' title='bbox 718 566 805 635; x_wconf 90' lang='lat' dir='ltr'><strong>specie</strong></span> <span class='ocrx_word' id='word_1_25' title='bbox 823 565 944 634; x_wconf 78' lang='lat' dir='ltr'><strong>insignes.</strong></span> <span class='ocrx_word' id='word_1_26' title='bbox 980 564 1065 634; x_wconf 90' lang='lat' dir='ltr'><strong>Supra</strong></span> <span class='ocrx_word' id='word_1_27' title='bbox 1083 565 1275 635; x_wconf 89' lang='lat' dir='ltr'><strong>quinquaginta</strong></span> 
     </span>
     <span class='ocr_line' id='line_1_4' title="bbox 43 639 1274 709; baseline 0.003 -18"><span class='ocrx_word' id='word_1_28' title='bbox 43 639 106 692; x_wconf 89' lang='lat' dir='ltr'><strong>milia</strong></span> <span class='ocrx_word' id='word_1_29' title='bbox 123 639 163 692; x_wconf 93' lang='lat' dir='ltr'><strong>ibi</strong></span> <span class='ocrx_word' id='word_1_30' title='bbox 180 646 301 709; x_wconf 85' lang='lat' dir='ltr'><strong>reperta,</strong></span> <span class='ocrx_word' id='word_1_31' title='bbox 320 657 379 693; x_wconf 91' lang='lat' dir='ltr'><strong>cum</strong></span> <span class='ocrx_word' id='word_1_32' title='bbox 397 639 548 692; x_wconf 81' lang='lat' dir='ltr'><strong>Alexander</strong></span> <span class='ocrx_word' id='word_1_33' title='bbox 565 656 596 693; x_wconf 92' lang='lat' dir='ltr'><strong>eo</strong></span> <span class='ocrx_word' id='word_1_34' title='bbox 613 641 753 709; x_wconf 80' lang='lat' dir='ltr'><strong>transiret,</strong></span> <span class='ocrx_word' id='word_1_35' title='bbox 772 661 788 695; x_wconf 85' lang='lat' dir='ltr'><strong>a</strong></span> <span class='ocrx_word' id='word_1_36' title='bbox 805 640 944 695; x_wconf 80' lang='lat' dir='ltr'><strong>comitibus</strong></span> <span class='ocrx_word' id='word_1_37' title='bbox 961 639 1030 692; x_wconf 92' lang='lat' dir='ltr'><strong>illius</strong></span> <span class='ocrx_word' id='word_1_38' title='bbox 1048 647 1203 693; x_wconf 90' lang='lat' dir='ltr'><strong>annotatum</strong></span> <span class='ocrx_word' id='word_1_39' title='bbox 1220 650 1274 695; x_wconf 87' lang='lat' dir='ltr'><strong>est:</strong></span> 
     </span>
     <span class='ocr_line' id='line_1_5' title="bbox 43 715 1275 787; baseline 0.002 -18"><span class='ocrx_word' id='word_1_40' title='bbox 43 716 98 770; x_wconf 92' lang='lat' dir='ltr'><strong>olim</strong></span> <span class='ocrx_word' id='word_1_41' title='bbox 116 717 201 787; x_wconf 89' lang='lat' dir='ltr'><strong>triplo</strong></span> <span class='ocrx_word' id='word_1_42' title='bbox 227 715 316 786; x_wconf 85' lang='lat' dir='ltr'><strong>plures</strong></span> <span class='ocrx_word' id='word_1_43' title='bbox 343 715 437 784; x_wconf 88' lang='lat' dir='ltr'><strong>fuisse,</strong></span> <span class='ocrx_word' id='word_1_44' title='bbox 465 717 511 769; x_wconf 91' lang='lat' dir='ltr'><strong>sed</strong></span> <span class='ocrx_word' id='word_1_45' title='bbox 527 716 598 769; x_wconf 89' lang='lat' dir='ltr'><strong>inter</strong></span> <span class='ocrx_word' id='word_1_46' title='bbox 622 717 751 770; x_wconf 90' lang='lat' dir='ltr'><strong>bellorum</strong></span> <span class='ocrx_word' id='word_1_47' title='bbox 776 719 867 771; x_wconf 87' lang='lat' dir='ltr'><strong>turbas</strong></span> <span class='ocrx_word' id='word_1_48' title='bbox 892 717 1032 770; x_wconf 87' lang='lat' dir='ltr'><strong>maximam</strong></span> <span class='ocrx_word' id='word_1_49' title='bbox 1058 732 1150 769; x_wconf 91' lang='lat' dir='ltr'><strong>eorum</strong></span> <span class='ocrx_word' id='word_1_50' title='bbox 1171 726 1275 787; x_wconf 80' lang='lat' dir='ltr'><strong>partem</strong></span> 
     </span>
     <span class='ocr_line' id='line_1_6' title="bbox 41 791 1274 864; baseline 0.001 -17"><span class='ocrx_word' id='word_1_51' title='bbox 41 795 183 864; x_wconf 88' lang='lat' dir='ltr'><strong>praedones</strong></span> <span class='ocrx_word' id='word_1_52' title='bbox 202 791 330 862; x_wconf 83' lang='lat' dir='ltr'><strong>abegisse.</strong></span> <span class='ocrx_word' id='word_1_53' title='bbox 373 794 417 845; x_wconf 85' lang='lat' dir='ltr'><strong>Ad</strong></span> <span class='ocrx_word' id='word_1_54' title='bbox 443 793 554 862; x_wconf 89' lang='lat' dir='ltr'><strong>triginta</strong></span> <span class='ocrx_word' id='word_1_55' title='bbox 581 793 637 847; x_wconf 93' lang='lat' dir='ltr'><strong>dies</strong></span> <span class='ocrx_word' id='word_1_56' title='bbox 663 793 700 847; x_wconf 94' lang='lat' dir='ltr'><strong>ibi</strong></span> <span class='ocrx_word' id='word_1_57' title='bbox 717 795 835 848; x_wconf 87' lang='lat' dir='ltr'><strong>substitit</strong></span> <span class='ocrx_word' id='word_1_58' title='bbox 860 811 915 847; x_wconf 90' lang='lat' dir='ltr'><strong>rex.</strong></span> <span class='ocrx_word' id='word_1_59' title='bbox 950 794 991 847; x_wconf 92' lang='lat' dir='ltr'><strong>Eo</strong></span> <span class='ocrx_word' id='word_1_60' title='bbox 1008 793 1150 863; x_wconf 87' lang='lat' dir='ltr'><strong>Atropates</strong></span> <span class='ocrx_word' id='word_1_61' title='bbox 1168 794 1274 848; x_wconf 89' lang='lat' dir='ltr'><strong>Mediae</strong></span> 
     </span>
     <span class='ocr_line' id='line_1_7' title="bbox 40 869 1274 942; baseline 0.001 -18"><span class='ocrx_word' id='word_1_62' title='bbox 40 879 142 942; x_wconf 84' lang='lat' dir='ltr'><strong>satrapa</strong></span> <span class='ocrx_word' id='word_1_63' title='bbox 160 877 268 924; x_wconf 88' lang='lat' dir='ltr'><strong>centum</strong></span> <span class='ocrx_word' id='word_1_64' title='bbox 284 870 411 922; x_wconf 88' lang='lat' dir='ltr'><strong>barbaras</strong></span> <span class='ocrx_word' id='word_1_65' title='bbox 428 869 549 922; x_wconf 90' lang='lat' dir='ltr'><strong>mulieres</strong></span> <span class='ocrx_word' id='word_1_66' title='bbox 565 871 691 936; x_wconf 88' lang='lat' dir='ltr'><strong>adduxit,</strong></span> <span class='ocrx_word' id='word_1_67' title='bbox 718 870 851 941; x_wconf 89' lang='lat' dir='ltr'><strong>equitandi</strong></span> <span class='ocrx_word' id='word_1_68' title='bbox 868 871 978 941; x_wconf 87' lang='lat' dir='ltr'><strong>peritas,</strong></span> <span class='ocrx_word' id='word_1_69' title='bbox 1005 869 1137 940; x_wconf 89' lang='lat' dir='ltr'><strong>peltisque</strong></span> <span class='ocrx_word' id='word_1_70' title='bbox 1155 877 1183 923; x_wconf 93' lang='lat' dir='ltr'><strong>et</strong></span> <span class='ocrx_word' id='word_1_71' title='bbox 1200 888 1274 925; x_wconf 87' lang='lat' dir='ltr'><strong>secu-</strong></span> 
     </span>
     <span class='ocr_line' id='line_1_8' title="bbox 39 946 1273 1017; baseline 0.002 -17"><span class='ocrx_word' id='word_1_72' title='bbox 39 947 107 1000; x_wconf 89' lang='lat' dir='ltr'><strong>ribus</strong></span> <span class='ocrx_word' id='word_1_73' title='bbox 126 954 256 1000; x_wconf 87' lang='lat' dir='ltr'><strong>armatas:</strong></span> <span class='ocrx_word' id='word_1_74' title='bbox 284 947 355 998; x_wconf 91' lang='lat' dir='ltr'><strong>unde</strong></span> <span class='ocrx_word' id='word_1_75' title='bbox 373 946 481 1015; x_wconf 87' lang='lat' dir='ltr'><strong>quidam</strong></span> <span class='ocrx_word' id='word_1_76' title='bbox 500 946 680 1014; x_wconf 90' lang='lat' dir='ltr'><strong>crediderunt,</strong></span> <span class='ocrx_word' id='word_1_77' title='bbox 707 949 871 1007; x_wconf 88' lang='lat' dir='ltr'><strong>Amazonum</strong></span> <span class='ocrx_word' id='word_1_78' title='bbox 888 964 921 1000; x_wconf 91' lang='lat' dir='ltr'><strong>ex</strong></span> <span class='ocrx_word' id='word_1_79' title='bbox 939 954 1019 1017; x_wconf 85' lang='lat' dir='ltr'><strong>gente</strong></span> <span class='ocrx_word' id='word_1_80' title='bbox 1044 946 1166 1017; x_wconf 87' lang='lat' dir='ltr'><strong>reliquias</strong></span> <span class='ocrx_word' id='word_1_81' title='bbox 1187 947 1273 1003; x_wconf 84' lang='lat' dir='ltr'><strong>fuisse.</strong></span> 
     </span>
     <span class='ocr_line' id='line_1_9' title="bbox 42 1021 1274 1095; baseline 0.001 -18"><span class='ocrx_word' id='word_1_82' title='bbox 42 1023 164 1095; x_wconf 86' lang='lat' dir='ltr'><strong>Septimis</strong></span> <span class='ocrx_word' id='word_1_83' title='bbox 183 1021 280 1075; x_wconf 89' lang='lat' dir='ltr'><strong>deinde</strong></span> <span class='ocrx_word' id='word_1_84' title='bbox 297 1021 389 1075; x_wconf 79' lang='lat' dir='ltr'><strong>castris</strong></span> <span class='ocrx_word' id='word_1_85' title='bbox 406 1022 543 1076; x_wconf 82' lang='lat' dir='ltr'><strong>Ecbatana</strong></span> <span class='ocrx_word' id='word_1_86' title='bbox 560 1023 661 1093; x_wconf 87' lang='lat' dir='ltr'><strong>attigit,</strong></span> <span class='ocrx_word' id='word_1_87' title='bbox 679 1025 785 1077; x_wconf 86' lang='lat' dir='ltr'><strong>Mediae</strong></span> <span class='ocrx_word' id='word_1_88' title='bbox 803 1032 890 1094; x_wconf 88' lang='lat' dir='ltr'><strong>caput.</strong></span> <span class='ocrx_word' id='word_1_89' title='bbox 918 1024 959 1079; x_wconf 93' lang='lat' dir='ltr'><strong>lbi</strong></span> <span class='ocrx_word' id='word_1_90' title='bbox 977 1022 1111 1076; x_wconf 90' lang='lat' dir='ltr'><strong>sollemnia</strong></span> <span class='ocrx_word' id='word_1_91' title='bbox 1128 1023 1177 1076; x_wconf 90' lang='lat' dir='ltr'><strong>diis</strong></span> <span class='ocrx_word' id='word_1_92' title='bbox 1196 1025 1274 1078; x_wconf 88' lang='lat' dir='ltr'><strong>sacri-</strong></span> 
     </span>
     <span class='ocr_line' id='line_1_10' title="bbox 38 1098 1274 1171; baseline 0.002 -17"><span class='ocrx_word' id='word_1_93' title='bbox 38 1100 91 1154; x_wconf 85' lang='lat' dir='ltr'><strong>ficia</strong></span> <span class='ocrx_word' id='word_1_94' title='bbox 107 1099 185 1166; x_wconf 86' lang='lat' dir='ltr'><strong>fecit,</strong></span> <span class='ocrx_word' id='word_1_95' title='bbox 205 1099 333 1168; x_wconf 90' lang='lat' dir='ltr'><strong>ludosque</strong></span> <span class='ocrx_word' id='word_1_96' title='bbox 350 1098 443 1165; x_wconf 85' lang='lat' dir='ltr'><strong>edidit,</strong></span> <span class='ocrx_word' id='word_1_97' title='bbox 462 1107 491 1151; x_wconf 90' lang='lat' dir='ltr'><strong>et</strong></span> <span class='ocrx_word' id='word_1_98' title='bbox 508 1098 667 1153; x_wconf 77' lang='lat' dir='ltr'><strong>inconnivis</strong></span> <span class='ocrx_word' id='word_1_99' title='bbox 684 1101 818 1171; x_wconf 88' lang='lat' dir='ltr'><strong>festosque</strong></span> <span class='ocrx_word' id='word_1_100' title='bbox 835 1101 891 1154; x_wconf 90' lang='lat' dir='ltr'><strong>dies</strong></span> <span class='ocrx_word' id='word_1_101' title='bbox 909 1099 1009 1153; x_wconf 87' lang='lat' dir='ltr'><strong>laxavit</strong></span> <span class='ocrx_word' id='word_1_102' title='bbox 1023 1099 1146 1167; x_wconf 87' lang='lat' dir='ltr'><strong>animum,</strong></span> <span class='ocrx_word' id='word_1_103' title='bbox 1165 1109 1196 1154; x_wconf 95' lang='lat' dir='ltr'><strong>ut</strong></span> <span class='ocrx_word' id='word_1_104' title='bbox 1213 1120 1274 1156; x_wconf 87' lang='lat' dir='ltr'><strong>mox</strong></span> 
     </span>
    </p>
   </div>
   <div class='ocr_carea' id='block_1_3' title="bbox 37 1175 1376 1246">
    <p class='ocr_par' dir='ltr' id='par_1_3' title="bbox 37 1175 1376 1246">
     <span class='ocr_line' id='line_1_11' title="bbox 37 1175 1376 1246; baseline 0.001 -16"><span class='ocrx_word' id='word_1_105' title='bbox 37 1177 61 1230; x_wconf 91' lang='lat' dir='ltr'><strong>in</strong></span> <span class='ocrx_word' id='word_1_106' title='bbox 77 1194 210 1231; x_wconf 87' lang='lat' dir='ltr'><strong>novorum</strong></span> <span class='ocrx_word' id='word_1_107' title='bbox 227 1192 336 1246; x_wconf 88' lang='lat' dir='ltr'><strong>operum</strong></span> <span class='ocrx_word' id='word_1_108' title='bbox 355 1192 445 1228; x_wconf 91' lang='lat' dir='ltr'><strong>curam</strong></span> <span class='ocrx_word' id='word_1_109' title='bbox 467 1183 549 1244; x_wconf 91' lang='lat' dir='ltr'><strong>atque</strong></span> <span class='ocrx_word' id='word_1_110' title='bbox 565 1176 712 1230; x_wconf 90' lang='lat' dir='ltr'><strong>ministeria</strong></span> <span class='ocrx_word' id='word_1_111' title='bbox 728 1176 840 1230; x_wconf 86' lang='lat' dir='ltr'><strong>validior</strong></span> <span class='ocrx_word' id='word_1_112' title='bbox 856 1175 1045 1233; x_wconf 85' lang='lat' dir='ltr'><strong>intenderetur.</strong></span> <span class='ocrx_word' id='word_1_113' title='bbox 1081 1176 1134 1230; x_wconf 91' lang='lat' dir='ltr'><strong>Sed</strong></span> <span class='ocrx_word' id='word_1_114' title='bbox 1151 1177 1201 1230; x_wconf 89' lang='lat' dir='ltr'><strong>ista</strong></span> <span class='ocrx_word' id='word_1_115' title='bbox 1217 1179 1274 1231; x_wconf 86' lang='lat' dir='ltr'><strong>vol·</strong></span> <span class='ocrx_word' id='word_1_116' title='bbox 1370 1181 1376 1186; x_wconf 82' lang='lat'><strong><em>&#39;</em></strong></span> 
     </span>
    </p>
   </div>
   <div class='ocr_carea' id='block_1_4' title="bbox 19 1251 1275 4471">
    <p class='ocr_par' dir='ltr' id='par_1_4' title="bbox 19 1251 1275 4471">
     <span class='ocr_line' id='line_1_12' title="bbox 38 1251 1274 1324; baseline 0.001 -19"><span class='ocrx_word' id='word_1_117' title='bbox 38 1262 157 1322; x_wconf 86' lang='lat' dir='ltr'><strong>ventem,</strong></span> <span class='ocrx_word' id='word_1_118' title='bbox 185 1253 259 1306; x_wconf 88' lang='lat' dir='ltr'><strong>velut</strong></span> <span class='ocrx_word' id='word_1_119' title='bbox 275 1251 371 1306; x_wconf 87' lang='lat' dir='ltr'><strong>iniecta</strong></span> <span class='ocrx_word' id='word_1_120' title='bbox 394 1270 488 1319; x_wconf 93' lang='lat' dir='ltr'><strong>manu,</strong></span> <span class='ocrx_word' id='word_1_121' title='bbox 515 1251 597 1304; x_wconf 88' lang='lat' dir='ltr'><strong>fatum</strong></span> <span class='ocrx_word' id='word_1_122' title='bbox 614 1253 667 1306; x_wconf 87' lang='lat' dir='ltr'><strong>alio</strong></span> <span class='ocrx_word' id='word_1_123' title='bbox 692 1255 787 1322; x_wconf 84' lang='lat' dir='ltr'><strong>traxit,</strong></span> <span class='ocrx_word' id='word_1_124' title='bbox 819 1255 954 1324; x_wconf 87' lang='lat' dir='ltr'><strong>vitamque</strong></span> <span class='ocrx_word' id='word_1_125' title='bbox 976 1253 1107 1307; x_wconf 87' lang='lat' dir='ltr'><strong>carissimo</strong></span> <span class='ocrx_word' id='word_1_126' title='bbox 1133 1254 1274 1308; x_wconf 88' lang='lat' dir='ltr'><strong>amicorum</strong></span> 
     </span>
     <span class='ocr_line' id='line_1_13' title="bbox 37 1328 1273 1400; baseline 0.001 -18"><span class='ocrx_word' id='word_1_127' title='bbox 37 1329 101 1396; x_wconf 87' lang='lat' dir='ltr'><strong>eius,</strong></span> <span class='ocrx_word' id='word_1_128' title='bbox 130 1345 221 1400; x_wconf 91' lang='lat' dir='ltr'><strong>neque</strong></span> <span class='ocrx_word' id='word_1_129' title='bbox 238 1328 321 1382; x_wconf 92' lang='lat' dir='ltr'><strong>multo</strong></span> <span class='ocrx_word' id='word_1_130' title='bbox 339 1336 399 1399; x_wconf 93' lang='lat' dir='ltr'><strong>post</strong></span> <span class='ocrx_word' id='word_1_131' title='bbox 425 1329 474 1400; x_wconf 93' lang='lat' dir='ltr'><strong>ipsi</strong></span> <span class='ocrx_word' id='word_1_132' title='bbox 492 1346 595 1399; x_wconf 89' lang='lat' dir='ltr'><strong>quoque</strong></span> <span class='ocrx_word' id='word_1_133' title='bbox 620 1330 678 1400; x_wconf 91' lang='lat' dir='ltr'><strong>regi</strong></span> <span class='ocrx_word' id='word_1_134' title='bbox 699 1331 819 1384; x_wconf 85' lang='lat' dir='ltr'><strong>extorsit.</strong></span> <span class='ocrx_word' id='word_1_135' title='bbox 862 1331 962 1384; x_wconf 92' lang='lat' dir='ltr'><strong>Pueros</strong></span> <span class='ocrx_word' id='word_1_136' title='bbox 987 1330 1015 1383; x_wconf 92' lang='lat' dir='ltr'><strong>in</strong></span> <span class='ocrx_word' id='word_1_137' title='bbox 1032 1331 1119 1383; x_wconf 90' lang='lat' dir='ltr'><strong>stadio</strong></span> <span class='ocrx_word' id='word_1_138' title='bbox 1145 1338 1273 1383; x_wconf 79' lang='lat' dir='ltr'><strong>certantes</strong></span> 
     </span>
     <span class='ocr_line' id='line_1_14' title="bbox 38 1404 1275 1479; baseline 0.001 -19"><span class='ocrx_word' id='word_1_139' title='bbox 38 1407 193 1476; x_wconf 88' lang='lat' dir='ltr'><strong>spectabat,</strong></span> <span class='ocrx_word' id='word_1_140' title='bbox 222 1422 281 1458; x_wconf 90' lang='lat' dir='ltr'><strong>cum</strong></span> <span class='ocrx_word' id='word_1_141' title='bbox 307 1404 445 1458; x_wconf 90' lang='lat' dir='ltr'><strong>nuntiatur</strong></span> <span class='ocrx_word' id='word_1_142' title='bbox 461 1405 574 1457; x_wconf 88' lang='lat' dir='ltr'><strong>deficere</strong></span> <span class='ocrx_word' id='word_1_143' title='bbox 591 1405 829 1476; x_wconf 87' lang='lat' dir='ltr'><strong>Hephaestionem,</strong></span> <span class='ocrx_word' id='word_1_144' title='bbox 857 1407 902 1479; x_wconf 92' lang='lat' dir='ltr'><strong>qui</strong></span> <span class='ocrx_word' id='word_1_145' title='bbox 919 1409 1013 1461; x_wconf 90' lang='lat' dir='ltr'><strong>morbo</strong></span> <span class='ocrx_word' id='word_1_146' title='bbox 1039 1424 1072 1460; x_wconf 90' lang='lat' dir='ltr'><strong>ex</strong></span> <span class='ocrx_word' id='word_1_147' title='bbox 1090 1407 1196 1476; x_wconf 89' lang='lat' dir='ltr'><strong>crapula</strong></span> <span class='ocrx_word' id='word_1_148' title='bbox 1213 1425 1275 1461; x_wconf 92' lang='lat' dir='ltr'><strong>con·</strong></span> 
     </span>
     <span class='ocr_line' id='line_1_15' title="bbox 36 1481 1275 1554; baseline 0 -18"><span class='ocrx_word' id='word_1_149' title='bbox 36 1489 120 1536; x_wconf 89' lang='lat' dir='ltr'><strong>tracto</strong></span> <span class='ocrx_word' id='word_1_150' title='bbox 158 1482 301 1553; x_wconf 91' lang='lat' dir='ltr'><strong>septimum</strong></span> <span class='ocrx_word' id='word_1_151' title='bbox 332 1481 385 1534; x_wconf 90' lang='lat' dir='ltr'><strong>iam</strong></span> <span class='ocrx_word' id='word_1_152' title='bbox 421 1481 490 1533; x_wconf 92' lang='lat' dir='ltr'><strong>diem</strong></span> <span class='ocrx_word' id='word_1_153' title='bbox 517 1482 697 1536; x_wconf 87' lang='lat' dir='ltr'><strong>decumbebat.</strong></span> <span class='ocrx_word' id='word_1_154' title='bbox 740 1484 892 1538; x_wconf 86' lang='lat' dir='ltr'><strong>Exterritus</strong></span> <span class='ocrx_word' id='word_1_155' title='bbox 924 1482 1001 1536; x_wconf 90' lang='lat' dir='ltr'><strong>amici</strong></span> <span class='ocrx_word' id='word_1_156' title='bbox 1034 1483 1151 1554; x_wconf 89' lang='lat' dir='ltr'><strong>periculo</strong></span> <span class='ocrx_word' id='word_1_157' title='bbox 1184 1483 1275 1536; x_wconf 89' lang='lat' dir='ltr'><strong>statim</strong></span> 
     </span>
     <span class='ocr_line' id='line_1_16' title="bbox 36 1557 1274 1631; baseline 0.002 -19"><span class='ocrx_word' id='word_1_158' title='bbox 36 1559 181 1629; x_wconf 87' lang='lat' dir='ltr'><strong>consurgit,</strong></span> <span class='ocrx_word' id='word_1_159' title='bbox 200 1568 228 1612; x_wconf 90' lang='lat' dir='ltr'><strong>et</strong></span> <span class='ocrx_word' id='word_1_160' title='bbox 245 1559 279 1611; x_wconf 89' lang='lat' dir='ltr'><strong>ad</strong></span> <span class='ocrx_word' id='word_1_161' title='bbox 296 1558 440 1628; x_wconf 88' lang='lat' dir='ltr'><strong>hospitium</strong></span> <span class='ocrx_word' id='word_1_162' title='bbox 457 1557 526 1611; x_wconf 92' lang='lat' dir='ltr'><strong>illius</strong></span> <span class='ocrx_word' id='word_1_163' title='bbox 539 1557 661 1612; x_wconf 86' lang='lat' dir='ltr'><strong>celeriter</strong></span> <span class='ocrx_word' id='word_1_164' title='bbox 677 1560 779 1630; x_wconf 88' lang='lat' dir='ltr'><strong>pergit:</strong></span> <span class='ocrx_word' id='word_1_165' title='bbox 799 1578 886 1631; x_wconf 89' lang='lat' dir='ltr'><strong>neque</strong></span> <span class='ocrx_word' id='word_1_166' title='bbox 903 1569 992 1613; x_wconf 91' lang='lat' dir='ltr'><strong>tamen</strong></span> <span class='ocrx_word' id='word_1_167' title='bbox 1009 1560 1081 1629; x_wconf 90' lang='lat' dir='ltr'><strong>prius</strong></span> <span class='ocrx_word' id='word_1_168' title='bbox 1099 1576 1130 1613; x_wconf 93' lang='lat' dir='ltr'><strong>eo</strong></span> <span class='ocrx_word' id='word_1_169' title='bbox 1144 1560 1274 1630; x_wconf 87' lang='lat' dir='ltr'><strong>pervenit,</strong></span> 
     </span>
     <span class='ocr_line' id='line_1_17' title="bbox 36 1633 1275 1706; baseline 0.002 -19"><span class='ocrx_word' id='word_1_170' title='bbox 36 1653 108 1706; x_wconf 90' lang='lat' dir='ltr'><strong>quam</strong></span> <span class='ocrx_word' id='word_1_171' title='bbox 126 1636 207 1689; x_wconf 91' lang='lat' dir='ltr'><strong>illum</strong></span> <span class='ocrx_word' id='word_1_172' title='bbox 224 1652 295 1687; x_wconf 90' lang='lat' dir='ltr'><strong>mors</strong></span> <span class='ocrx_word' id='word_1_173' title='bbox 312 1641 473 1705; x_wconf 85' lang='lat' dir='ltr'><strong>occupasset.</strong></span> <span class='ocrx_word' id='word_1_174' title='bbox 509 1633 542 1686; x_wconf 95' lang='lat' dir='ltr'><strong>Id</strong></span> <span class='ocrx_word' id='word_1_175' title='bbox 558 1635 615 1704; x_wconf 82' lang='lat' dir='ltr'><strong>regi</strong></span> <span class='ocrx_word' id='word_1_176' title='bbox 632 1636 760 1703; x_wconf 91' lang='lat' dir='ltr'><strong>omnium,</strong></span> <span class='ocrx_word' id='word_1_177' title='bbox 780 1654 847 1706; x_wconf 89' lang='lat' dir='ltr'><strong>quae</strong></span> <span class='ocrx_word' id='word_1_178' title='bbox 864 1638 892 1690; x_wconf 92' lang='lat' dir='ltr'><strong>in</strong></span> <span class='ocrx_word' id='word_1_179' title='bbox 909 1636 964 1690; x_wconf 86' lang='lat' dir='ltr'><strong>vita</strong></span> <span class='ocrx_word' id='word_1_180' title='bbox 982 1636 1134 1706; x_wconf 86' lang='lat' dir='ltr'><strong>pertulerat,</strong></span> <span class='ocrx_word' id='word_1_181' title='bbox 1152 1639 1275 1690; x_wconf 89' lang='lat' dir='ltr'><strong>adverso-</strong></span> 
     </span>
     <span class='ocr_line' id='line_1_18' title="bbox 35 1710 1275 1784; baseline 0.002 -19"><span class='ocrx_word' id='word_1_182' title='bbox 35 1731 89 1765; x_wconf 90' lang='lat' dir='ltr'><strong>rum</strong></span> <span class='ocrx_word' id='word_1_183' title='bbox 105 1710 338 1765; x_wconf 89' lang='lat' dir='ltr'><strong>luctuosissimum</strong></span> <span class='ocrx_word' id='word_1_184' title='bbox 364 1710 490 1764; x_wconf 85' lang='lat' dir='ltr'><strong>accidisse</strong></span> <span class='ocrx_word' id='word_1_185' title='bbox 516 1720 616 1764; x_wconf 91' lang='lat' dir='ltr'><strong>certum</strong></span> <span class='ocrx_word' id='word_1_186' title='bbox 633 1713 758 1780; x_wconf 83' lang='lat' dir='ltr'><strong>liabetur,</strong></span> <span class='ocrx_word' id='word_1_187' title='bbox 785 1729 899 1784; x_wconf 89' lang='lat' dir='ltr'><strong>eumque</strong></span> <span class='ocrx_word' id='word_1_188' title='bbox 925 1712 1105 1783; x_wconf 89' lang='lat' dir='ltr'><strong>magnitudine</strong></span> <span class='ocrx_word' id='word_1_189' title='bbox 1130 1713 1230 1767; x_wconf 89' lang='lat' dir='ltr'><strong>doloris</strong></span> <span class='ocrx_word' id='word_1_190' title='bbox 1247 1714 1275 1767; x_wconf 91' lang='lat' dir='ltr'><strong>in</strong></span> 
     </span>
     <span class='ocr_line' id='line_1_19' title="bbox 34 1786 1274 1860; baseline 0.003 -20"><span class='ocrx_word' id='word_1_191' title='bbox 34 1788 151 1842; x_wconf 87' lang='lat' dir='ltr'><strong>lacrimas</strong></span> <span class='ocrx_word' id='word_1_192' title='bbox 170 1797 202 1842; x_wconf 92' lang='lat' dir='ltr'><strong>et</strong></span> <span class='ocrx_word' id='word_1_193' title='bbox 219 1789 334 1841; x_wconf 89' lang='lat' dir='ltr'><strong>lamenta</strong></span> <span class='ocrx_word' id='word_1_194' title='bbox 351 1787 465 1854; x_wconf 85' lang='lat' dir='ltr'><strong>victum,</strong></span> <span class='ocrx_word' id='word_1_195' title='bbox 492 1786 577 1843; x_wconf 84' lang='lat' dir='ltr'><strong>multa</strong></span> <span class='ocrx_word' id='word_1_196' title='bbox 593 1788 672 1840; x_wconf 92' lang='lat' dir='ltr'><strong>animi</strong></span> <span class='ocrx_word' id='word_1_197' title='bbox 690 1790 723 1841; x_wconf 93' lang='lat' dir='ltr'><strong>de</strong></span> <span class='ocrx_word' id='word_1_198' title='bbox 749 1791 833 1859; x_wconf 86' lang='lat' dir='ltr'><strong>gradu</strong></span> <span class='ocrx_word' id='word_1_199' title='bbox 855 1791 950 1844; x_wconf 92' lang='lat' dir='ltr'><strong>deiecti</strong></span> <span class='ocrx_word' id='word_1_200' title='bbox 975 1796 1129 1860; x_wconf 89' lang='lat' dir='ltr'><strong>argumenta</strong></span> <span class='ocrx_word' id='word_1_201' title='bbox 1154 1789 1274 1844; x_wconf 90' lang='lat' dir='ltr'><strong>edidisse.</strong></span> 
     </span>
     <span class='ocr_line' id='line_1_20' title="bbox 35 1864 1274 1936; baseline 0 -17"><span class='ocrx_word' id='word_1_202' title='bbox 35 1865 83 1919; x_wconf 83' lang='lat' dir='ltr'><strong>Sed</strong></span> <span class='ocrx_word' id='word_1_203' title='bbox 99 1883 133 1919; x_wconf 88' lang='lat' dir='ltr'><strong>ea</strong></span> <span class='ocrx_word' id='word_1_204' title='bbox 152 1865 264 1936; x_wconf 88' lang='lat' dir='ltr'><strong>quidem</strong></span> <span class='ocrx_word' id='word_1_205' title='bbox 279 1864 351 1918; x_wconf 84' lang='lat' dir='ltr'><strong>varie</strong></span> <span class='ocrx_word' id='word_1_206' title='bbox 368 1866 522 1922; x_wconf 88' lang='lat' dir='ltr'><strong>traduntur:</strong></span> <span class='ocrx_word' id='word_1_207' title='bbox 545 1864 610 1916; x_wconf 93' lang='lat' dir='ltr'><strong>illud</strong></span> <span class='ocrx_word' id='word_1_208' title='bbox 634 1865 705 1918; x_wconf 92' lang='lat' dir='ltr'><strong>inter</strong></span> <span class='ocrx_word' id='word_1_209' title='bbox 722 1884 811 1920; x_wconf 91' lang='lat' dir='ltr'><strong>omnes</strong></span> <span class='ocrx_word' id='word_1_210' title='bbox 838 1874 954 1933; x_wconf 91' lang='lat' dir='ltr'><strong>constat,</strong></span> <span class='ocrx_word' id='word_1_211' title='bbox 978 1875 1009 1919; x_wconf 91' lang='lat' dir='ltr'><strong>ut</strong></span> <span class='ocrx_word' id='word_1_212' title='bbox 1026 1883 1106 1936; x_wconf 89' lang='lat' dir='ltr'><strong>quam</strong></span> <span class='ocrx_word' id='word_1_213' title='bbox 1123 1866 1274 1919; x_wconf 90' lang='lat' dir='ltr'><strong>decentissi-</strong></span> 
     </span>
     <span class='ocr_line' id='line_1_21' title="bbox 34 1939 1275 2014; baseline -0.001 -18"><span class='ocrx_word' id='word_1_214' title='bbox 34 1960 83 1996; x_wconf 88' lang='lat' dir='ltr'><strong>mas</strong></span> <span class='ocrx_word' id='word_1_215' title='bbox 99 1942 233 2013; x_wconf 88' lang='lat' dir='ltr'><strong>exequias</strong></span> <span class='ocrx_word' id='word_1_216' title='bbox 251 1941 277 1994; x_wconf 91' lang='lat' dir='ltr'><strong>ei</strong></span> <span class='ocrx_word' id='word_1_217' title='bbox 293 1943 416 2007; x_wconf 86' lang='lat' dir='ltr'><strong>duceret,</strong></span> <span class='ocrx_word' id='word_1_218' title='bbox 444 1939 557 1993; x_wconf 90' lang='lat' dir='ltr'><strong>noluisse</strong></span> <span class='ocrx_word' id='word_1_219' title='bbox 573 1941 718 1995; x_wconf 86' lang='lat' dir='ltr'><strong>Ecbatanis</strong></span> <span class='ocrx_word' id='word_1_220' title='bbox 737 1943 855 2014; x_wconf 88' lang='lat' dir='ltr'><strong>sepeliri,</strong></span> <span class='ocrx_word' id='word_1_221' title='bbox 882 1944 929 1996; x_wconf 89' lang='lat' dir='ltr'><strong>sed</strong></span> <span class='ocrx_word' id='word_1_222' title='bbox 945 1943 1121 2012; x_wconf 84' lang='lat' dir='ltr'><strong>Babylonem,</strong></span> <span class='ocrx_word' id='word_1_223' title='bbox 1148 1961 1201 2013; x_wconf 91' lang='lat' dir='ltr'><strong>qno</strong></span> <span class='ocrx_word' id='word_1_224' title='bbox 1219 1943 1275 2014; x_wconf 90' lang='lat' dir='ltr'><strong>ipse</strong></span> 
     </span>
     <span class='ocr_line' id='line_1_22' title="bbox 34 2015 1275 2090; baseline 0 -17"><span class='ocrx_word' id='word_1_225' title='bbox 34 2036 205 2074; x_wconf 88' lang='lat' dir='ltr'><strong>concessurus</strong></span> <span class='ocrx_word' id='word_1_226' title='bbox 232 2025 307 2085; x_wconf 88' lang='lat' dir='ltr'><strong>erat,</strong></span> <span class='ocrx_word' id='word_1_227' title='bbox 338 2036 355 2070; x_wconf 90' lang='lat' dir='ltr'><strong>a</strong></span> <span class='ocrx_word' id='word_1_228' title='bbox 380 2015 508 2070; x_wconf 89' lang='lat' dir='ltr'><strong>Perdicca</strong></span> <span class='ocrx_word' id='word_1_229' title='bbox 534 2017 631 2071; x_wconf 88' lang='lat' dir='ltr'><strong>deferri</strong></span> <span class='ocrx_word' id='word_1_230' title='bbox 658 2035 773 2072; x_wconf 87' lang='lat' dir='ltr'><strong>curasse:</strong></span> <span class='ocrx_word' id='word_1_231' title='bbox 800 2020 889 2090; x_wconf 89' lang='lat' dir='ltr'><strong>ibique</strong></span> <span class='ocrx_word' id='word_1_232' title='bbox 915 2020 993 2072; x_wconf 89' lang='lat' dir='ltr'><strong>funus</strong></span> <span class='ocrx_word' id='word_1_233' title='bbox 1019 2018 1139 2073; x_wconf 89' lang='lat' dir='ltr'><strong>inaudito</strong></span> <span class='ocrx_word' id='word_1_234' title='bbox 1163 2021 1275 2074; x_wconf 88' lang='lat' dir='ltr'><strong>antehac</strong></span> 
     </span>
     <span class='ocr_line' id='line_1_23' title="bbox 33 2092 1275 2168; baseline 0 -19"><span class='ocrx_word' id='word_1_235' title='bbox 33 2096 153 2168; x_wconf 87' lang='lat' dir='ltr'><strong>exemplo</strong></span> <span class='ocrx_word' id='word_1_236' title='bbox 173 2094 316 2149; x_wconf 88' lang='lat' dir='ltr'><strong>duodecim</strong></span> <span class='ocrx_word' id='word_1_237' title='bbox 332 2094 463 2148; x_wconf 89' lang='lat' dir='ltr'><strong>talentum</strong></span> <span class='ocrx_word' id='word_1_238' title='bbox 489 2092 593 2148; x_wconf 91' lang='lat' dir='ltr'><strong>milibus</strong></span> <span class='ocrx_word' id='word_1_239' title='bbox 619 2095 754 2148; x_wconf 84' lang='lat' dir='ltr'><strong>locavisse.</strong></span> <span class='ocrx_word' id='word_1_240' title='bbox 794 2096 847 2150; x_wconf 91' lang='lat' dir='ltr'><strong>Per</strong></span> <span class='ocrx_word' id='word_1_241' title='bbox 872 2096 1022 2149; x_wconf 89' lang='lat' dir='ltr'><strong>universum</strong></span> <span class='ocrx_word' id='word_1_242' title='bbox 1048 2105 1119 2149; x_wconf 90' lang='lat' dir='ltr'><strong>certe</strong></span> <span class='ocrx_word' id='word_1_243' title='bbox 1136 2095 1275 2167; x_wconf 90' lang='lat' dir='ltr'><strong>imperium</strong></span> 
     </span>
     <span class='ocr_line' id='line_1_24' title="bbox 33 2169 1274 2244; baseline 0 -17"><span class='ocrx_word' id='word_1_244' title='bbox 33 2173 114 2244; x_wconf 86' lang='lat' dir='ltr'><strong>lugeri</strong></span> <span class='ocrx_word' id='word_1_245' title='bbox 132 2190 198 2226; x_wconf 93' lang='lat' dir='ltr'><strong>eum</strong></span> <span class='ocrx_word' id='word_1_246' title='bbox 217 2171 304 2225; x_wconf 90' lang='lat' dir='ltr'><strong>iussit:</strong></span> <span class='ocrx_word' id='word_1_247' title='bbox 330 2181 358 2225; x_wconf 92' lang='lat' dir='ltr'><strong>et</strong></span> <span class='ocrx_word' id='word_1_248' title='bbox 375 2187 409 2224; x_wconf 88' lang='lat' dir='ltr'><strong>ne</strong></span> <span class='ocrx_word' id='word_1_249' title='bbox 426 2169 553 2222; x_wconf 91' lang='lat' dir='ltr'><strong>memoria</strong></span> <span class='ocrx_word' id='word_1_250' title='bbox 579 2171 635 2225; x_wconf 90' lang='lat' dir='ltr'><strong>eius</strong></span> <span class='ocrx_word' id='word_1_251' title='bbox 657 2172 684 2224; x_wconf 94' lang='lat' dir='ltr'><strong>in</strong></span> <span class='ocrx_word' id='word_1_252' title='bbox 702 2173 819 2226; x_wconf 88' lang='lat' dir='ltr'><strong>exercitu</strong></span> <span class='ocrx_word' id='word_1_253' title='bbox 837 2173 1012 2239; x_wconf 90' lang='lat' dir='ltr'><strong>exolesceret,</strong></span> <span class='ocrx_word' id='word_1_254' title='bbox 1038 2173 1187 2243; x_wconf 91' lang='lat' dir='ltr'><strong>equitibus,</strong></span> <span class='ocrx_word' id='word_1_255' title='bbox 1216 2173 1274 2244; x_wconf 88' lang='lat' dir='ltr'><strong>quis</strong></span> 
     </span>
     <span class='ocr_line' id='line_1_25' title="bbox 33 2246 1275 2322; baseline 0 -18"><span class='ocrx_word' id='word_1_256' title='bbox 33 2251 204 2320; x_wconf 89' lang='lat' dir='ltr'><strong>praefuerat,</strong></span> <span class='ocrx_word' id='word_1_257' title='bbox 223 2249 323 2302; x_wconf 91' lang='lat' dir='ltr'><strong>nullum</strong></span> <span class='ocrx_word' id='word_1_258' title='bbox 340 2246 467 2318; x_wconf 86' lang='lat' dir='ltr'><strong>praefecit</strong></span> <span class='ocrx_word' id='word_1_259' title='bbox 485 2248 593 2315; x_wconf 90' lang='lat' dir='ltr'><strong>ducem,</strong></span> <span class='ocrx_word' id='word_1_260' title='bbox 617 2251 662 2303; x_wconf 92' lang='lat' dir='ltr'><strong>sed</strong></span> <span class='ocrx_word' id='word_1_261' title='bbox 679 2249 885 2319; x_wconf 90' lang='lat' dir='ltr'><strong>Hephaestionis</strong></span> <span class='ocrx_word' id='word_1_262' title='bbox 902 2251 970 2303; x_wconf 88' lang='lat' dir='ltr'><strong>alam</strong></span> <span class='ocrx_word' id='word_1_263' title='bbox 987 2250 1113 2322; x_wconf 90' lang='lat' dir='ltr'><strong>appellari</strong></span> <span class='ocrx_word' id='word_1_264' title='bbox 1130 2250 1228 2318; x_wconf 87' lang='lat' dir='ltr'><strong>voluit,</strong></span> <span class='ocrx_word' id='word_1_265' title='bbox 1246 2259 1275 2304; x_wconf 92' lang='lat' dir='ltr'><strong>et</strong></span> 
     </span>
     <span class='ocr_line' id='line_1_26' title="bbox 35 2324 1275 2398; baseline 0 -18"><span class='ocrx_word' id='word_1_266' title='bbox 35 2345 97 2397; x_wconf 87' lang='lat' dir='ltr'><strong>quae</strong></span> <span class='ocrx_word' id='word_1_267' title='bbox 115 2327 165 2380; x_wconf 92' lang='lat' dir='ltr'><strong>ille</strong></span> <span class='ocrx_word' id='word_1_268' title='bbox 184 2325 261 2396; x_wconf 86' lang='lat' dir='ltr'><strong>signa</strong></span> <span class='ocrx_word' id='word_1_269' title='bbox 278 2324 445 2390; x_wconf 88' lang='lat' dir='ltr'><strong>instituisset,</strong></span> <span class='ocrx_word' id='word_1_270' title='bbox 464 2339 496 2376; x_wconf 91' lang='lat' dir='ltr'><strong>ea</strong></span> <span class='ocrx_word' id='word_1_271' title='bbox 513 2343 568 2378; x_wconf 91' lang='lat' dir='ltr'><strong>non</strong></span> <span class='ocrx_word' id='word_1_272' title='bbox 585 2325 725 2380; x_wconf 90' lang='lat' dir='ltr'><strong>immutari.</strong></span> <span class='ocrx_word' id='word_1_273' title='bbox 752 2328 884 2382; x_wconf 90' lang='lat' dir='ltr'><strong>Funebria</strong></span> <span class='ocrx_word' id='word_1_274' title='bbox 894 2326 1036 2380; x_wconf 88' lang='lat' dir='ltr'><strong>certamina</strong></span> <span class='ocrx_word' id='word_1_275' title='bbox 1053 2327 1191 2397; x_wconf 89' lang='lat' dir='ltr'><strong>ludosque,</strong></span> <span class='ocrx_word' id='word_1_276' title='bbox 1210 2345 1275 2398; x_wconf 89' lang='lat' dir='ltr'><strong>qua-</strong></span> 
     </span>
     <span class='ocr_line' id='line_1_27' title="bbox 32 2400 1275 2475; baseline 0.002 -20"><span class='ocrx_word' id='word_1_277' title='bbox 32 2404 67 2458; x_wconf 88' lang='lat' dir='ltr'><strong>les</strong></span> <span class='ocrx_word' id='word_1_278' title='bbox 83 2421 228 2475; x_wconf 89' lang='lat' dir='ltr'><strong>nunquam</strong></span> <span class='ocrx_word' id='word_1_279' title='bbox 246 2401 312 2456; x_wconf 91' lang='lat' dir='ltr'><strong>editi</strong></span> <span class='ocrx_word' id='word_1_280' title='bbox 328 2400 447 2467; x_wconf 80' lang='lat' dir='ltr'><strong>fixissent,</strong></span> <span class='ocrx_word' id='word_1_281' title='bbox 465 2401 615 2469; x_wconf 88' lang='lat' dir='ltr'><strong>meditatus,</strong></span> <span class='ocrx_word' id='word_1_282' title='bbox 633 2404 687 2457; x_wconf 90' lang='lat' dir='ltr'><strong>tria</strong></span> <span class='ocrx_word' id='word_1_283' title='bbox 703 2403 833 2458; x_wconf 88' lang='lat' dir='ltr'><strong>artificum</strong></span> <span class='ocrx_word' id='word_1_284' title='bbox 849 2405 921 2458; x_wconf 86' lang='lat' dir='ltr'><strong>milia</strong></span> <span class='ocrx_word' id='word_1_285' title='bbox 938 2403 1038 2474; x_wconf 80' lang='lat' dir='ltr'><strong>co&#39;egit:</strong></span> <span class='ocrx_word' id='word_1_286' title='bbox 1058 2403 1104 2475; x_wconf 91' lang='lat' dir='ltr'><strong>qui</strong></span> <span class='ocrx_word' id='word_1_287' title='bbox 1121 2422 1174 2456; x_wconf 91' lang='lat' dir='ltr'><strong>non</strong></span> <span class='ocrx_word' id='word_1_288' title='bbox 1191 2404 1275 2457; x_wconf 86' lang='lat' dir='ltr'><strong>multo</strong></span> 
     </span>
     <span class='ocr_line' id='line_1_28' title="bbox 33 2477 1275 2552; baseline -0.001 -17"><span class='ocrx_word' id='word_1_289' title='bbox 33 2489 90 2551; x_wconf 90' lang='lat' dir='ltr'><strong>post</strong></span> <span class='ocrx_word' id='word_1_290' title='bbox 105 2482 136 2534; x_wconf 90' lang='lat' dir='ltr'><strong>in</strong></span> <span class='ocrx_word' id='word_1_291' title='bbox 156 2480 242 2552; x_wconf 90' lang='lat' dir='ltr'><strong>ipsius</strong></span> <span class='ocrx_word' id='word_1_292' title='bbox 260 2477 375 2548; x_wconf 85' lang='lat' dir='ltr'><strong>exequiis</strong></span> <span class='ocrx_word' id='word_1_293' title='bbox 402 2485 517 2531; x_wconf 87' lang='lat' dir='ltr'><strong>certasse</strong></span> <span class='ocrx_word' id='word_1_294' title='bbox 534 2480 661 2534; x_wconf 90' lang='lat' dir='ltr'><strong>feruntur.</strong></span> <span class='ocrx_word' id='word_1_295' title='bbox 696 2480 756 2535; x_wconf 90' lang='lat' dir='ltr'><strong>Nec</strong></span> <span class='ocrx_word' id='word_1_296' title='bbox 772 2482 848 2537; x_wconf 89' lang='lat' dir='ltr'><strong>amici</strong></span> <span class='ocrx_word' id='word_1_297' title='bbox 866 2491 920 2535; x_wconf 88' lang='lat' dir='ltr'><strong>tam</strong></span> <span class='ocrx_word' id='word_1_298' title='bbox 936 2482 1019 2535; x_wconf 83' lang='lat' dir='ltr'><strong>effuso</strong></span> <span class='ocrx_word' id='word_1_299' title='bbox 1045 2482 1143 2534; x_wconf 85' lang='lat' dir='ltr'><strong>affeetu</strong></span> <span class='ocrx_word' id='word_1_300' title='bbox 1160 2483 1192 2535; x_wconf 89' lang='lat' dir='ltr'><strong>ad</strong></span> <span class='ocrx_word' id='word_1_301' title='bbox 1212 2499 1275 2534; x_wconf 91' lang='lat' dir='ltr'><strong>con-</strong></span> 
     </span>
     <span class='ocr_line' id='line_1_29' title="bbox 32 2553 1275 2630; baseline 0 -20"><span class='ocrx_word' id='word_1_302' title='bbox 32 2556 171 2610; x_wconf 86' lang='lat' dir='ltr'><strong>ciliandam</strong></span> <span class='ocrx_word' id='word_1_303' title='bbox 192 2556 248 2608; x_wconf 91' lang='lat' dir='ltr'><strong>eius</strong></span> <span class='ocrx_word' id='word_1_304' title='bbox 266 2553 378 2624; x_wconf 88' lang='lat' dir='ltr'><strong>gratiam</strong></span> <span class='ocrx_word' id='word_1_305' title='bbox 404 2554 521 2623; x_wconf 87' lang='lat' dir='ltr'><strong>segniter</strong></span> <span class='ocrx_word' id='word_1_306' title='bbox 538 2556 592 2624; x_wconf 92' lang='lat' dir='ltr'><strong>usi,</strong></span> <span class='ocrx_word' id='word_1_307' title='bbox 611 2556 734 2611; x_wconf 90' lang='lat' dir='ltr'><strong>certatim</strong></span> <span class='ocrx_word' id='word_1_308' title='bbox 754 2575 909 2630; x_wconf 90' lang='lat' dir='ltr'><strong>repperere,</strong></span> <span class='ocrx_word' id='word_1_309' title='bbox 936 2575 984 2630; x_wconf 91' lang='lat' dir='ltr'><strong>per</strong></span> <span class='ocrx_word' id='word_1_310' title='bbox 1001 2575 1068 2629; x_wconf 89' lang='lat' dir='ltr'><strong>quae</strong></span> <span class='ocrx_word' id='word_1_311' title='bbox 1085 2557 1213 2611; x_wconf 92' lang='lat' dir='ltr'><strong>memoria</strong></span> <span class='ocrx_word' id='word_1_312' title='bbox 1230 2560 1275 2611; x_wconf 90' lang='lat' dir='ltr'><strong>de-</strong></span> 
     </span>
     <span class='ocr_line' id='line_1_30' title="bbox 32 2631 1275 2704; baseline -0.001 -16"><span class='ocrx_word' id='word_1_313' title='bbox 32 2634 111 2688; x_wconf 88' lang='lat' dir='ltr'><strong>functi</strong></span> <span class='ocrx_word' id='word_1_314' title='bbox 132 2632 236 2687; x_wconf 89' lang='lat' dir='ltr'><strong>clarior</strong></span> <span class='ocrx_word' id='word_1_315' title='bbox 253 2631 462 2701; x_wconf 88' lang='lat' dir='ltr'><strong>honoratiorque</strong></span> <span class='ocrx_word' id='word_1_316' title='bbox 478 2631 563 2686; x_wconf 88' lang='lat' dir='ltr'><strong>fieret.</strong></span> <span class='ocrx_word' id='word_1_317' title='bbox 598 2633 684 2704; x_wconf 90' lang='lat' dir='ltr'><strong>Igitur</strong></span> <span class='ocrx_word' id='word_1_318' title='bbox 700 2634 845 2702; x_wconf 91' lang='lat' dir='ltr'><strong>Eumenes,</strong></span> <span class='ocrx_word' id='word_1_319' title='bbox 865 2653 924 2689; x_wconf 91' lang='lat' dir='ltr'><strong>cum</strong></span> <span class='ocrx_word' id='word_1_320' title='bbox 942 2653 970 2688; x_wconf 91' lang='lat' dir='ltr'><strong>se</strong></span> <span class='ocrx_word' id='word_1_321' title='bbox 988 2637 1021 2688; x_wconf 93' lang='lat' dir='ltr'><strong>ob</strong></span> <span class='ocrx_word' id='word_1_322' title='bbox 1041 2635 1198 2688; x_wconf 89' lang='lat' dir='ltr'><strong>simultatem</strong></span> <span class='ocrx_word' id='word_1_323' title='bbox 1216 2653 1275 2688; x_wconf 92' lang='lat' dir='ltr'><strong>cum</strong></span> 
     </span>
     <span class='ocr_line' id='line_1_31' title="bbox 30 2708 1274 2782; baseline -0.002 -18"><span class='ocrx_word' id='word_1_324' title='bbox 30 2710 235 2782; x_wconf 88' lang='lat' dir='ltr'><strong>Hephaestione</strong></span> <span class='ocrx_word' id='word_1_325' title='bbox 251 2709 320 2779; x_wconf 86' lang='lat' dir='ltr'><strong>regis</strong></span> <span class='ocrx_word' id='word_1_326' title='bbox 341 2708 550 2778; x_wconf 88' lang='lat' dir='ltr'><strong>indignationem</strong></span> <span class='ocrx_word' id='word_1_327' title='bbox 566 2710 704 2764; x_wconf 89' lang='lat' dir='ltr'><strong>incurrisse</strong></span> <span class='ocrx_word' id='word_1_328' title='bbox 722 2711 858 2777; x_wconf 89' lang='lat' dir='ltr'><strong>sensisset,</strong></span> <span class='ocrx_word' id='word_1_329' title='bbox 881 2712 970 2765; x_wconf 90' lang='lat' dir='ltr'><strong>multis</strong></span> <span class='ocrx_word' id='word_1_330' title='bbox 988 2722 1080 2766; x_wconf 91' lang='lat' dir='ltr'><strong>auctor</strong></span> <span class='ocrx_word' id='word_1_331' title='bbox 1102 2710 1166 2776; x_wconf 87' lang='lat' dir='ltr'><strong>fuit,</strong></span> <span class='ocrx_word' id='word_1_332' title='bbox 1194 2727 1274 2780; x_wconf 89' lang='lat' dir='ltr'><strong>seque</strong></span> 
     </span>
     <span class='ocr_line' id='line_1_32' title="bbox 31 2785 1274 2858; baseline -0.002 -18"><span class='ocrx_word' id='word_1_333' title='bbox 31 2795 59 2841; x_wconf 91' lang='lat' dir='ltr'><strong>et</strong></span> <span class='ocrx_word' id='word_1_334' title='bbox 74 2805 151 2842; x_wconf 88' lang='lat' dir='ltr'><strong>arma</strong></span> <span class='ocrx_word' id='word_1_335' title='bbox 170 2804 220 2840; x_wconf 87' lang='lat' dir='ltr'><strong>sua</strong></span> <span class='ocrx_word' id='word_1_336' title='bbox 228 2785 418 2857; x_wconf 87' lang='lat' dir='ltr'><strong>Hephaestioni</strong></span> <span class='ocrx_word' id='word_1_337' title='bbox 432 2787 608 2853; x_wconf 84' lang='lat' dir='ltr'><strong>consecrandi,</strong></span> <span class='ocrx_word' id='word_1_338' title='bbox 626 2787 801 2858; x_wconf 89' lang='lat' dir='ltr'><strong>pecuniasque</strong></span> <span class='ocrx_word' id='word_1_339' title='bbox 818 2789 852 2840; x_wconf 92' lang='lat' dir='ltr'><strong>ad</strong></span> <span class='ocrx_word' id='word_1_340' title='bbox 863 2789 1089 2842; x_wconf 90' lang='lat' dir='ltr'><strong>cohonestandum</strong></span> <span class='ocrx_word' id='word_1_341' title='bbox 1105 2788 1184 2839; x_wconf 87' lang='lat' dir='ltr'><strong>funus</strong></span> <span class='ocrx_word' id='word_1_342' title='bbox 1202 2786 1274 2856; x_wconf 91' lang='lat' dir='ltr'><strong>large</strong></span> 
     </span>
     <span class='ocr_line' id='line_1_33' title="bbox 31 2861 1271 2935; baseline -0.003 -18"><span class='ocrx_word' id='word_1_343' title='bbox 31 2865 153 2918; x_wconf 87' lang='lat' dir='ltr'><strong>contulit.</strong></span> <span class='ocrx_word' id='word_1_344' title='bbox 182 2863 247 2918; x_wconf 91' lang='lat' dir='ltr'><strong>Hoc</strong></span> <span class='ocrx_word' id='word_1_345' title='bbox 263 2864 412 2935; x_wconf 88' lang='lat' dir='ltr'><strong>exemplum</strong></span> <span class='ocrx_word' id='word_1_346' title='bbox 429 2862 524 2916; x_wconf 88' lang='lat' dir='ltr'><strong>imitati</strong></span> <span class='ocrx_word' id='word_1_347' title='bbox 540 2870 602 2915; x_wconf 90' lang='lat' dir='ltr'><strong>sunt</strong></span> <span class='ocrx_word' id='word_1_348' title='bbox 620 2865 711 2917; x_wconf 89' lang='lat' dir='ltr'><strong>ceteri:</strong></span> <span class='ocrx_word' id='word_1_349' title='bbox 735 2879 819 2932; x_wconf 90' lang='lat' dir='ltr'><strong>eoque</strong></span> <span class='ocrx_word' id='word_1_350' title='bbox 835 2882 899 2916; x_wconf 88' lang='lat' dir='ltr'><strong>mox</strong></span> <span class='ocrx_word' id='word_1_351' title='bbox 916 2863 1044 2932; x_wconf 89' lang='lat' dir='ltr'><strong>processit</strong></span> <span class='ocrx_word' id='word_1_352' title='bbox 1062 2861 1271 2915; x_wconf 89' lang='lat' dir='ltr'><strong>assentationum</strong></span> 
     </span>
     <span class='ocr_line' id='line_1_34' title="bbox 29 2939 1272 3013; baseline -0.006 -17"><span class='ocrx_word' id='word_1_353' title='bbox 29 2941 215 3013; x_wconf 88' lang='lat' dir='ltr'><strong>impudentia,</strong></span> <span class='ocrx_word' id='word_1_354' title='bbox 243 2948 273 2994; x_wconf 90' lang='lat' dir='ltr'><strong>nt</strong></span> <span class='ocrx_word' id='word_1_355' title='bbox 288 2942 345 3011; x_wconf 89' lang='lat' dir='ltr'><strong>regi</strong></span> <span class='ocrx_word' id='word_1_356' title='bbox 362 2956 480 2994; x_wconf 87' lang='lat' dir='ltr'><strong>maerore</strong></span> <span class='ocrx_word' id='word_1_357' title='bbox 497 2946 525 2992; x_wconf 89' lang='lat' dir='ltr'><strong>et</strong></span> <span class='ocrx_word' id='word_1_358' title='bbox 551 2939 681 2993; x_wconf 90' lang='lat' dir='ltr'><strong>desiderio</strong></span> <span class='ocrx_word' id='word_1_359' title='bbox 699 2940 816 2992; x_wconf 85' lang='lat' dir='ltr'><strong>defuncti</strong></span> <span class='ocrx_word' id='word_1_360' title='bbox 834 2939 973 2992; x_wconf 89' lang='lat' dir='ltr'><strong>insanienti</strong></span> <span class='ocrx_word' id='word_1_361' title='bbox 995 2956 1148 3008; x_wconf 86' lang='lat' dir='ltr'><strong>persuasum</strong></span> <span class='ocrx_word' id='word_1_362' title='bbox 1164 2941 1272 2991; x_wconf 89' lang='lat' dir='ltr'><strong>tandem</strong></span> 
     </span>
     <span class='ocr_line' id='line_1_35' title="bbox 29 3013 1273 3088; baseline -0.003 -16"><span class='ocrx_word' id='word_1_363' title='bbox 29 3019 121 3086; x_wconf 91' lang='lat' dir='ltr'><strong>fuerit,</strong></span> <span class='ocrx_word' id='word_1_364' title='bbox 152 3019 235 3071; x_wconf 89' lang='lat' dir='ltr'><strong>deum</strong></span> <span class='ocrx_word' id='word_1_365' title='bbox 252 3034 307 3071; x_wconf 81' lang='lat' dir='ltr'><strong>esse</strong></span> <span class='ocrx_word' id='word_1_366' title='bbox 324 3015 558 3088; x_wconf 90' lang='lat' dir='ltr'><strong>Hephaestionem.</strong></span> <span class='ocrx_word' id='word_1_367' title='bbox 594 3017 655 3080; x_wconf 84' lang='lat' dir='ltr'><strong>Quo</strong></span> <span class='ocrx_word' id='word_1_368' title='bbox 683 3014 788 3085; x_wconf 90' lang='lat' dir='ltr'><strong>quidem</strong></span> <span class='ocrx_word' id='word_1_369' title='bbox 804 3023 923 3086; x_wconf 89' lang='lat' dir='ltr'><strong>tempore</strong></span> <span class='ocrx_word' id='word_1_370' title='bbox 949 3032 983 3067; x_wconf 88' lang='lat' dir='ltr'><strong>ex</strong></span> <span class='ocrx_word' id='word_1_371' title='bbox 1009 3013 1142 3085; x_wconf 92' lang='lat' dir='ltr'><strong>copiarum</strong></span> <span class='ocrx_word' id='word_1_372' title='bbox 1165 3014 1273 3068; x_wconf 89' lang='lat' dir='ltr'><strong>ducibus</strong></span> 
     </span>
     <span class='ocr_line' id='line_1_36' title="bbox 29 3091 1274 3166; baseline -0.004 -18"><span class='ocrx_word' id='word_1_373' title='bbox 29 3095 195 3166; x_wconf 85' lang='lat' dir='ltr'><strong>Agathocles</strong></span> <span class='ocrx_word' id='word_1_374' title='bbox 215 3093 317 3148; x_wconf 90' lang='lat' dir='ltr'><strong>Samius</strong></span> <span class='ocrx_word' id='word_1_375' title='bbox 335 3096 369 3147; x_wconf 96' lang='lat' dir='ltr'><strong>ad</strong></span> <span class='ocrx_word' id='word_1_376' title='bbox 386 3102 532 3148; x_wconf 85' lang='lat' dir='ltr'><strong>extremum</strong></span> <span class='ocrx_word' id='word_1_377' title='bbox 549 3092 657 3162; x_wconf 90' lang='lat' dir='ltr'><strong>periculi</strong></span> <span class='ocrx_word' id='word_1_378' title='bbox 673 3091 760 3158; x_wconf 84' lang='lat' dir='ltr'><strong>venit,</strong></span> <span class='ocrx_word' id='word_1_379' title='bbox 788 3093 859 3161; x_wconf 91' lang='lat' dir='ltr'><strong>quod</strong></span> <span class='ocrx_word' id='word_1_380' title='bbox 877 3091 947 3145; x_wconf 90' lang='lat' dir='ltr'><strong>illius</strong></span> <span class='ocrx_word' id='word_1_381' title='bbox 965 3091 1095 3145; x_wconf 90' lang='lat' dir='ltr'><strong>tumulum</strong></span> <span class='ocrx_word' id='word_1_382' title='bbox 1111 3091 1274 3161; x_wconf 89' lang='lat' dir='ltr'><strong>praeteriens</strong></span> 
     </span>
     <span class='ocr_line' id='line_1_37' title="bbox 27 3167 1274 3239; baseline -0.004 -13"><span class='ocrx_word' id='word_1_383' title='bbox 27 3172 204 3226; x_wconf 85' lang='lat' dir='ltr'><strong>illacrimasse</strong></span> <span class='ocrx_word' id='word_1_384' title='bbox 228 3171 297 3224; x_wconf 88' lang='lat' dir='ltr'><strong>visus</strong></span> <span class='ocrx_word' id='word_1_385' title='bbox 314 3181 390 3224; x_wconf 89' lang='lat' dir='ltr'><strong>esset.</strong></span> <span class='ocrx_word' id='word_1_386' title='bbox 416 3172 458 3224; x_wconf 87' lang='lat' dir='ltr'><strong>Ae</strong></span> <span class='ocrx_word' id='word_1_387' title='bbox 475 3169 525 3221; x_wconf 91' lang='lat' dir='ltr'><strong>nisi</strong></span> <span class='ocrx_word' id='word_1_388' title='bbox 532 3168 680 3236; x_wconf 90' lang='lat' dir='ltr'><strong>Perdiccas,</strong></span> <span class='ocrx_word' id='word_1_389' title='bbox 697 3168 805 3221; x_wconf 85' lang='lat' dir='ltr'><strong>venanti</strong></span> <span class='ocrx_word' id='word_1_390' title='bbox 823 3168 872 3222; x_wconf 92' lang='lat' dir='ltr'><strong>sibi</strong></span> <span class='ocrx_word' id='word_1_391' title='bbox 881 3168 1107 3239; x_wconf 91' lang='lat' dir='ltr'><strong>Hephaestionem</strong></span> <span class='ocrx_word' id='word_1_392' title='bbox 1122 3167 1274 3239; x_wconf 89' lang='lat' dir='ltr'><strong>apparuisse</strong></span> 
     </span>
     <span class='ocr_line' id='line_1_38' title="bbox 31 3245 1275 3318; baseline -0.004 -16"><span class='ocrx_word' id='word_1_393' title='bbox 31 3248 195 3315; x_wconf 90' lang='lat' dir='ltr'><strong>ementitus,</strong></span> <span class='ocrx_word' id='word_1_394' title='bbox 223 3248 350 3318; x_wconf 85' lang='lat' dir='ltr'><strong>perdens</strong></span> <span class='ocrx_word' id='word_1_395' title='bbox 368 3264 459 3301; x_wconf 92' lang='lat' dir='ltr'><strong>omnes</strong></span> <span class='ocrx_word' id='word_1_396' title='bbox 481 3245 618 3316; x_wconf 90' lang='lat' dir='ltr'><strong>ipsumque</strong></span> <span class='ocrx_word' id='word_1_397' title='bbox 635 3245 859 3315; x_wconf 87' lang='lat' dir='ltr'><strong>Hephaestionem</strong></span> <span class='ocrx_word' id='word_1_398' title='bbox 876 3245 1031 3313; x_wconf 87' lang='lat' dir='ltr'><strong>deierasset,</strong></span> <span class='ocrx_word' id='word_1_399' title='bbox 1058 3263 1091 3299; x_wconf 85' lang='lat' dir='ltr'><strong>ex</strong></span> <span class='ocrx_word' id='word_1_400' title='bbox 1108 3246 1165 3315; x_wconf 91' lang='lat' dir='ltr'><strong>ipso</strong></span> <span class='ocrx_word' id='word_1_401' title='bbox 1183 3262 1211 3297; x_wconf 87' lang='lat' dir='ltr'><strong>se</strong></span> <span class='ocrx_word' id='word_1_402' title='bbox 1229 3261 1275 3298; x_wconf 90' lang='lat' dir='ltr'><strong>co·</strong></span> 
     </span>
     <span class='ocr_line' id='line_1_39' title="bbox 27 3321 1275 3394; baseline -0.005 -15"><span class='ocrx_word' id='word_1_403' title='bbox 27 3325 162 3394; x_wconf 83' lang='lat' dir='ltr'><strong>gnovisse,</strong></span> <span class='ocrx_word' id='word_1_404' title='bbox 183 3324 361 3392; x_wconf 87' lang='lat' dir='ltr'><strong>Agathoclem</strong></span> <span class='ocrx_word' id='word_1_405' title='bbox 370 3343 424 3378; x_wconf 91' lang='lat' dir='ltr'><strong>non</strong></span> <span class='ocrx_word' id='word_1_406' title='bbox 432 3331 463 3376; x_wconf 89' lang='lat' dir='ltr'><strong>ut</strong></span> <span class='ocrx_word' id='word_1_407' title='bbox 479 3330 619 3389; x_wconf 90' lang='lat' dir='ltr'><strong>mortuum,</strong></span> <span class='ocrx_word' id='word_1_408' title='bbox 638 3329 756 3376; x_wconf 84' lang='lat' dir='ltr'><strong>etvanae</strong></span> <span class='ocrx_word' id='word_1_409' title='bbox 775 3321 919 3376; x_wconf 89' lang='lat' dir='ltr'><strong>divinitatis</strong></span> <span class='ocrx_word' id='word_1_410' title='bbox 938 3323 1020 3376; x_wconf 90' lang='lat' dir='ltr'><strong>titulis</strong></span> <span class='ocrx_word' id='word_1_411' title='bbox 1038 3325 1135 3376; x_wconf 90' lang='lat' dir='ltr'><strong>frustra</strong></span> <span class='ocrx_word' id='word_1_412' title='bbox 1153 3329 1275 3376; x_wconf 90' lang='lat' dir='ltr'><strong>omatum</strong></span> 
     </span>
     <span class='ocr_line' id='line_1_40' title="bbox 26 3398 1275 3470; baseline -0.002 -16"><span class='ocrx_word' id='word_1_413' title='bbox 26 3401 148 3468; x_wconf 79' lang='lat' dir='ltr'><strong>flevisse,</strong></span> <span class='ocrx_word' id='word_1_414' title='bbox 168 3416 264 3453; x_wconf 89' lang='lat' dir='ltr'><strong>verum</strong></span> <span class='ocrx_word' id='word_1_415' title='bbox 282 3402 317 3454; x_wconf 95' lang='lat' dir='ltr'><strong>ob</strong></span> <span class='ocrx_word' id='word_1_416' title='bbox 334 3400 487 3454; x_wconf 89' lang='lat' dir='ltr'><strong>memoriam</strong></span> <span class='ocrx_word' id='word_1_417' title='bbox 504 3398 629 3470; x_wconf 85' lang='lat' dir='ltr'><strong>pristinae</strong></span> <span class='ocrx_word' id='word_1_418' title='bbox 647 3400 792 3454; x_wconf 87' lang='lat' dir='ltr'><strong>sodalitatis</strong></span> <span class='ocrx_word' id='word_1_419' title='bbox 809 3401 927 3454; x_wconf 83' lang='lat' dir='ltr'><strong>lacrimas</strong></span> <span class='ocrx_word' id='word_1_420' title='bbox 944 3419 998 3454; x_wconf 90' lang='lat' dir='ltr'><strong>non</strong></span> <span class='ocrx_word' id='word_1_421' title='bbox 1015 3401 1144 3466; x_wconf 78' lang='lat' dir='ltr'><strong>tenuisse,</strong></span> <span class='ocrx_word' id='word_1_422' title='bbox 1162 3399 1204 3452; x_wconf 88' lang='lat' dir='ltr'><strong>vir</strong></span> <span class='ocrx_word' id='word_1_423' title='bbox 1220 3400 1275 3452; x_wconf 90' lang='lat' dir='ltr'><strong>for-</strong></span> 
     </span>
     <span class='ocr_line' id='line_1_41' title="bbox 26 3475 1275 3549; baseline -0.004 -17"><span class='ocrx_word' id='word_1_424' title='bbox 26 3478 61 3533; x_wconf 90' lang='lat' dir='ltr'><strong>tis</strong></span> <span class='ocrx_word' id='word_1_425' title='bbox 79 3486 108 3531; x_wconf 91' lang='lat' dir='ltr'><strong>et</strong></span> <span class='ocrx_word' id='word_1_426' title='bbox 139 3478 176 3530; x_wconf 95' lang='lat' dir='ltr'><strong>de</strong></span> <span class='ocrx_word' id='word_1_427' title='bbox 195 3492 261 3546; x_wconf 85' lang='lat' dir='ltr'><strong>rege</strong></span> <span class='ocrx_word' id='word_1_428' title='bbox 278 3478 345 3531; x_wconf 88' lang='lat' dir='ltr'><strong>bene</strong></span> <span class='ocrx_word' id='word_1_429' title='bbox 362 3477 471 3530; x_wconf 90' lang='lat' dir='ltr'><strong>meritus</strong></span> <span class='ocrx_word' id='word_1_430' title='bbox 497 3475 604 3547; x_wconf 87' lang='lat' dir='ltr'><strong>pietatis</strong></span> <span class='ocrx_word' id='word_1_431' title='bbox 622 3475 649 3529; x_wconf 93' lang='lat' dir='ltr'><strong>in</strong></span> <span class='ocrx_word' id='word_1_432' title='bbox 677 3477 787 3531; x_wconf 86' lang='lat' dir='ltr'><strong>amicum</strong></span> <span class='ocrx_word' id='word_1_433' title='bbox 813 3493 907 3549; x_wconf 88' lang='lat' dir='ltr'><strong>graves</strong></span> <span class='ocrx_word' id='word_1_434' title='bbox 933 3493 1032 3547; x_wconf 86' lang='lat' dir='ltr'><strong>poenas</strong></span> <span class='ocrx_word' id='word_1_435' title='bbox 1058 3476 1166 3531; x_wconf 86' lang='lat' dir='ltr'><strong>innoxio</strong></span> <span class='ocrx_word' id='word_1_436' title='bbox 1190 3475 1275 3546; x_wconf 85' lang='lat' dir='ltr'><strong>capite</strong></span> 
     </span>
     <span class='ocr_line' id='line_1_42' title="bbox 26 3556 1206 3628; baseline -0.003 -19"><span class='ocrx_word' id='word_1_437' title='bbox 26 3556 214 3628; x_wconf 89' lang='lat' dir='ltr'><strong>pependisset.</strong></span> <span class='ocrx_word' id='word_1_438' title='bbox 1202 3573 1206 3579; x_wconf 92' lang='lat'><strong>·</strong></span> 
     </span>
     <span class='ocr_line' id='line_1_43' title="bbox 95 3630 1275 3701; baseline -0.006 -14"><span class='ocrx_word' id='word_1_439' title='bbox 95 3633 233 3687; x_wconf 82' lang='lat' dir='ltr'><strong>Ceterum</strong></span> <span class='ocrx_word' id='word_1_440' title='bbox 250 3637 281 3683; x_wconf 93' lang='lat' dir='ltr'><strong>ut</strong></span> <span class='ocrx_word' id='word_1_441' title='bbox 297 3631 431 3701; x_wconf 89' lang='lat' dir='ltr'><strong>paulisper</strong></span> <span class='ocrx_word' id='word_1_442' title='bbox 446 3631 543 3684; x_wconf 91' lang='lat' dir='ltr'><strong>aluctu</strong></span> <span class='ocrx_word' id='word_1_443' title='bbox 560 3639 683 3684; x_wconf 88' lang='lat' dir='ltr'><strong>avocaret</strong></span> <span class='ocrx_word' id='word_1_444' title='bbox 700 3631 823 3696; x_wconf 91' lang='lat' dir='ltr'><strong>animum,</strong></span> <span class='ocrx_word' id='word_1_445' title='bbox 842 3630 869 3683; x_wconf 93' lang='lat' dir='ltr'><strong>in</strong></span> <span class='ocrx_word' id='word_1_446' title='bbox 880 3630 1054 3684; x_wconf 87' lang='lat' dir='ltr'><strong>Cossaeorum</strong></span> <span class='ocrx_word' id='word_1_447' title='bbox 1072 3638 1179 3700; x_wconf 87' lang='lat' dir='ltr'><strong>gentem</strong></span> <span class='ocrx_word' id='word_1_448' title='bbox 1196 3645 1275 3698; x_wconf 90' lang='lat' dir='ltr'><strong>expe-</strong></span> 
     </span>
     <span class='ocr_line' id='line_1_44' title="bbox 25 3706 1275 3777; baseline -0.006 -13"><span class='ocrx_word' id='word_1_449' title='bbox 25 3709 159 3764; x_wconf 88' lang='lat' dir='ltr'><strong>ditionem</strong></span> <span class='ocrx_word' id='word_1_450' title='bbox 177 3707 304 3776; x_wconf 88' lang='lat' dir='ltr'><strong>suscepit.</strong></span> <span class='ocrx_word' id='word_1_451' title='bbox 339 3707 406 3776; x_wconf 88' lang='lat' dir='ltr'><strong>Iuga</strong></span> <span class='ocrx_word' id='word_1_452' title='bbox 422 3707 529 3761; x_wconf 88' lang='lat' dir='ltr'><strong>Mediae</strong></span> <span class='ocrx_word' id='word_1_453' title='bbox 550 3707 634 3760; x_wconf 85' lang='lat' dir='ltr'><strong>vicina</strong></span> <span class='ocrx_word' id='word_1_454' title='bbox 652 3706 758 3761; x_wconf 86' lang='lat' dir='ltr'><strong>Cossaei</strong></span> <span class='ocrx_word' id='word_1_455' title='bbox 780 3715 888 3774; x_wconf 89' lang='lat' dir='ltr'><strong>tenent,</strong></span> <span class='ocrx_word' id='word_1_456' title='bbox 916 3724 1037 3777; x_wconf 91' lang='lat' dir='ltr'><strong>asperum</strong></span> <span class='ocrx_word' id='word_1_457' title='bbox 1060 3715 1088 3760; x_wconf 91' lang='lat' dir='ltr'><strong>et</strong></span> <span class='ocrx_word' id='word_1_458' title='bbox 1105 3723 1166 3760; x_wconf 86' lang='lat' dir='ltr'><strong>acre</strong></span> <span class='ocrx_word' id='word_1_459' title='bbox 1183 3723 1275 3776; x_wconf 79' lang='lat' dir='ltr'><strong>genus,</strong></span> 
     </span>
     <span class='ocr_line' id='line_1_45' title="bbox 24 3782 1274 3856; baseline -0.003 -16"><span class='ocrx_word' id='word_1_460' title='bbox 24 3794 54 3840; x_wconf 91' lang='lat' dir='ltr'><strong>et</strong></span> <span class='ocrx_word' id='word_1_461' title='bbox 70 3784 235 3856; x_wconf 88' lang='lat' dir='ltr'><strong>praedando</strong></span> <span class='ocrx_word' id='word_1_462' title='bbox 252 3783 334 3835; x_wconf 89' lang='lat' dir='ltr'><strong>vitam</strong></span> <span class='ocrx_word' id='word_1_463' title='bbox 352 3783 464 3837; x_wconf 89' lang='lat' dir='ltr'><strong>tolerare</strong></span> <span class='ocrx_word' id='word_1_464' title='bbox 483 3784 597 3837; x_wconf 92' lang='lat' dir='ltr'><strong>solitum.</strong></span> <span class='ocrx_word' id='word_1_465' title='bbox 633 3785 677 3837; x_wconf 84' lang='lat' dir='ltr'><strong>Ab</strong></span> <span class='ocrx_word' id='word_1_466' title='bbox 700 3784 740 3837; x_wconf 89' lang='lat' dir='ltr'><strong>bis</strong></span> <span class='ocrx_word' id='word_1_467' title='bbox 757 3784 897 3837; x_wconf 89' lang='lat' dir='ltr'><strong>Persarum</strong></span> <span class='ocrx_word' id='word_1_468' title='bbox 914 3800 989 3851; x_wconf 89' lang='lat' dir='ltr'><strong>reges</strong></span> <span class='ocrx_word' id='word_1_469' title='bbox 1006 3800 1094 3837; x_wconf 90' lang='lat' dir='ltr'><strong>annuo</strong></span> <span class='ocrx_word' id='word_1_470' title='bbox 1110 3782 1212 3836; x_wconf 91' lang='lat' dir='ltr'><strong>tributo</strong></span> <span class='ocrx_word' id='word_1_471' title='bbox 1229 3798 1274 3850; x_wconf 85' lang='lat' dir='ltr'><strong>pa·</strong></span> 
     </span>
     <span class='ocr_line' id='line_1_46' title="bbox 24 3856 1275 3926; baseline -0.006 -8"><span class='ocrx_word' id='word_1_472' title='bbox 24 3879 82 3917; x_wconf 82' lang='lat' dir='ltr'><strong>cem</strong></span> <span class='ocrx_word' id='word_1_473' title='bbox 98 3861 241 3918; x_wconf 88' lang='lat' dir='ltr'><strong>redimere</strong></span> <span class='ocrx_word' id='word_1_474' title='bbox 258 3867 455 3926; x_wconf 88' lang='lat' dir='ltr'><strong>consueverant,</strong></span> <span class='ocrx_word' id='word_1_475' title='bbox 474 3877 507 3913; x_wconf 92' lang='lat' dir='ltr'><strong>ne</strong></span> <span class='ocrx_word' id='word_1_476' title='bbox 525 3860 552 3912; x_wconf 92' lang='lat' dir='ltr'><strong>in</strong></span> <span class='ocrx_word' id='word_1_477' title='bbox 570 3859 687 3914; x_wconf 91' lang='lat' dir='ltr'><strong>subiecta</strong></span> <span class='ocrx_word' id='word_1_478' title='bbox 704 3860 873 3913; x_wconf 91' lang='lat' dir='ltr'><strong>decurrentes</strong></span> <span class='ocrx_word' id='word_1_479' title='bbox 889 3860 1010 3912; x_wconf 87' lang='lat' dir='ltr'><strong>infestam</strong></span> <span class='ocrx_word' id='word_1_480' title='bbox 1029 3857 1171 3912; x_wconf 90' lang='lat' dir='ltr'><strong>latrociniis</strong></span> <span class='ocrx_word' id='word_1_481' title='bbox 1188 3856 1275 3926; x_wconf 89' lang='lat' dir='ltr'><strong>regio-</strong></span> 
     </span>
     <span class='ocr_line' id='line_1_47' title="bbox 24 3933 1274 4007; baseline -0.006 -15"><span class='ocrx_word' id='word_1_482' title='bbox 24 3955 87 3994; x_wconf 88' lang='lat' dir='ltr'><strong>nem</strong></span> <span class='ocrx_word' id='word_1_483' title='bbox 104 3941 243 3993; x_wconf 83' lang='lat' dir='ltr'><strong>facerent.</strong></span> <span class='ocrx_word' id='word_1_484' title='bbox 277 3935 347 3988; x_wconf 88' lang='lat' dir='ltr'><strong>Nam</strong></span> <span class='ocrx_word' id='word_1_485' title='bbox 373 3936 426 3989; x_wconf 89' lang='lat' dir='ltr'><strong>vim</strong></span> <span class='ocrx_word' id='word_1_486' title='bbox 443 3943 603 4007; x_wconf 84' lang='lat' dir='ltr'><strong>temptantes</strong></span> <span class='ocrx_word' id='word_1_487' title='bbox 621 3937 714 3990; x_wconf 88' lang='lat' dir='ltr'><strong>Persas</strong></span> <span class='ocrx_word' id='word_1_488' title='bbox 740 3934 816 3988; x_wconf 86' lang='lat' dir='ltr'><strong>facile</strong></span> <span class='ocrx_word' id='word_1_489' title='bbox 837 3935 1019 4006; x_wconf 88' lang='lat' dir='ltr'><strong>reppulerant,</strong></span> <span class='ocrx_word' id='word_1_490' title='bbox 1045 3933 1186 4003; x_wconf 90' lang='lat' dir='ltr'><strong>asperitate</strong></span> <span class='ocrx_word' id='word_1_491' title='bbox 1204 3934 1274 3986; x_wconf 92' lang='lat' dir='ltr'><strong>loco-</strong></span> 
     </span>
     <span class='ocr_line' id='line_1_48' title="bbox 22 4009 1275 4084; baseline -0.006 -14"><span class='ocrx_word' id='word_1_492' title='bbox 22 4033 81 4070; x_wconf 90' lang='lat' dir='ltr'><strong>rum</strong></span> <span class='ocrx_word' id='word_1_493' title='bbox 99 4011 226 4078; x_wconf 88' lang='lat' dir='ltr'><strong>defensi,</strong></span> <span class='ocrx_word' id='word_1_494' title='bbox 253 4012 280 4064; x_wconf 93' lang='lat' dir='ltr'><strong>in</strong></span> <span class='ocrx_word' id='word_1_495' title='bbox 298 4029 365 4083; x_wconf 91' lang='lat' dir='ltr'><strong>quae</strong></span> <span class='ocrx_word' id='word_1_496' title='bbox 392 4030 420 4066; x_wconf 91' lang='lat' dir='ltr'><strong>se</strong></span> <span class='ocrx_word' id='word_1_497' title='bbox 436 4013 612 4083; x_wconf 88' lang='lat' dir='ltr'><strong>recipiebant,</strong></span> <span class='ocrx_word' id='word_1_498' title='bbox 639 4012 760 4084; x_wconf 90' lang='lat' dir='ltr'><strong>quotiens</strong></span> <span class='ocrx_word' id='word_1_499' title='bbox 779 4013 856 4064; x_wconf 87' lang='lat' dir='ltr'><strong>armis</strong></span> <span class='ocrx_word' id='word_1_500' title='bbox 879 4010 1080 4080; x_wconf 86' lang='lat' dir='ltr'><strong>superabantur.</strong></span> <span class='ocrx_word' id='word_1_501' title='bbox 1115 4009 1199 4061; x_wconf 81' lang='lat' dir='ltr'><strong>iidem</strong></span> <span class='ocrx_word' id='word_1_502' title='bbox 1217 4028 1275 4062; x_wconf 89' lang='lat' dir='ltr'><strong>mu-</strong></span> 
     </span>
     <span class='ocr_line' id='line_1_49' title="bbox 21 4086 1273 4160; baseline -0.005 -14"><span class='ocrx_word' id='word_1_503' title='bbox 21 4093 134 4147; x_wconf 85' lang='lat' dir='ltr'><strong>neribus</strong></span> <span class='ocrx_word' id='word_1_504' title='bbox 165 4088 308 4160; x_wconf 88' lang='lat' dir='ltr'><strong>quotannis</strong></span> <span class='ocrx_word' id='word_1_505' title='bbox 333 4090 521 4160; x_wconf 88' lang='lat' dir='ltr'><strong>placabantur,</strong></span> <span class='ocrx_word' id='word_1_506' title='bbox 548 4097 579 4142; x_wconf 90' lang='lat' dir='ltr'><strong>ut</strong></span> <span class='ocrx_word' id='word_1_507' title='bbox 604 4089 662 4160; x_wconf 92' lang='lat' dir='ltr'><strong>regi</strong></span> <span class='ocrx_word' id='word_1_508' title='bbox 678 4087 836 4155; x_wconf 87' lang='lat' dir='ltr'><strong>Ecbatanis,</strong></span> <span class='ocrx_word' id='word_1_509' title='bbox 862 4088 909 4141; x_wconf 93' lang='lat' dir='ltr'><strong>ubi</strong></span> <span class='ocrx_word' id='word_1_510' title='bbox 934 4086 1033 4140; x_wconf 88' lang='lat' dir='ltr'><strong>aestiva</strong></span> <span class='ocrx_word' id='word_1_511' title='bbox 1058 4086 1160 4139; x_wconf 91' lang='lat' dir='ltr'><strong>solebat</strong></span> <span class='ocrx_word' id='word_1_512' title='bbox 1186 4103 1273 4158; x_wconf 87' lang='lat' dir='ltr'><strong>agere,</strong></span> 
     </span>
     <span class='ocr_line' id='line_1_50' title="bbox 22 4161 1275 4240; baseline -0.005 -17"><span class='ocrx_word' id='word_1_513' title='bbox 22 4169 202 4240; x_wconf 90' lang='lat' dir='ltr'><strong>Babylonem</strong></span> <span class='ocrx_word' id='word_1_514' title='bbox 221 4163 374 4233; x_wconf 89' lang='lat' dir='ltr'><strong>remigranti</strong></span> <span class='ocrx_word' id='word_1_515' title='bbox 391 4173 464 4219; x_wconf 81' lang='lat' dir='ltr'><strong>tutus</strong></span> <span class='ocrx_word' id='word_1_516' title='bbox 487 4183 536 4236; x_wconf 89' lang='lat' dir='ltr'><strong>per</strong></span> <span class='ocrx_word' id='word_1_517' title='bbox 553 4183 584 4218; x_wconf 92' lang='lat' dir='ltr'><strong>ea</strong></span> <span class='ocrx_word' id='word_1_518' title='bbox 607 4166 663 4220; x_wconf 87' lang='lat' dir='ltr'><strong>loca</strong></span> <span class='ocrx_word' id='word_1_519' title='bbox 686 4165 812 4218; x_wconf 91' lang='lat' dir='ltr'><strong>transitus</strong></span> <span class='ocrx_word' id='word_1_520' title='bbox 824 4172 909 4218; x_wconf 80' lang='lat' dir='ltr'><strong>esset.</strong></span> <span class='ocrx_word' id='word_1_521' title='bbox 943 4163 1002 4216; x_wconf 93' lang='lat' dir='ltr'><strong>Hos</strong></span> <span class='ocrx_word' id='word_1_522' title='bbox 1024 4162 1105 4232; x_wconf 89' lang='lat' dir='ltr'><strong>igitur</strong></span> <span class='ocrx_word' id='word_1_523' title='bbox 1122 4161 1275 4217; x_wconf 88' lang='lat' dir='ltr'><strong>Alexander</strong></span> 
     </span>
     <span class='ocr_line' id='line_1_51' title="bbox 21 4238 1275 4316; baseline -0.006 -16"><span class='ocrx_word' id='word_1_524' title='bbox 21 4244 159 4316; x_wconf 87' lang='lat' dir='ltr'><strong>bipartito</strong></span> <span class='ocrx_word' id='word_1_525' title='bbox 178 4239 287 4310; x_wconf 85' lang='lat' dir='ltr'><strong>agmine</strong></span> <span class='ocrx_word' id='word_1_526' title='bbox 305 4259 452 4312; x_wconf 87' lang='lat' dir='ltr'><strong>aggressus,</strong></span> <span class='ocrx_word' id='word_1_527' title='bbox 470 4243 539 4296; x_wconf 87' lang='lat' dir='ltr'><strong>intra</strong></span> <span class='ocrx_word' id='word_1_528' title='bbox 556 4242 730 4314; x_wconf 87' lang='lat' dir='ltr'><strong>quadraginta</strong></span> <span class='ocrx_word' id='word_1_529' title='bbox 748 4240 802 4294; x_wconf 91' lang='lat' dir='ltr'><strong>dies</strong></span> <span class='ocrx_word' id='word_1_530' title='bbox 815 4240 971 4312; x_wconf 88' lang='lat' dir='ltr'><strong>perdomuit.</strong></span> <span class='ocrx_word' id='word_1_531' title='bbox 999 4239 1070 4291; x_wconf 90' lang='lat' dir='ltr'><strong>Nam</strong></span> <span class='ocrx_word' id='word_1_532' title='bbox 1087 4239 1120 4291; x_wconf 93' lang='lat' dir='ltr'><strong>ab</strong></span> <span class='ocrx_word' id='word_1_533' title='bbox 1138 4238 1195 4308; x_wconf 93' lang='lat' dir='ltr'><strong>ipso</strong></span> <span class='ocrx_word' id='word_1_534' title='bbox 1212 4257 1275 4309; x_wconf 84' lang='lat' dir='ltr'><strong>rege</strong></span> 
     </span>
     <span class='ocr_line' id='line_1_52' title="bbox 20 4315 1275 4389; baseline -0.005 -14"><span class='ocrx_word' id='word_1_535' title='bbox 20 4329 51 4374; x_wconf 90' lang='lat' dir='ltr'><strong>et</strong></span> <span class='ocrx_word' id='word_1_536' title='bbox 66 4319 252 4381; x_wconf 88' lang='lat' dir='ltr'><strong>Ptolemaeo,</strong></span> <span class='ocrx_word' id='word_1_537' title='bbox 269 4317 314 4387; x_wconf 92' lang='lat' dir='ltr'><strong>qui</strong></span> <span class='ocrx_word' id='word_1_538' title='bbox 331 4327 433 4389; x_wconf 91' lang='lat' dir='ltr'><strong>partem</strong></span> <span class='ocrx_word' id='word_1_539' title='bbox 450 4319 580 4374; x_wconf 85' lang='lat' dir='ltr'><strong>exercitus</strong></span> <span class='ocrx_word' id='word_1_540' title='bbox 599 4320 725 4386; x_wconf 90' lang='lat' dir='ltr'><strong>ducebat,</strong></span> <span class='ocrx_word' id='word_1_541' title='bbox 743 4335 821 4388; x_wconf 88' lang='lat' dir='ltr'><strong>saepe</strong></span> <span class='ocrx_word' id='word_1_542' title='bbox 839 4319 920 4382; x_wconf 89' lang='lat' dir='ltr'><strong>caesi,</strong></span> <span class='ocrx_word' id='word_1_543' title='bbox 944 4323 973 4367; x_wconf 91' lang='lat' dir='ltr'><strong>ut</strong></span> <span class='ocrx_word' id='word_1_544' title='bbox 991 4315 1111 4386; x_wconf 88' lang='lat' dir='ltr'><strong>captivos</strong></span> <span class='ocrx_word' id='word_1_545' title='bbox 1129 4333 1190 4368; x_wconf 91' lang='lat' dir='ltr'><strong>suos</strong></span> <span class='ocrx_word' id='word_1_546' title='bbox 1208 4317 1275 4369; x_wconf 88' lang='lat' dir='ltr'><strong>reci·</strong></span> 
     </span>
     <span class='ocr_line' id='line_1_53' title="bbox 19 4391 1275 4471; baseline -0.006 -19"><span class='ocrx_word' id='word_1_547' title='bbox 19 4405 136 4471; x_wconf 84' lang='lat' dir='ltr'><strong>perant,</strong></span> <span class='ocrx_word' id='word_1_548' title='bbox 159 4392 306 4464; x_wconf 80' lang='lat' dir='ltr'><strong>permisere</strong></span> <span class='ocrx_word' id='word_1_549' title='bbox 322 4411 350 4448; x_wconf 91' lang='lat' dir='ltr'><strong>se</strong></span> <span class='ocrx_word' id='word_1_550' title='bbox 366 4395 467 4450; x_wconf 88' lang='lat' dir='ltr'><strong>victori.</strong></span> <span class='ocrx_word' id='word_1_551' title='bbox 503 4396 552 4449; x_wconf 93' lang='lat' dir='ltr'><strong>Ille</strong></span> <span class='ocrx_word' id='word_1_552' title='bbox 569 4396 668 4451; x_wconf 88' lang='lat' dir='ltr'><strong>validas</strong></span> <span class='ocrx_word' id='word_1_553' title='bbox 686 4397 765 4450; x_wconf 88' lang='lat' dir='ltr'><strong>urbes</strong></span> <span class='ocrx_word' id='word_1_554' title='bbox 782 4394 935 4467; x_wconf 88' lang='lat' dir='ltr'><strong>opportunis</strong></span> <span class='ocrx_word' id='word_1_555' title='bbox 952 4391 1014 4445; x_wconf 90' lang='lat' dir='ltr'><strong>locis</strong></span> <span class='ocrx_word' id='word_1_556' title='bbox 1032 4392 1118 4446; x_wconf 87' lang='lat' dir='ltr'><strong>extrui</strong></span> <span class='ocrx_word' id='word_1_557' title='bbox 1136 4391 1223 4461; x_wconf 91' lang='lat' dir='ltr'><strong>iussit,</strong></span> <span class='ocrx_word' id='word_1_558' title='bbox 1241 4410 1275 4445; x_wconf 94' lang='lat' dir='ltr'><strong>ne</strong></span> 
     </span>
    </p>
   </div>
   <div class='ocr_carea' id='block_1_5' title="bbox 0 0 1468 5174">
    <p class='ocr_par' dir='ltr' id='par_1_5' title="bbox 0 0 1468 5174">
     <span class='ocr_line' id='line_1_54' title="bbox 0 0 1468 5174; baseline 0 5"><span class='ocrx_word' id='word_1_559' title='bbox 0 0 1468 5174; x_wconf 95' lang='lat' dir='ltr'><strong> </strong></span> 
     </span>
    </p>
   </div>
  </div>
 </body>
</html>
