2984 5176
453 344 457 353 ,
495 255 975 360 nscnsr1sansx.v,11.
1299 278 1371 350 181

122 469 239 543 danos
266 469 402 542 malum
428 471 591 571 urgebat,
617 497 684 544 nec
711 473 789 546 sisti
815 474 870 547 vis
897 475 1055 550 hostium
1080 486 1234 577 poterat
1280 477 1373 553 Pau·

120 581 172 653 cis
199 576 250 654 ad
275 581 520 673 moriendum,
546 583 709 681 pluribus
736 583 783 656 ad
809 585 932 684 fugam
958 587 1098 661 annuus
1124 588 1207 680 suit,
1242 615 1375 689 magna

121 716 207 790 pars
244 691 283 765 in
315 717 435 765 arcem
470 694 656 768 concessit.
707 693 796 768 Inde
822 722 903 769 xxx
938 699 1142 773 oratoribus
1174 701 1292 773 missis
1325 702 1373 775 ad

121 800 408 902 deprecandum,
440 804 544 880 triste
575 830 789 903 responsum
816 833 838 880 a
864 833 949 907 rege
982 810 1161 901 redditur,
1193 838 1267 886 non
1294 800 1373 886 esse

101 913 251 989 ¹veniae
284 916 413 988 locum.
465 914 591 1013 Itaque
623 917 878 1014 suppliciorum
913 947 1054 1019 quoque
1087 930 1186 995 metu
1218 923 1373 1019 perculsi

120 1024 169 1099 ad
201 1021 460 1124 Sisygambim,
494 1025 604 1100 Darei
638 1038 807 1121 matrem,
847 1033 987 1105 occulto
1021 1032 1149 1105 itinere
1175 1032 1372 1130 ignotoque

119 1136 290 1210 hostibus
328 1138 479 1210 mittunt
510 1138 571 1234 qui
602 1147 783 1235 peterent,
823 1153 865 1214 ut
899 1143 978 1240 ipsa
1018 1168 1140 1241 regem
1180 1144 1372 1241 mitigaret,

118 1245 224 1321 haud
246 1246 382 1346 ignari,
408 1249 567 1348 parentis
595 1274 674 1321 eam
700 1250 780 1322 loco
807 1252 905 1351 diligi
932 1255 1079 1353 colique.
1132 1252 1181 1327 Et
1206 1253 1371 1328 Medates

122 1357 259 1431 sororis
300 1359 377 1433 eius
417 1360 527 1433 filiam
562 1384 684 1432 secum
724 1364 952 1437 matrimonio
988 1366 1174 1455 iunxerat,
1212 1364 1372 1439 Dareum

119 1469 326 1568 propinqua
360 1472 574 1570 cognatione
607 1473 828 1570 contingens.
889 1474 962 1548 Diu
988 1473 1212 1575 Sisygambis
1240 1478 1371 1574 suppli·

121 1605 205 1653 cnm
230 1583 397 1679 precibus
423 1585 657 1682 repugnavit,
684 1585 863 1677 abnuens,
890 1585 1181 1687 deprecationem
1206 1612 1274 1684 pro
1301 1587 1370 1660 illis

120 1717 195 1765 non
223 1695 416 1768 convenire
448 1694 630 1787 fortunae,
664 1696 700 1767 in
727 1722 798 1794 qna
825 1709 937 1770 esset:
975 1699 1182 1795 adiicitque,
1208 1708 1371 1772 metuere

121 1827 212 1895 sese,
225 1830 273 1878 ne
299 1806 446 1880 victoris
472 1806 731 1906 indulgentiam
757 1808 935 1909 fatigaret,
962 1810 1176 1906 saepiusque
1202 1809 1370 1907 cogitare,

102 1916 304 2014 >captivam
340 1942 419 1990 esse
452 1943 507 2009 se,
540 1945 649 2017 quam
678 1920 842 2017 reginam
867 1920 987 1992 fnisse.
1040 1918 1101 1991 Ad
1128 1920 1293 1991 ultimum
1320 1921 1369 1993 vi·

120 2037 181 2101 cta
206 2026 337 2101 litteris
361 2028 613 2104 Alexandrum
645 2031 696 2102 ita
727 2029 921 2127 deprecata
947 2041 1019 2103 est:
1057 2041 1098 2102 ut
1123 2029 1239 2127 ipsam
1266 2057 1371 2104 exeu-

119 2147 230 2228 saret,
258 2137 356 2236 quod
383 2138 651 2237 deprecaretur:
677 2131 801 2239 petere
828 2166 877 2230 se,
904 2151 945 2214 ut
970 2143 1039 2215 illis
1066 2167 1224 2240 quoque3
1253 2144 1282 2216 si
1308 2143 1370 2214 mi·

119 2275 199 2340 nus,
228 2249 297 2322 sibi
321 2249 540 2347 ignosceret:
569 2279 635 2351 pro
662 2253 864 2326 necessario
892 2278 933 2326 ac
959 2254 1161 2351 propinquo
1189 2278 1271 2344 suo,
1298 2254 1371 2327 iam

118 2386 195 2435 non
229 2361 353 2451 hoste,
386 2363 452 2436 sed
486 2364 662 2462 supplice,
698 2373 840 2435 tantum
867 2364 980 2436 vitam
1006 2365 1154 2462 precari.
1207 2363 1371 2439 Modera·

119 2471 257 2545 tionem
284 2472 579 2570 clementiamque
606 2475 717 2572 regie,
754 2499 846 2570 quae
872 2486 959 2547 tunc
985 2476 1070 2566 fuit,
1097 2476 1157 2550 vel
1183 2502 1256 2549 una
1281 2477 1371 2551 haec

117 2607 178 2656 res
206 2582 323 2680 possit
349 2582 555 2657 ostendere:
581 2612 656 2658 non
681 2584 818 2659 Madati
845 2586 953 2660 modo
979 2588 1129 2685 ignovit,
1153 2587 1218 2661 sed
1245 2613 1369 2660 omnes

118 2691 328 2768 et'deditos
356 2704 394 2773 et
420 2696 582 2792 captivos
615 2697 782 2770 libertate
817 2707 925 2794 atque
958 2699 1183 2771 immunitate
1210 2696 1370 2788 donavit,

116 2805 250 2879 urbem
275 2805 418 2902 reliquit
442 2807 626 2898 intactam,
654 2833 761 2906 agros
789 2809 865 2881 sine
892 2809 1029 2882 tributo
1056 2809 1173 2881 colere
1198 2808 1369 2904 permisit.

114 2916 153 2991 A
179 2916 319 2991 victore
344 2914 466 2990 Dareo
492 2917 597 3015 plura
622 2930 738 2992 mater
764 2945 838 2991 non
864 2918 1102 3015 impetrasset.

151 3094 177 3161 ς.
197 3098 240 3146 12.
263 3092 449 3161 suppliciorum
468 3109 568 3161 quoque
585 3103 652 3147 metu
670 3093 687 3147 i.
706 3111 728 3147 e.
764 3094 852 3147 facere
870 3108 923 3144 non
941 3109 1049 3162 possum
1066 3090 1130 3161 quin
1147 3091 1284 3144 restituam
1298 3093 1371 3171 qnod

115 3178 173 3215 non
196 3159 323 3230 simplicis
351 3159 443 3214 mortis
466 3168 578 3214 tantum.
623 3164 729 3232 Quoque
764 3162 903 3231 alinguae
919 3160 1030 3213 Latinae
1051 3159 1153 3212 ratione
1178 3160 1242 3212 mihi
1265 3162 1371 3231 quidem

116 3245 186 3283 exo
207 3228 278 3282 timis
295 3227 368 3282 libris
389 3228 464 3282 Leid
482 3229 560 3282 Voss.
580 3236 593 3282 1
612 3230 684 3284 Flor.
702 3231 728 3283 A
763 3249 817 3284 non
835 3248 943 3300 prorsus
962 3228 1066 3281 videtur
1083 3229 1237 3296 abhorrere,
1265 3247 1324 3283 cum
1343 3229 1371 3283 in

115 3296 165 3352 BC
243 3296 334 3351 adieci.
369 3297 450 3350 Bern.
475 3298 499 3349 B
528 3316 645 3367 quorum.
681 3299 729 3351 Vi·
764 3298 869 3352 Graeca
900 3295 1140 3368 frequentissimum
1176 3298 1218 3350 sit.
1270 3297 1371 3351 Addita

117 3366 206 3431 detur,
225 3367 298 3436 quod
316 3367 342 3419 h.
353 3365 371 3417 l.
385 3365 491 3433 excidit,
510 3366 537 3419 in
556 3367 728 3421 deterioribus
762 3376 833 3422 certe
852 3366 991 3438 negatione
1009 3365 1064 3419 sinc
1082 3365 1162 3419 dubio
1171 3366 1300 3427 dicemus:
1317 3385 1372 3421 non

118 3435 253 3489 codicibus
276 3434 395 3488 additum
417 3451 474 3488 esse
499 3434 633 3506 aliquanto
652 3444 727 3506 post:
763 3438 851 3489 abnuo
871 3436 936 3507 quin
953 3434 1092 3489 conveniat
1135 3454 1165 3488 ro
1192 3452 1224 3489 eo
1242 3436 1313 3506 quod
1330 3443 1371 3489 est

117 3505 225 3584 μέρεα
245 3520 343 3573 quoque
368 3521 455 3573 regem
482 3502 608 3572 (Pionl)
632 3512 679 3557 aut
700 3515 728 3558 ut
763 3523 817 3558 non
834 3506 922 3558 abnuo
941 3503 1089 3558 convenire.
1114 3454 1185 3556 ium
1202 3504 1281 3558 ctiam
1299 3507 1371 3558 adii·

119 3590 178 3641 paa
196 3590 285 3643 repam
304 3589 400 3641 quoque
419 3570 503 3641 (Flor.
520 3571 571 3624 DF
588 3573 647 3626 Pal.
668 3577 704 3640 1).
765 3576 847 3642 citque
866 3591 935 3627 nunc
953 3572 1054 3643 scripsi.
1079 3572 1141 3642 quia
1163 3574 1200 3627 sic
1221 3574 1264 3627 vel
1281 3574 1370 3644 potius

150 3676 255 3729 sorores
274 3675 331 3727 eius
339 3674 442 3741 filiam]
470 3673 587 3726 Necesse
604 3674 655 3727 fuit
672 3676 729 3754 eiua
763 3644 958 3764 ἷῖξὲῄᾳὸἱεξπ
987 3641 1014 3694 in
1040 3641 1120 3695 ΒΜ·
1143 3643 1170 3695 A
1198 3642 1269 3695 ΠΟΥ·
1293 3641 1368 3695 ABG

119 3741 471 3867 ffioeffiinbuffoelibris·
485 3743 596 3863 {ddirei
621 3760 684 3795 nam
707 3761 729 3796 ⁸¹
763 3778 844 3858 libris·
854 3788 895 3833 est
912 3780 1008 3858 adiecit
1027 3796 1071 3843 ue,
1091 3787 1118 3831 et
1135 3795 1170 3830 ex
1186 3779 1279 3831 iisdem
1296 3778 1369 3856 libris

210 3819 239 3877 ι’
267 3828 344 3863 ΠΗ
391 3828 473 3865 rum
509 3827 622 3883 Ἥρω
640 3828 729 3866 8οΓοω
763 3856 858 3900 nostns
877 3856 904 3900 et
921 3848 984 3902 eda.
1004 3797 1079 3900 iilod.
1106 3850 1262 3915 saepiusque
1279 3847 1370 3898 addita

117 3888 208 3951 imm
226 3879 348 3950 mtelhffl
764 3915 949 3969 coniunctione
968 3915 1036 3968 dedi.

149 3988 176 4051 5.
196 3990 240 4037 18.
276 4000 330 4035 uon
348 3984 483 4035 convenire
492 3984 635 4053 susanae]
671 3983 728 4036 Ne·
798 3989 874 4051 §.l-b.
893 3986 1011 4037 libertate
1029 3993 1105 4052 etque
1123 3983 1293 4048 immunitate]
1311 3981 1369 4032 Ad-

116 4050 196 4123 gandi
219 4049 382 4121 particulam
407 4049 467 4103 libri
495 4068 586 4105 omnes
611 4059 639 4103 et
667 4051 727 4104 nisti
763 4052 834 4105 ditur
851 4052 879 4105 in
897 4051 1002 4133 optimis
1020 4068 1051 4105 ac
1069 4049 1200 4130 plerisque
1218 4048 1290 4102 libris
1308 4067 1368 4102 mss.

115 4130 143 4175 et
168 4119 235 4175 olim
261 4118 327 4171 editi
350 4118 493 4187 exhibent,
518 4120 602 4173 donec
619 4119 728 4173 Modius
763 4131 787 4174 et
810 4130 872 4174 ante
897 4123 1027 4184 libertate,
1060 4119 1139 4172 iidem
1165 4127 1252 4171 tamen
1279 4133 1369 4170 omnes

115 4206 173 4244 eam
199 4187 315 4243 sustulit.
350 4188 430 4241 Hunc
448 4188 529 4242 secuti
553 4196 614 4241 sunt
637 4205 728 4243 recen·
762 4199 838 4258 atque
856 4196 969 4242 servant.
1001 4186 1150 4242 Omninof
1193 4185 1282 4238 nentia
1299 4185 1369 4238 illius

114 4258 196 4313 tiores
215 4256 346 4323 editores,
371 4255 489 4310 convicio
515 4256 597 4323 illius,
625 4256 727 4327 opinor,
761 4257 906 4328 particulae
924 4256 1054 4336 repetitae
1071 4255 1170 4307 librarii
1198 4254 1241 4307 nl.
1261 4259 1286 4305 in
1297 4271 1368 4306 erro-

114 4325 250 4389 deterriti,
274 4326 347 4395 quod
369 4324 537 4395 elephantino
555 4325 626 4379 corio
644 4334 727 4378 tectos
762 4343 817 4378 rc1n
827 4325 925 4378 inducti
935 4326 1067 4389 videntur,
1086 4331 1116 4375 ut
1129 4332 1280 4392 repeterent
1289 4321 1369 4374 etiam

114 4394 281 4468 appellavit,
306 4393 328 4446 si
346 4392 391 4464 qui
409 4393 486 4447 aliter
503 4393 637 4447 sentirent.
674 4393 728 4448 Sed
761 4394 807 4447 ubi
825 4413 879 4448 non
897 4412 963 4464 opus
983 4400 1058 4445 esset.

963 3717 975 3762 1
1007 3729 1055 3781 pro
1077 3727 1109 3763 eo
1140 3712 1211 3780 quod
1242 3711 1269 3763 in
1293 3710 1369 3763 editis
