2926 5174
489 300 537 350 na
564 297 689 350 ansms
722 296 831 348 anax.
857 298 907 367 1x,
927 296 964 365 a.⁸
1278 281 1351 352 439

91 501 118 550 ²2
131 485 260 561 Insteius
278 483 426 585 periculi
450 483 583 585 inferre.
636 484 684 556 At
715 482 804 556 enim
835 480 980 582 equitum
1004 484 1220 584 peditumque
1245 485 1353 558 multi·

129 599 196 672 tudo
221 624 278 673 uos
301 598 500 672 eorummet!
555 591 641 671 Cum
661 594 784 692 paucis
810 595 897 666 enim
916 620 1074 693 pupnare
1098 595 1187 669 soliti
1212 597 1297 686 estis,
1324 610 1354 669 et

91 723 114 773 2³
127 732 205 781 nunc
224 708 375 806 primum
401 707 604 781 incardium
630 706 827 781 anamotus
852 706 992 778 turbam.
1051 706 1158 780 Testis
1190 707 1353 781 aduersus

116 820 355 894 multimdinem
380 817 496 891 inuicti
513 818 736 892 Macedonum
760 816 886 891 roboris
909 815 1077 891 Granum
1103 818 1222 909 amnis,
1248 830 1279 890 et
1298 817 1352 894 Ci-

124 930 193 1003 iicia
221 931 382 1004 inundato
409 953 526 1004 cruore
551 928 749 1020 Persarum,
780 939 811 1000 et
834 927 968 1018 Arbela,
1004 928 1098 1000 cuius
1124 929 1237 1026 campi
1261 931 1349 1003 devi-

91 1056 110 1104 u
123 1054 241 1114 aarum
266 1068 288 1114 a
313 1042 405 1116 nobis
432 1039 561 1115 ossibus
586 1040 682 1114 strati
711 1052 797 1113 sunt.
850 1035 933 1112 Sero
959 1038 1099 1111 hostium
1126 1039 1266 1137 lepiorus
1292 1067 1352 1114 nu·

120 1177 244 1225 maure
269 1153 428 1250 coepistis
448 1164 628 1251 postquam
647 1150 855 1227 solitudimm
873 1150 910 1222 in
927 1149 1016 1222 Asia
1034 1149 1193 1223 uincendo
1208 1152 1349 1252 fecistis.

123 1261 207 1339 Cum
231 1289 293 1360 per
316 1263 567 1361 Hellespontum
592 1265 842 1362 nauipmemus,
874 1260 915 1332 de
936 1259 1105 1357 paucitate
1130 1274 1243 1334 nostra
1268 1263 1352 1362 copi·

119 1373 253 1447 tandum
266 1377 356 1475 suit:
396 1399 487 1447 nunc
517 1399 577 1447 nos
604 1371 745 1472 Scpttiae
775 1384 970 1471 sequuntur,
1002 1370 1190 1443 Bactriana
1221 1374 1330 1447 aaut·

113 1498 246 1583 praesto
271 1498 355 1577 sunt,
379 1485 504 1560 Dahae
527 1482 757 1584 'Sopdianique
782 1484 866 1556 inter
891 1508 952 1556 nos
977 1481 1127 1554 militant.

91 1612 102 1660 5
216 1597 291 1670 Nec
321 1610 431 1670 tamen
462 1595 514 1669 itti
549 1595 661 1668 turbae
693 1596 828 1694 cupido.
890 1593 1027 1668 Vestras
1062 1619 1184 1668 monus
1214 1593 1400 1686 intmor,10

115 1721 255 1782 uestram
280 1708 432 1781 uirtutem
457 1731 587 1797 rerum,
624 1733 708 1806 quas
729 1719 884 1805 pestanus
908 1732 999 1797 sum,
1033 1707 1152 1780 uadem
1173 1707 1350 1804 praedem·

115 1843 173 1917 que
198 1819 307 1892 dobeo.
363 1814 537 1900 Quamdiu
562 1817 726 1891 uobiscum
751 1818 788 1890 in
813 1817 883 1890 acie
907 1819 1005 1910 stabo,
1039 1842 1098 1891 mc
1123 1817 1190 1890 mei
1212 1841 1272 1890 nec
1296 1819 1350 1891 tto·

113 1931 210 2002 stium
235 1929 397 2003 enercitus
427 1953 583 2004 nunuro:
621 1954 680 2003 uos
705 1929 803 2002 modo
829 1928 958 2004 animos
984 1929 1067 2002 milri
1084 1930 1204 2028 plenos
1230 1928 1348 2002 oncri·

91 2042 184 2115 sura
209 2066 251 2113 ac
264 2039 419 2134 fiduciae
445 2040 600 2112 admirato.
652 2040 735 2114 Non
760 2040 796 2114 in
829 2039 940 2114 limiae
965 2065 1103 2139 operum
1137 2041 1347 2139 laborumque

111 2163 305 2243 nostorum,
337 2152 397 2225 sed
422 2152 460 2225 in
485 2151 574 2224 eaitu
599 2162 745 2224 stamus:
771 2152 987 2251 pervenimus
1012 2151 1059 2224 ad
1083 2151 1162 2226 sotis
1188 2164 1295 2224 ortum
1320 2166 1350 2225 et

115 2258 300 2353 Oceanum,
339 2262 408 2336 nisi
440 2262 543 2335 obstat
573 2262 728 2361 ipnavia:
768 2262 845 2335 inde
878 2263 1028 2354 uictores,
1064 2261 1249 2362 perducito
1273 2264 1348 2359 fine

109 2385 284 2465 terrarum,
311 2385 511 2447 reuertemur
538 2373 574 2446 in
594 2373 755 2471 patriam.
807 2374 932 2470 Nolite,
956 2374 1045 2474 quod
1063 2374 1160 2473 pipri
1183 2375 1347 2470 apricoite

91 2487 242 2586 faciunt,
268 2497 417 2558 maturos
432 2485 570 2584 finanus
589 2509 656 2582 per
681 2485 834 2558 inertiam
861 2487 1006 2559 amittere
1031 2475 1228 2559 emanimes.
1270 2487 1347 2563 Ma·

108 2597 179 2670 iera
203 2608 285 2669 sunt
301 2594 465 2693 periculis
488 2593 661 2690 praemia:
695 2595 787 2669 diues
813 2596 928 2668 eadem
953 2608 984 2668 et
1014 2595 1150 2669 imbellis
1174 2609 1223 2670 est
1245 2599 1345 2697 repio.

108 2707 224 2806 Itaque
250 2731 319 2780 non
344 2719 412 2779 tam
438 2705 486 2779 ad
501 2704 645 2803 pluriam
670 2731 728 2781 uos
754 2707 847 2798 duco,
873 2732 974 2806 quam
1000 2706 1048 2778 ad
1066 2706 1245 2803 praedam.
1280 2708 1345 2781 Di·

106 2819 167 2919 pni
190 2819 285 2909 estis,
311 2818 370 2917 qui
394 2842 486 2915 opes,
522 2841 606 2915 quos
632 2817 718 2890 iliud
741 2842 834 2890 mare
860 2818 1006 2891 iitmibus
1033 2816 1169 2907 incedit,
1195 2819 1346 2916 referatis

106 2931 141 3004 in
160 2928 333 3028 patriam,
369 2927 478 3026 dipni,
513 2926 573 3025 qui
595 2927 680 3000 attii
704 2929 924 3026 inconpertum,
959 2926 1044 3000 utto
1076 2940 1163 2999 metu
1188 2926 1347 3002 mausum

106 3039 312 3141 relinquatis.
365 3038 433 3112 Per
457 3062 516 3112 uos
537 3038 745 3137 pioniamque
769 3051 927 3130 ossuum,
954 3064 1021 3137 qua
1046 3039 1228 3110 humanum
1243 3041 1345 3137 sasti-

136 3257 157 3319 5.
183 3257 228 3304 23.
278 3250 408 3301 inundata
439 3262 530 3300 cruore
555 3246 708 3314 Persarum]
745 3264 844 3312 sumus,
871 3254 902 3299 ut
927 3246 1063 3301 consilium
1088 3263 1269 3317 assequamur,
1295 3248 1346 3302 nisi

103 3318 164 3373 Mes.
176 3320 305 3388 feruore,
327 3324 433 3386 praeter
450 3315 520 3370 Flor.
538 3313 563 3368 G
581 3323 610 3368 et
626 3314 661 3383 (si
678 3314 709 3366 li-
744 3314 753 3366 i
790 3315 849 3368 avia
867 3316 961 3369 obstat.
991 3317 1077 3369 Obstat
1094 3324 1181 3369 autem
1190 3315 1346 3372 slonclafl

104 3396 144 3441 cet
160 3388 246 3440 fidere
270 3383 389 3453 silentio)
407 3384 483 3438 Voss.
497 3390 521 3436 2.
555 3383 643 3437 Vetus
660 3381 709 3453 igi-
770 3399 825 3438 ern.
845 3384 868 3436 B
886 3385 963 3438 Voss.
981 3391 996 3438 2
1015 3402 1069 3437 non
1085 3385 1181 3454 placet.

103 3463 144 3509 tur
159 3455 290 3509 mendum
307 3460 355 3506 est.
778 3454 801 3519 §-
819 3457 861 3505 28.
895 3455 948 3506 Per
970 3471 1014 3506 vos
1035 3456 1196 3534 plantamque
1221 3458 1344 3526 vestram]

136 3524 201 3606 Cap.
218 3530 263 3589 10,
288 3525 313 3588 s.
329 3526 372 3574 25.
393 3537 440 3572 nec
453 3521 516 3586 mei,
535 3522 581 3572 nec
599 3521 710 3571 hostium
745 3518 857 3573 Constat
881 3520 933 3573 ism
957 3523 1014 3574 fere
1035 3530 1105 3575 mter
1122 3538 1212 3575 omnes
1239 3523 1272 3574 de
1296 3524 1346 3578 hac

102 3591 363 3659 ceermtusnumero]
382 3588 426 3642 Sic
440 3605 500 3640 mss.
515 3605 626 3657 quorum
638 3587 710 3642 noti·
744 3589 893 3642 obtestandi
910 3590 1026 3657 ratione,
1052 3591 1143 3660 utique
1166 3606 1200 3642 ex
1221 3589 1283 3660 ipsis
1304 3592 1344 3645 his

101 3661 162 3714 tiam
171 3660 257 3732 paulo
266 3657 455 3711 accuratiorem
463 3656 599 3723 habemus,
609 3672 709 3722 omnes,
745 3656 817 3709 libris
836 3657 985 3725 (luntianis,
1004 3676 1116 3728 quorum
1134 3659 1162 3711 in
1179 3658 1254 3710 lib.v
1270 3676 1293 3712 c.
1311 3660 1343 3714 23

100 3728 147 3782 nisi
164 3730 241 3800 quod
261 3727 290 3780 in
303 3725 379 3778 Leid.
392 3723 506 3778 traditur
519 3741 576 3777 esse
589 3741 709 3777 meorum.
745 3733 804 3778 est:
848 3727 902 3780 Per
929 3745 975 3796 epo
1006 3744 1051 3779 vos
1088 3731 1182 3780 decora
1217 3728 1345 3779 maiorum

100 3798 211 3852 Veteres
240 3795 303 3848 edd.
322 3795 475 3859 meminero,
501 3810 555 3845 non
580 3794 615 3847 ob
633 3791 711 3845 aliam
744 3824 779 3834 —
796 3811 841 3846 oro
869 3805 893 3848 et
914 3798 1040 3862 obtestor,
1067 3802 1096 3849 et
1118 3794 1214 3847 omisso
1231 3795 1344 3863 rogandi

100 3883 202 3920 causam
210 3871 284 3936 puto
317 3879 379 3914 uam
392 3869 421 3914 ut
433 3860 564 3930 genitivus
582 3863 632 3914 mei
649 3860 710 3914 inde
744 3862 825 3915 verbo
847 3863 892 3917 lib.
915 3878 961 3928 Ν,
988 3870 1029 3917 49.
1072 3863 1125 3915 Per
1148 3880 1193 3930 epo
1215 3879 1259 3913 cos
1282 3865 1344 3916 deos

132 3936 239 3988 nderet.
293 3880 380 3994 auem
409 3928 543 3999 scopulum
573 3945 709 3983 removens
743 3933 843 3999 patrios
869 3962 904 3972 -
930 3934 1059 3985 uindicate
1092 3932 1125 3983 oo
1152 3932 1238 3982 aldmo
1268 3932 1345 3984 dede·

128 4003 206 4057 odius
239 3997 359 4068 denique
389 4014 457 4050 meos
483 4005 510 4050 et
541 4014 709 4050 numeravero
745 4017 803 4051 cure
825 4017 917 4052 nomen
937 4010 1086 4069 pentemque
1106 3999 1258 4050 Persarum.
1294 3998 1344 4051 Ni-

99 4071 225 4126 con-exit.
264 4066 309 4121 cf.
327 4065 362 4118 ad
378 4080 418 4132 IV,
436 4070 478 4131 45,
497 4071 520 4118 8.
744 4067 837 4120 mirum
853 4086 898 4121 uos
916 4068 971 4121 sive
988 4078 1011 4120 te
1028 4083 1062 4118 ex
1080 4065 1172 4120 orandi
1188 4066 1270 4118 verbo
1289 4066 1344 4119 sive

131 4143 154 4209 §-
177 4146 223 4194 26.
256 4134 427 4205 pervenimus
443 4165 478 4174 -
504 4135 542 4186 ad
569 4135 708 4201 Oceanum,
743 4152 867 4206 expresso
889 4136 944 4189 sive
966 4135 1061 4189 omisso
1085 4134 1211 4204 pendere,
1236 4140 1265 4185 et
1285 4153 1345 4187 ver-

98 4210 162 4280 nia]
200 4206 296 4259 Recte
317 4201 423 4255 videtur
439 4201 560 4254 Freinsh.
582 4201 708 4273 praeteri·
743 4205 839 4258 borum
864 4203 1023 4260 metathesin
1042 4218 1111 4266 esse,
1138 4219 1186 4253 usu
1208 4201 1343 4256 sancitam.

98 4284 153 4330 tum
179 4270 362 4344 explicuisse,
390 4287 442 4350 pro
467 4271 558 4323 futuro
584 4269 708 4341 positum,
744 4272 921 4343 Corrigendus
938 4272 1021 4342 igitur
1037 4278 1079 4323 est
1092 4269 1134 4322 hic
1152 4269 1232 4335 locus,
1251 4277 1279 4323 et
1297 4290 1345 4343 que

97 4345 169 4416 quasi
188 4343 282 4396 dicat:
303 4354 415 4408 quaem
432 4338 606 4405 metuerunt,
629 4338 708 4408 longe
743 4341 896 4407 delendum,
919 4348 949 4393 ut
956 4357 1012 4419 per
1025 4341 1137 4418 pluriam
1158 4348 1268 4391 oestrum
1285 4339 1344 4393 iun-

96 4413 243 4468 mnximam
261 4414 371 4480 partem
388 4406 492 4476 perfeci,
510 4406 615 4477 iamque
631 4406 659 4459 in
676 4423 708 4460 eo
742 4417 853 4479 gantur,
884 4425 928 4461 vos
954 4414 1119 4460 mtenectum
1143 4414 1284 4478 appareat,
1310 4411 1343 4464 ab
