2926 5174
353 282 360 291 “
426 307 475 358 ns
503 305 629 359 crsms
655 306 764 360 max.
791 308 841 379 rx,
870 307 894 355 c.
1207 296 1281 366 435

44 517 125 565 cum
152 491 230 565 aliis
255 491 472 566 inhaerentis
489 518 571 567 erus
594 494 757 584 avellere,
785 503 830 585 et,
858 495 940 591 quia
965 521 1039 568 non
1058 498 1283 594 sequebatur,
1332 502 1351 540 ’

10 605 137 678 sferro
164 612 353 701 amputare
379 604 511 701 coepit:
539 629 585 677 ne
613 604 829 701 sicquidem
855 606 1049 703 pertinacia
1076 608 1180 698 vieta,
1208 634 1283 680 rur·

42 742 102 788 sus
129 715 238 787 aliam
262 725 405 811 partem
436 740 556 788 secare
590 715 734 805 institit,
770 725 805 788 et
839 715 922 789 inde
956 743 1029 788 non
1056 719 1199 815 segnius
1231 721 1282 791 in-

41 827 252 901 haerentem
286 826 382 899 ferro
421 825 572 900 subinde
599 824 781 899 caedebat.
840 825 902 899 Ille
934 827 971 898 in
1005 829 1154 901 vulnere
1185 832 1282 904 ferae

41 937 168 1010 dentes
186 935 423 1025 moribundus
450 962 591 1034 quoque
617 936 799 1008 infixerat:
832 947 970 1010 tantam
996 939 1033 1010 in
1058 940 1126 1012 illis
1153 941 1283 1014 anima·

39 1049 132 1121 libus
167 1047 217 1119 ad
249 1047 455 1121 venandum
489 1045 721 1145 cupiditatem
755 1049 981 1146 ingenerasse
1014 1060 1179 1122 naturam
1211 1078 1282 1126 me·

10 1160 174 1233 amariae
216 1158 399 1256 proditum
439 1169 502 1232 est.
561 1157 736 1255 Equidem
774 1161 878 1257 plura
916 1161 1134 1252 transcribe,
1175 1189 1282 1259 quam

40 1271 162 1345 credo:
198 1295 284 1342 nam
315 1295 383 1344 nec
409 1271 587 1342 affirmare
613 1271 787 1362 sustineo,
820 1270 865 1344 de
893 1272 1021 1367 quibus
1048 1271 1189 1364 dubit0,
1216 1300 1282 1348 nee

10 1382 255 1472 subducere,
281 1387 372 1478 quae
387 1382 515 1479 accepi.
551 1380 688 1453 Reheto
715 1382 823 1479 igitur
837 1380 985 1480 Sopithe
1010 1383 1047 1454 in
1067 1409 1132 1456 suo
1158 1410 1280 1482 regno,

39 1493 83 1566 ad
107 1494 267 1567 fiuvium
292 1491 456 1591 Hypasin
482 1493 672 1592 processit,
698 1490 980 1591 Hephaestione,
1016 1495 1076 1590 qui
1103 1494 1282 1568 diversam

12 1607 226 1704 aregionem
253 1605 462 1703 subegerat,
496 1605 694 1677 coniuncto
746 1602 911 1701 Phegeus
947 1614 1024 1676 erat
1057 1607 1173 1701 gentis
1200 1633 1280 1705 pro·

38 1718 155 1790 ximae
183 1740 269 1788 rex:
297 1715 375 1812 qui,
400 1716 631 1814 popularibus
658 1715 731 1786 suis
759 1716 874 1788 colere
901 1740 1022 1811 agros,
1050 1725 1091 1787 ut
1117 1742 1281 1792 assueve-

39 1840 135 1919 rant,
163 1827 290 1916 iussis,
317 1825 525 1899 Alexandro
551 1851 632 1898 cum
658 1824 760 1898 donis
777 1828 957 1916 occurrit,
984 1826 1071 1898 nihil
1097 1827 1193 1923 quod
1219 1829 1280 1901 im·

39 1949 181 2036 peraret
212 1937 427 2010 detrectans.
1115 2006 1118 2011 .

10 2068 22 2115 7.
135 2049 301 2123 Biduum
327 2048 423 2146 apud
449 2074 531 2123 eum
550 2047 710 2120 substitit
735 2074 817 2121 rex:
845 2049 952 2122 tertio
979 2046 1036 2122 die
1056 2074 1197 2123 amnem
1224 2075 1279 2123 su·
1308 2054 1329 2124 7

36 2309 198 2383 nonpotest
216 2300 399 2372 grammatice,
426 2299 476 2354 nisi
494 2317 552 2354 cum
569 2315 645 2370 prae
678 2315 726 2368 vr,
754 2319 775 2355 e.
795 2308 824 2354 17
845 2319 866 2354 s.
885 2306 935 2367 21,
963 2318 985 2354 e.
1003 2307 1036 2356 20
1054 2319 1073 2354 s.
1092 2308 1137 2365 23,
1165 2308 1235 2355 certe
1252 2301 1280 2354 in

78 2390 125 2425 ssrs
140 2369 331 2435 1οοιιίιιιιιιειιέ.
375 2370 435 2434 Quo
460 2370 529 2423 facto
555 2376 644 2422 tamen
678 2377 765 2423 textu.
823 2368 1012 2424 Curtianorum
1046 2370 1174 2424 librorum
1207 2370 1280 2424 Flor.

57 2441 156 2518 nguida
191 2447 222 2491 et
250 2437 406 2492 inconcinna
433 2439 479 2491 fiet
509 2437 642 2508 periodus,
676 2439 753 2491 ABD
771 2439 909 2507 Hypasin,
928 2437 1001 2492 Leid.
1028 2439 1104 2492 Voss.
1133 2445 1145 2490 1
1166 2446 1180 2492 2
1199 2439 1279 2492 Bern.

33 2525 79 2562 nee
95 2509 160 2562 satis
179 2506 329 2578 perspicua.
355 2507 458 2560 Deinde
472 2525 503 2558 ex
520 2508 640 2572 biamus,
675 2508 701 2559 A
732 2507 853 2575 Ypasin,
889 2507 984 2578 reliqui
1010 2508 1096 2561 nostri
1114 2510 1209 2576 iprasim
1234 2514 1280 2561 aut

32 2576 93 2630 editi
115 2596 148 2630 ea
173 2579 218 2629 iia.
260 2575 326 2629 Post
352 2593 411 2628 mss.
438 2592 527 2629 omnes
554 2577 640 2639 anius,
675 2576 772 2644 quasia
808 2576 904 2646 Itaque
930 2575 1086 2629 tutissimum
1104 2586 1145 2629 est
1166 2577 1280 2630 scribere

32 2645 112 2700 Aldus
130 2652 292 2700 correxerat
307 2662 383 2697 unus.
408 2644 468 2697 Hoc
480 2644 556 2710 bene,
574 2642 641 2695 sieut
674 2645 808 2712 Hypasin,
822 2661 981 2715 quamquam
989 2645 1079 2697 neseio
1090 2653 1177 2698 utrum
1186 2645 1280 2698 omissa

32 2713 93 2766 illud
119 2714 193 2767 male
222 2713 298 2782 quod
324 2730 380 2765 cum
402 2711 498 2779 edidit,
526 2729 585 2764 cum
611 2710 640 2764 in
674 2711 801 2782 aspiratio
819 2713 1168 2767 consuetudini-Latinorum
1185 2731 1219 2765 an
1237 2730 1279 2766 er·

31 2782 195 2853 principibus
220 2792 274 2834 tam
297 2779 396 2834 fuisset.
438 2780 497 2833 Nec
519 2779 639 2848 intelligo
674 2779 729 2833 rori
752 2778 919 2834 librariorum
941 2780 1093 2835 ascribenda
1114 2781 1155 2834 sit.
1195 2780 1279 2833 Aldus

32 2852 221 2922 quidModius
240 2849 364 2917 voluerit,
401 2849 428 2901 ui
445 2850 522 2902 anius
540 2848 641 2902 diceret
674 2849 787 2902 dederat
804 2850 833 2900 H
867 2852 949 2916 lusis,
977 2850 1023 2902 sed
1040 2865 1099 2901 eum
1117 2849 1280 2919 reliquerunt

31 2921 197 2975 asententia
215 2917 353 2990 postulari.
381 2868 472 2971 Smmo
495 2917 530 2969 ad
546 2933 640 2971 vocem
674 2916 766 2969 Iunius
788 2925 816 2970 et
864 2918 955 2981 odius,
979 2933 1064 2988 neque
1088 2935 1137 2970 nos
1155 2918 1278 2987 vulgatae

32 2993 103 3044 cuais
122 2989 231 3043 facilius
249 2985 409 3056 intelligitur
426 2988 546 3049 alicuius,
563 3002 641 3056 quam
675 2985 845 3039 obstabimus.
889 2985 978 3039 Hodie
1003 2993 1113 3039 vocatur
1139 2985 1220 3051 Bias,
1251 2984 1279 3037 in

31 3057 201 3112 coniunxeris
220 3074 254 3109 ex
271 3058 312 3109 hic
334 3057 377 3123 qui
394 3065 564 3108 assueverant
582 3056 640 3106 tali·
676 3069 754 3123 quem
763 3055 909 3121 Hesudrus,
928 3054 1153 3125 qucmSetledseh
1171 3059 1279 3118 vocant,

31 3127 77 3180 bas
102 3126 266 3180 ministeriis
284 3155 318 3164 -
336 3125 433 3192 coepit,
460 3121 477 3177 i.
497 3138 520 3174 e.
547 3121 640 3192 aliquis
675 3121 782 3190 incidit3
808 3122 944 3194 utriusque
966 3121 1098 3176 coniuncti
1120 3140 1200 3192 aquas
1217 3129 1279 3192 post

30 3211 64 3248 ex
84 3193 225 3248 ministris.
270 3192 300 3245 Si
321 3191 428 3262 pluralis
452 3207 574 3260 numerus
602 3207 643 3243 se·
676 3190 785 3260 longum
806 3191 921 3260 spatium
943 3191 1067 3245 Acesines
1090 3191 1184 3261 recipit
1207 3189 1280 3244 etin

32 3272 158 3334 queretur
168 3270 203 3315 ut
212 3275 267 3327 vn,
287 3267 336 3329 l,9
354 3260 454 3314 facilius
464 3260 642 3314 concederem.
675 3259 772 3312 Indum
803 3260 968 3313 transmittit.
1017 3259 1160 3324 Quaeritur
1190 3267 1280 3313 autem

64 3368 125 3403 crus
154 3349 280 3414 auellere]
320 3346 398 3400 Voss.
424 3352 436 3397 1
464 3344 536 3398 Flor.
567 3344 643 3397 CEH
677 3335 764 3381 utrum
782 3328 933 3384 Alexander
950 3329 1069 3399 Hypasin
1088 3328 1221 3381 traiecerit
1237 3346 1279 3382 su·

30 3435 109 3471 cmm
126 3413 310 3480 veneram.
330 3412 643 3466 1F10r‚1)FG10„„a
676 3414 726 3465 pra
742 3415 776 3449 an
796 3396 864 3450 infra
885 3398 1046 3451 confluentes
1071 3416 1130 3450 cum
1149 3397 1280 3450 Hesudro.

29 3489 140 3540 velleret,
393 3485 400 3493 ·
677 3466 718 3518 Ae
734 3465 798 3517 mihi
815 3465 921 3535 quidem
935 3482 969 3518 ex
984 3483 1015 3520 eo
1029 3467 1099 3536 quod
1108 3465 1207 3519 Plinius
1225 3473 1280 3518 nat.

625 3577 631 3588 .
677 3531 738 3586 hist.
755 3548 799 3599 VI,
824 3541 854 3586 17
874 3552 894 3587 s.
920 3541 951 3587 21
972 3535 1005 3587 de
1023 3535 1133 3589 Seleuco
1150 3535 1278 3589 Nicatore

64 3583 140 3648 Μ’·
161 3576 368 3658 Μ’ἷὶοψίᾱθω]
386 3575 573 3646 l⁷ulg⁰”⁶⁶'“
584 3593 642 3655 Ψέῑ·
677 3600 748 3654 ultra
764 3601 909 3655 Alexandri
927 3603 1054 3656 terminos
1077 3604 1110 3656 ad
1129 3603 1279 3656 Hesudrum

30 3650 95 3716 dem,
105 3649 154 3702 sed
162 3656 272 3701 tutiuss
306 3641 641 3697 uemurFlor.ABCLe1d.
694 3687 815 3738 wgresso
837 3670 958 3737 tradidit,
982 3689 1062 3741 supra
1085 3670 1199 3724 amnium
1217 3688 1279 3724 oon·

29 3716 146 3797 Y⁰⁸⁵n¹
178 3715 264 3794 Hem·
318 3751 324 3764 ·
368 3712 447 3776 Qu⁰d
475 3710 592 3782 seqnitur
615 3721 641 3791 fl
675 3687 786 3792 Huentes
804 3739 839 3791 ad
848 3740 1001 3810 Hydaspem
1018 3740 1102 3798 solum
1120 3739 1222 3792 venisse
1238 3736 1278 3791 vi·

29 3789 90 3839 inde
110 3800 219 3839 mcuna
241 3787 417 3835 correctorum
439 3781 539 3833 factum
555 3787 640 3860 estin
675 3806 753 3860 detur
770 3807 928 3860 Alexander·

30 3852 93 3907 edit.
110 3850 253 3907 Snakenb.
275 3856 303 3901 et
320 3847 428 3918 Bipont.
451 3856 479 3902 et
496 3865 529 3901 ex
556 3866 587 3901 ea
612 3866 640 3900 m
709 3880 731 3940 ξ,
749 3882 790 3929 36.
826 3875 956 3954 phestus]
997 3875 1093 3927 Adhuc
1121 3872 1186 3926 editi
1214 3872 1278 3926 olim

30 3919 116 3994 P1'301'9
133 3938 198 3974 mea
218 3928 242 3971 εἰ
261 3918 361 3970 deinde·
673 3942 795 4011 Pteyelis
820 3960 855 3996 ex
880 3943 1012 4014 plerisque
1041 3941 1188 4007 codicibus,
1253 3949 1278 3994 st
1337 3976 1341 3982 .

63 4017 85 4083 §.
102 4021 145 4069 35.
166 4015 209 4067 ad
216 4011 334 4081 fluuium
350 4010 485 4080 Hypasin]
522 4007 638 4062 Graecae
672 4011 777 4064 Iunium
786 4012 1066 4081 Pbeyelassecundum
1075 4009 1145 4063 Flor.
1163 4013 1193 4061 B.
1248 4027 1277 4063 os

30 4083 138 4137 nominis
152 4084 331 4137 formaesunt
348 4079 416 4132 duae
425 4079 559 4146 Hyphasis
569 4078 639 4146 apud
672 4079 728 4131 Phe
747 4098 791 4133 eus
810 4079 927 4132 dedimus
944 4094 978 4130 ex
996 4078 1069 4130 Flor.
1085 4076 1176 4130 DFGI
1194 4077 1274 4131 Pall

32 4149 185 4218 Arrianum,
222 4148 349 4226 Hypanis
375 4148 444 4201 aud
471 4143 637 4224 Strabonem,
673 4157 701 4199 et
746 4147 829 4202 iodori
851 4145 961 4201 historia
979 4155 1007 4198 et
1026 4147 1098 4224 quod
1120 4146 1277 4225 paulopost

32 4217 208 4284 Athenaeum,
226 4213 384 4282 Dionysium
391 4167 470 4269 l’erie
504 4220 561 4278 ten;
575 4213 640 4266 Dre-
672 4215 700 4268 in
718 4216 838 4270 omnibus
854 4213 1287 4269 ferecodd.Curt1amsaccusati·.

33 4286 87 4341 dori
107 4288 220 4343 codices
237 4283 344 4335 variant
368 4283 438 4338 inter
487 4284 585 4351 ypuain
611 4289 639 4334 et
673 4301 721 4337 vus
739 4285 794 4338 eius
813 4282 923 4337 nominis
950 4289 992 4360 est
1013 4282 1127 4360 lJliepea
1166 4282 1198 4334 In
1223 4282 1276 4335 tine

33 4354 60 4406 H
88 4360 178 4411 husin.
238 4350 332 4404 Tertia
356 4361 397 4407 est
422 4352 559 4420 Hypasis,
586 4366 639 4419 qua
673 4355 822 4406 detractans
831 4353 962 4422 frequentr
971 4357 1098 4402 vanetate
1107 4350 1182 4402 codd.
1192 4349 1274 4404 Pell

33 4374 126 4480 alffius
144 4426 175 4480 in
194 4427 255 4476 nat.
274 4418 332 4472 hist
350 4421 432 4476 utitur
444 4435 468 4474 11
484 4436 505 4472 e
516 4425 547 4473 73
566 4435 587 4472 s.
598 4424 638 4472 75.
672 4419 744 4474 Flor.
762 4421 826 4474 DFl
845 4428 874 4475 et
890 4417 998 4472 alterius
1015 4425 1104 4471 sectae
1122 4419 1177 4472 GE.

1051 4503 1104 4558 28*
