2926 5174
451 304 501 354 na
528 304 656 356 onsr1s
683 303 792 354 max.
819 305 869 373 1v,
897 301 942 354 aa.
1256 291 1328 363 153

96 489 181 561 circa
217 511 355 583 equum
385 483 582 560 Alexandri
613 485 785 584 pendenti
818 485 947 584 magis,
981 511 1088 582 quam
1122 489 1258 563 volanti
1284 493 1327 565 si·

95 598 177 670 milis
206 597 384 694 apparuit.
423 594 529 671 Certe
554 606 658 672 vates
683 595 907 687 Aristander,
933 598 1016 670 alba
1041 608 1142 674 veste
1168 600 1325 693 indutus,

95 717 124 781 et
147 706 287 779 dextra
311 707 512 804 praeferens
537 707 714 798 lauream,
739 708 911 781 militibus
935 708 973 781 in
998 734 1157 807 pugnam
1180 711 1326 787 intentis
1364 765 1367 771 -

93 843 189 891 avem
215 817 452 908 monstrabat,
477 816 576 890 haud
601 816 750 891 dubium
775 817 945 901 uictoriae
958 820 1163 917 auspicium.
1195 819 1326 918 Ingens

92 953 167 1026 ergo
201 926 371 1000 alacritas
403 937 440 1000 et
471 925 604 1000 fiducia
636 929 744 1027 paulo
779 938 864 1002 ante
902 930 1046 1004 territos
1082 931 1244 1005 accendit
1278 932 1326 1006 ad

91 1063 254 1136 pugnam,
281 1037 403 1133 utique
429 1048 620 1136 postquam
646 1039 771 1137 auriga
790 1037 909 1130 Darei,
935 1041 996 1136 qui
1020 1049 1105 1114 ante
1128 1042 1246 1140 ipsum
1273 1069 1325 1117 se·

91 1149 168 1222 dens
195 1172 315 1245 equos
341 1150 504 1246 regebat,
530 1149 635 1223 hasta
655 1146 858 1224 'transfixus
885 1160 950 1224 est.
990 1149 1077 1235 ,Nec
1103 1163 1166 1225 aut
1192 1152 1325 1228 Persae

91 1269 142 1331 aut
174 1256 397 1333 Macedones
435 1259 660 1352 dubitavere,
700 1263 785 1359 quin
825 1262 901 1359 ipse
942 1285 1009 1334 rex
1047 1272 1143 1335 esset
1177 1265 1323 1338 occisus.

91 1369 174 1468 Ergo
199 1369 352 1466 lugubri
376 1370 514 1443 ululatu
540 1382 578 1445 et
590 1372 772 1447 incondito
797 1374 952 1446 clamore
976 1374 1183 1470 gemituque
1209 1385 1325 1448 totam

91 1481 149 1554 lere
184 1481 307 1553 aciem
338 1479 455 1554 adhuc
488 1506 604 1580 aequo
630 1481 747 1558 Marte
778 1483 1015 1582 pugnantium
1048 1484 1241 1558 turbavere
1267 1510 1323 1559 co·

92 1593 176 1688 grati
201 1590 321 1664 Darei
352 1600 389 1663 et
423 1591 603 1689 armigeri:
637 1593 850 1692 laevumque
885 1620 1006 1669 cornu>
1027 1594 1064 1667 in
1080 1595 1212 1692 'fugam
1238 1597 1323 1670 effu·

94 1727 156 1776 sum
187 1703 411 1776 destituerat
443 1728 603 1793 crurum,
636 1730 743 1802 quem
775 1732 796 1779 a
831 1704 962 1779 dextra
995 1715 1099 1802 parte
1131 1706 1252 1803 stipati
1286 1707 1324 1780 in

94 1814 236 1888 medium
257 1839 396 1912 agmen
421 1826 642 1913 receperunt.
699 1814 838 1889 Dicitur
864 1815 1006 1888 acinace
1033 1815 1156 1889 stricto
1182 1814 1323 1890 Dareus

95 1922 282 2015 dubitasse,
321 1949 367 1996 an
399 1924 504 2023 fugae
541 1924 696 2000 dedecus
727 1926 880 2000 honesta
913 1936 1030 1999 morte
1055 1927 1196 2002 vitaret.
1251 1925 1324 2001 Sed

93 2037 234 2110 eminens
266 2059 377 2107 curru
400 2036 561 2109 nondum
586 2063 730 2110 omnem
756 2063 903 2112 suorum
928 2036 1041 2110 aciem
1066 2037 1201 2135 proelio
1221 2062 1322 2111 exce·

94 2143 219 2221 dentem
258 2145 457 2220 destituere
500 2148 742 2242 erubescebat.
809 2145 975 2243 Dumque
1014 2149 1108 2222 inter
1147 2173 1248 2246 spem
1285 2160 1323 2223 et

94 2252 369 2355 desperationem
393 2257 558 2348 haesitat,
584 2259 716 2333 sensim
742 2258 875 2332 Persae
901 2258 1087 2351 cedebant,
1115 2269 1152 2333 et
1176 2260 1320 2335 laxave-

93 2380 152 2441 rant
177 2367 343 2444 ordines.
396 2366 613 2458 Alexander,
640 2378 779 2441 mutato
807 2391 910 2464 equ0,
938 2370 1069 2468 quippe
1096 2371 1215 2469 plures
1242 2372 1320 2443 fati-

93 2490 229 2570 gaverat,
245 2479 494 2552 resistentium
520 2478 673 2552 adversa
699 2504 762 2551 ora
788 2478 956 2570 fodiebat,
970 2480 1182 2577 fugientium
1207 2492 1319 2580 terga.

92 2581 214 2688 lamque
243 2615 325 2661 non
350 2613 490 2686 pugna,
527 2587 591 2663 sed
618 2589 744 2663 caedes
773 2598 868 2680 erat,
904 2614 986 2662 cum
1011 2589 1150 2664 Dareus
1178 2617 1319 2689 quoque

92 2720 211 2774 curum
247 2724 360 2773 suum
392 2699 429 2771 in
462 2700 583 2797 fugam
610 2701 728 2773 vertit.
779 2700 963 2774 Haerebat
987 2701 1025 2773 in
1050 2703 1160 2798 tergis
1185 2703 1320 2798 fugien-

92 2807 158 2886 tm
181 2814 327 2887 victor:
355 2809 419 2882 sed
444 2821 673 2921 prospectum
700 2811 885 2885 oculorum
910 2812 1024 2885 nubes
1041 2810 1211 2910 pulveris,
1230 2837 1321 2906 quae

91 3038 134 3080 tum
151 3048 209 3098 occ,
239 3028 320 3110 quod
343 3026 373 3080 in
396 3026 473 3080 Voss.
502 3034 517 3081 2
544 3025 682 3081 inventum
717 3027 821 3082 lFlor.
838 3027 878 3095 A,
905 3044 921 3079 a
964 3044 999 3080 ua
1020 3026 1150 3098 scriptura
1166 3043 1220 3080 non
1238 3025 1321 3081 disce·

93 3088 155 3149 Surb
173 3107 288 3153 notavit.
326 3093 436 3148 Modius
461 3093 544 3148 edidit
564 3114 617 3150 aon
640 3114 682 3150 so·
716 3097 784 3149 dunt
798 3095 903 3149 Flora
921 3102 950 3149 et
983 3096 1074 3149 ernA
1091 3094 1141 3148 nisi
1176 3095 1320 3150 uodcorau

93 3162 138 3215 auu
151 3195 182 3207 -
195 3186 257 3222 noa.
284 3165 344 3218 Sed
362 3164 439 3218 codd.
456 3162 528 3217 Flor.
546 3181 636 3218 omnes
653 3172 682 3218 et
716 3163 852 3218 omittunt.
885 3162 978 3217 Editio
994 3164 1129 3235 princeps,
1178 3179 1229 3231 en,
1246 3162 1320 3231 Ald,

94 3235 184 3302 uterque
197 3235 285 3289 Bern.
303 3230 383 3286 Leid.
401 3231 477 3286 Voss.
497 3239 509 3285 l
528 3250 577 3302 pro
594 3234 682 3286 sonita
715 3232 775 3286 Iun.
793 3234 943 3313 laevumque
964 3241 1063 3287 tuentes
1084 3250 1165 3286 coma
1183 3233 1212 3287 ia
1219 3234 1320 3302 sapam

93 3297 193 3356 albent
222 3320 302 3358 sono.
351 3299 451 3370 Aptius
482 3316 545 3353 sane
576 3299 682 3355 videtur
716 3304 826 3370 affusam
836 3303 1015 3366 destituerunt,
1033 3301 1068 3354 ad
1101 3317 1163 3354 uam
1180 3299 1321 3355 lectionem

91 3372 328 3427 ammanitas
347 3369 487 3423 tutdlttiu
505 3386 681 3439 quumsonus
716 3386 783 3422 unus
800 3367 908 3422 Frons
924 3368 1066 3437 accedito
1117 3368 1213 3424 omisso
1231 3387 1320 3423 cornu.

91 3435 118 3489 lu
131 3439 194 3505 teu,
220 3439 274 3494 sed
297 3452 390 3508 neque
406 3435 457 3490 hoc
473 3435 610 3507 ineptum,
633 3454 682 3491 nec
715 3437 822 3508 quius
851 3436 986 3507 ceterique
1016 3445 1078 3508 post
1107 3454 1168 3491 eum
1198 3440 1320 3508 lowoqae

91 3499 156 3568 daca
170 3509 313 3563 anfractus
332 3521 429 3560 vocum
438 3506 680 3597 sonitu79emitu.
716 3523 797 3558 corna
810 3507 869 3585 ias.
879 3508 962 3575 effm
979 3508 1161 3573 destituerunt,
1170 3506 1321 3561 coniectura

111 3600 130 3667 l.
151 3607 190 3656 2⁷.
234 3617 326 3656 avem·
346 3598 510 3651 monstrabat
534 3616 583 3668 pro
608 3598 681 3669 vulg.
715 3573 804 3644 ΡΟίίιιε
821 3591 870 3641 ¹¹⁸¹,
888 3591 969 3694 amm
985 3575 1056 3654 qtlod
1074 3574 1106 3637 iu
1119 3575 1194 3629 codd.
1212 3575 1320 3646 invene·

91 3672 218 3724 umaavit
237 3669 321 3724 codd.
339 3683 432 3720 omnes
449 3666 483 3718 de
500 3667 618 3736 eoquod
628 3685 682 3720 non
715 3642 1125 3723 flnl⁰¹l¹¹iflfiss¹l>11¹¹¹¹0¹¹t⁹ffi
1155 3643 1227 3697 Nm
1244 3645 1319 3697 dete·

91 3737 148 3790 ..1
163 3737 237 3805 s...
258 3737 309 3790 r
327 3735 416 3788 f...
433 3750 481 3804 p..
497 3733 681 3816 arro·
714 3709 861 3832 artu
878 3711 1319 3832 transientes·

91 3812 121 3868 ,Μ
138 3805 344 3877 perseverabat,
372 3801 457 3855 multo
483 3803 680 3872 significantius.
863 3820 869 3833 ·
954 3818 961 3846 ν
1310 3817 1319 3845 ν

91 3872 162 3996 Q
156 3875 247 4012 32³1&
258 3870 433 4007 {ogtfiffiq
443 3869 528 3923 nostri
545 3887 635 3924 omnes
652 3880 681 3924 et
714 3845 1318 3984 {lqzvoccoquogaacpffuqix-Feorcqqnssemloss

109 4035 129 4102 l.
149 4041 191 4091 29.
231 4051 299 4104 erqo
326 4032 437 4102 lugubri
462 4031 564 4084 ululata
590 4046 680 4084 omnes
715 3984 864 4104 mmm
889 3984 918 4035 in
934 3984 1033 4052 sulam
1058 3983 1170 4050 fimum
1196 3981 1318 4034 dull-'¹⁴⁶'

91 4091 203 4183 ΜΨ
216 4100 390 4186 .⁰¹¹¹¹¹‚⁹¹¹¹g⁰
404 4097 498 4180 (ΜΡ
506 4098 593 4168 ΜοόΛ)
607 4106 682 4169 P02l·
751 4090 834 4186 5:3¹·
870 4121 930 4172 dam
948 4135 980 4172 ae
997 4119 1065 4171 inter
1081 4115 1164 4184 span]
1188 4114 1318 4184 copulam

91 4178 154 4293 spat?
165 4176 358 4227 comunctrone
377 4168 483 4237 laqubrt
501 4183 561 4238 erpo
579 4168 681 4221 ululatu
715 4135 1032 4266 wnogioeritnpffoffim'
1055 4190 1174 4263 qutoeflt
1195 4183 1224 4236 in
1241 4184 1317 4262 cpdd·

149 4280 155 4293 ·
715 4261 820 4324 opt1mis
846 4263 874 4307 et
899 4272 927 4307 m
948 4260 1014 4306 vett.
1032 4250 1218 4304 edrtronrbusl
1262 4259 1316 4318 tur,

107 4322 200 4378 beura
218 4341 307 4377 cornu
328 4342 366 4362 ·-
389 4321 500 4390 ficuum
527 4321 680 4373 destituerat
714 4340 767 4374 non
784 4338 847 4375 sane
863 4320 992 4392 intelligo.
1009 4319 1093 4373 Deest
1110 4318 1236 4371 tamenin
1267 4317 1317 4372 lor.

91 4393 184 4464 tuma]
219 4391 269 4446 Sic
295 4389 375 4445 codd.
398 4386 493 4459 optimi
510 4386 584 4440 Leid
602 4387 679 4441 Voss.
713 4389 810 4443 DEFL
1375 4399 1378 4406 ·
