2926 5174
498 334 546 382 nn
574 332 700 384 ersus
726 318 835 383 Anax.
861 334 941 402 vm,
962 329 1004 378 ss.
1297 312 1370 383 403

136 515 312 589 danorum
331 518 495 613 sepulcra
514 518 792 615 comprehendit.
832 517 988 592 Vetusta
1013 512 1121 590 cedro
1140 524 1243 587 erant
1269 514 1373 604 facta,

135 637 417 725 conceptumque
443 627 561 726 ignem
587 629 658 700 late
684 629 818 720 fudere,
845 627 959 702 donee
978 627 1097 701 omnia
1123 626 1200 699 solo
1220 637 1374 722 aequata

105 749 229 813 esunt.
283 736 331 811 Et
358 763 405 810 ex
431 739 520 811 urbe
552 740 706 837 primum
738 766 867 813 canum
897 739 1065 831 latratus,
1106 737 1234 811 deinde
1268 738 1375 811 etiam

135 850 319 923 hominum
344 849 506 921 fremitus
532 851 675 923 auditus
710 862 774 925 est.
828 851 920 924 Tum
952 863 989 924 et
1020 849 1189 950 oppidani
1223 849 1375 938 hostem,

93 981 121 1028 10
137 973 173 1037 et
197 960 414 1034 Macedones
440 961 487 1033 ad
513 963 640 1035 urbem
665 963 761 1060 ipsos
789 964 929 1037 venisse
949 972 1179 1062 cognoscunt.
1232 961 1381 1060 lamque.

137 1099 202 1147 rex
236 1073 414 1147 eduxerat
429 1074 582 1170 copias,
623 1086 660 1148 et
693 1076 835 1149 moenia
867 1075 1072 1165 obsidebat,
1113 1098 1193 1145 cum
1219 1070 1402 1146 hostium'

140 1188 197 1283 qui
229 1184 421 1258 discrimen
456 1195 722 1283 temptaverant
755 1187 874 1259 obruti
906 1187 986 1259 telis
1021 1195 1113 1257 sunt.
1173 1182 1261 1256 Aliis
1295 1209 1381 1283 ergo

140 1296 372 1386 deditionem,
406 1296 484 1368 aliis
509 1323 667 1396 pugnam
703 1299 857 1396 experiri
883 1299 1065 1396 placebat:
1103 1321 1255 1393 quorum
1281 1295 1381 1370 dubi·

139 1410 272 1505 tatione
300 1418 494 1506 comperta,
520 1409 761 1482 circumsideri
786 1421 928 1483 tautum
948 1436 1020 1501 eos,
1047 1420 1085 1482 et
1110 1408 1282 1480 abstineri
1308 1435 1384 1483 cae-

141 1519 241 1594 dibus
269 1521 384 1593 iussit.
437 1518 668 1616 Tandemque
700 1520 895 1594 obsidionis
920 1523 1024 1593 malis
1050 1521 1189 1618 fatigati
1216 1517 1386 1594 dedidere

92 1652 124 1699 11
142 1658 187 1706 se.
239 1632 276 1705 A
302 1602 435 1704 Liberd
459 1628 568 1704 Patre
608 1632 770 1704 conditos
810 1659 849 1707 se
886 1657 964 1705 esse
1000 1632 1180 1720 dicebant3
1222 1642 1259 1704 et
1298 1657 1386 1705 vera

96 1732 228 1816 u'haec
255 1744 358 1840 origo
385 1751 473 1813 erat.
527 1739 603 1815 Sita
629 1754 685 1816 est
711 1745 778 1816 sub
804 1744 983 1818 radicibus
1010 1743 1151 1832 montis,
1181 1767 1287 1839 quern
1313 1741 1386 1814 Me·

142 1879 205 1926 ron
238 1854 379 1927 incolae
411 1853 603 1950 appellant.
656 1853 745 1927 lude
782 1852 908 1929 Graeci
948 1851 1141 1927 mentiendi
1173 1864 1317 1928 traxere
1349 1855 1387 1926 li-

144 1967 315 2056 centiam,
342 1964 437 2038 lovis
464 1965 593 2036 femine
619 1963 788 2039 Liberum
813 1965 960 2041 Patrem
986 1990 1064 2038 esse
1091 1966 1254 2038 celatum.

91 2093 128 2143 11
242 2076 341 2167 Rex,
382 2077 453 2149 situ
480 2076 611 2148 montis
638 2078 781 2174 cognito
816 2103 863 2151 ex
888 2078 1028 2168 incolis,
1069 2102 1150 2148 cum
1182 2086 1260 2149 toto
1287 2077 1437 2149 exer-36

145 2188 222 2280 citu,
248 2188 456 2286 praemissis
484 2189 751 2279 commeatibus
778 2189 949 2263 verticem
970 2189 1045 2262 eius
1066 2186 1234 2261 aseendit.
1274 2186 1389 2259 Multa

145 2297 277 2371 hedera
304 2300 459 2396 vitisque
480 2309 558 2372 toto
577 2300 734 2398 gignitur
761 2312 899 2391 monte;
927 2300 1060 2373 multae
1079 2325 1253 2397 perennes
1274 2322 1388 2395 aquae

91 2425 130 2474 14
144 2421 300 2483 manant.
343 2409 539 2484 Pomorum
566 2436 706 2508 quoque
732 2413 822 2485 varii
842 2412 1074 2508 salubresque
1100 2400 1188 2483 suci*
1202 2421 1296 2500 sunt,
1324 2433 1390 2481 sua

145 2532 271 2619 sponte
289 2521 528 2594 'fortuitorum
556 2524 731 2595 seminum
756 2525 877 2622 fruges
904 2524 1013 2596 humo
1040 2523 1230 2595 nutriente.
1283 2509 1390 2594 Lauri

91 2648 130 2698 ¹5
145 2634 375 2730 baccarisque
400 2632 514 2704 multa
539 2632 576 2704 in
603 2633 670 2706 illis
696 2635 845 2732 rupibus
874 2635 1025 2731 agrestis
1054 2644 1109 2706 est
1135 2634 1233 2705 silva.
1275 2630 1391 2705 Credo

146 2745 327 2842 equidem,
354 2768 428 2816 non
454 2742 577 2817 divino
603 2746 788 2837 instinctu,
822 2746 886 2820 sed
912 2745 1059 2819 lascivia
1086 2768 1165 2816 esse
1191 2752 1393 2840 provectos

147 2866 185 2927 ut
209 2856 350 2955 passim
376 2854 531 2929 hederae
558 2881 599 2929 ac
625 2846 753 2931 vitium
778 2858 863 2930 folia
888 2855 1137 2954 decerperent,
1169 2853 1393 2949 redimitique

91 2978 130 3033 11
146 2966 271 3042 fronde
297 2978 380 3040 toto
413 2992 560 3041 nemore
586 2970 718 3043 similes
749 2969 1007 3044 bacchantibus
1040 2974 1268 3065 vagarentur.
1320 2960 1393 3036 Vo-

182 3221 288 3274 odcum
306 3218 377 3290 ignis
395 3218 525 3290 congestis
542 3218 620 3291 lignis
633 3227 754 3292 augetur,
789 3238 834 3274 seu
862 3223 1023 3290 permissam,
1056 3218 1131 3273 Lcid
1163 3217 1235 3271 Flor.
1267 3214 1396 3270 ABcEH

180 3306 249 3342 mma
284 3287 420 3341 excitatur
443 3287 541 3356 maior,
577 3289 666 3360 itaque
696 3289 754 3360 ipso
789 3293 865 3344 Voss.
884 3296 899 3343 2
918 3288 1041 3344 Bern.B
1068 3305 1128 3340 cum
1146 3284 1305 3341 editionibus
1322 3285 1397 3356 prin·

149 3357 202 3428 igni
219 3357 304 3411 etiam
322 3355 411 3410 ulitur.
789 3357 907 3429 cipibus,
930 3359 1013 3413 Bern.
1031 3356 1057 3409 A
1080 3374 1152 3428 apr.
1170 3374 1205 3409 m.
1228 3355 1336 3409 exhibet
1357 3372 1398 3408 se-

179 3430 202 3492 s.
214 3433 255 3480 10.
266 3427 393 3479 dedidere
402 3424 555 3546 seqdedere
563 3444 591 3479 se
600 3425 755 3480 LeidVoss.
788 3429 932 3497 pentinum,
955 3428 1004 3483 sed
1021 3425 1206 3497 suprascriptis
1232 3443 1250 3477 u
1268 3431 1297 3478 et
1321 3442 1336 3477 r
1353 3440 1398 3476 sea

147 3499 258 3548 lBern.
278 3493 305 3546 A
323 3511 365 3564 pr.
383 3511 418 3545 m.
459 3493 507 3546 lor.
526 3493 652 3548 ADFGI.
788 3498 943 3566 persalsum.
987 3499 1084 3565 Itaque
1105 3493 1230 3547 Heinsius
1255 3494 1281 3547 h.
1300 3494 1317 3547 l.
1338 3509 1398 3562 yer-

179 3565 201 3632 §.
221 3570 263 3617 12.
283 3563 383 3615 Meron
397 3563 496 3616 incolae
526 3563 664 3616 Memoron
680 3562 757 3616 Leid.
789 3567 888 3619 minum
914 3565 992 3620 scribi
1019 3563 1113 3617 voluit.
1165 3563 1278 3617 Videtur
1310 3569 1399 3614 tamen

146 3631 239 3685 Vossl
252 3630 541 3699 Bern.Apr.m.For.
550 3630 756 3686 ADFGIPal.1.
790 3636 917 3687 seminum
942 3634 1028 3706 (quod
1052 3633 1136 3685 altera
1154 3639 1228 3697 secta
1245 3631 1320 3684 codd.
1338 3646 1399 3682 mss.

180 3701 244 3772 Cap.
256 3707 301 3766 86,
322 3701 346 3767 ξ.
358 3705 398 3750 14.
424 3700 591 3770 salubresque
608 3702 665 3753 suci
682 3702 754 3770 sont]
790 3703 885 3768 habet)
904 3721 957 3757 non
975 3719 1032 3756 esse
1049 3701 1253 3771 reprobandum.

147 3769 210 3822 Suri
227 3767 343 3838 simplici
362 3783 378 3819 c
395 3774 422 3818 et
439 3767 464 3820 h.
482 3768 499 3820 l.
519 3767 621 3821 codices
638 3769 709 3835 msti,
728 3778 756 3822 et
826 3773 897 3824 lauri
915 3773 1037 3827 baccaris
1056 3787 1087 3823 ue
1109 3770 1201 3835 mallo]
1238 3766 1324 3821 Ausus
1342 3783 1400 3818 sum

147 3836 207 3891 ahbi
234 3851 348 3908 quoque
380 3835 447 3887 hanc
473 3852 529 3890 esse
573 3837 756 3893 robabiliorem
792 3839 892 3920 aliquid
910 3849 1020 3896 auctore
1062 3837 1152 3904 einsio,
1171 3854 1232 3888 nam
1258 3836 1311 3888 uod
1319 3833 1401 3914 vulo

147 3905 310 3977 scripturam
346 3910 458 3956 constat.
505 3903 576 3959 vie
603 3905 756 3987 Schneideri
791 3907 890 3989 legitur
907 3911 981 3963 lauri
999 3909 1143 3988 taceasque
1161 3915 1185 3959 et
1202 3854 1333 4022 multqurs
1347 3851 1401 3954 ellrs

147 3972 336 4122 lsttftt.
355 3979 473 4106 lull?
491 3973 618 4095 ...lull
632 3992 757 4097 ’1011
791 3976 1186 4116 1111111111ῗὲ
1189 3979 1405 4093 11118111ῗὲ

148 4110 216 4165 rllius
233 4111 317 4164 fuisse
336 4126 391 4162 non
408 4110 522 4163 adducor
539 4118 570 4163 ut
586 4113 698 4164 credam.
794 4113 894 4194 speeies
922 4115 991 4169 sicut
1014 4112 1120 4177 laurus,
1146 4111 1193 4164 sed
1217 4108 1330 4173 fructus,
1355 4122 1406 4160 nec

175 4181 356 4250 fortuitorum
382 4179 516 4249 seminum]
563 4178 634 4232 Olim
660 4180 760 4233 variam
794 4183 876 4236 silvae
893 4183 1034 4238 baccarum
1061 4178 1114 4234 dici
1136 4185 1257 4260 possunt.
1301 4177 1408 4229 Boccor

150 4248 309 4320 scripturam
333 4245 363 4298 in
385 4245 430 4298 illo
447 4245 516 4300 libro
539 4246 632 4315 fuisse,
654 4265 688 4301 ex
707 4267 760 4319 quo
794 4251 847 4305 huo
863 4253 997 4321 pertinet,
1021 4251 1119 4321 quippe
1142 4247 1248 4301 illarum
1269 4243 1409 4317 regionum

150 4316 407 4439 gagerppIadadquse
432 4317 707 4439 nudehslnthoddotls
720 4318 760 4439 vid
793 4321 896 4441 fiutpx,
915 4319 1013 4374 radicis
1027 4319 1179 4440 ,qdoradmtaa
1208 4313 1411 4436 quiidpffldmll

184 4404 247 4438 nur
289 4399 390 4438 rnrcro
416 4399 464 4436 sun
520 4423 561 4436 ..
657 4402 742 4438 .au
793 4406 920 4442 rusrcum
953 4408 969 4443 a
1007 4404 1084 4439 urus
1169 4403 1185 4439 a
1260 4401 1299 4438 arr
1389 4403 1397 4435 1

151 4425 261 4523 psuci‚’
281 4453 311 4506 in
341 4449 435 4522 quibus
466 4452 564 4523 legitur
587 4454 760 4522 fortuitorum
794 4457 897 4510 Plinius
915 4400 1244 4523 ns.lrs.xx1,s‚pli.

1157 4537 1214 4580 aa*
