2926 5174
418 291 467 342 ors
494 289 620 349 eusrrs
639 291 755 345 anax.
782 294 845 363 vn,
864 289 905 339 ro.
1217 274 1290 349 325

79 479 252 552 laustrum
279 487 314 550 et
338 478 409 552 iam
443 478 739 577 perdomitorum,
771 490 807 553 et
834 505 924 577 quae
951 478 1080 553 deinde
1106 479 1205 558 adire
1231 480 1290 556 de·

79 599 225 662 severat.
292 587 363 663 Sed
408 592 592 664 consilium
637 591 773 663 distulit
818 587 1080 688 Sogdianorum
1126 595 1290 666 nuntiata

79 702 215 791 electio,
244 726 333 797 quac
359 700 567 775 Bactrianos
594 728 735 799 quoque
761 704 882 776 traxit.
928 725 982 776 vu
1007 704 1105 776 milia
1131 704 1290 800 equitum

80 801 163 903 rant,
190 836 344 907 quorum
370 814 618 887 auctoritatem
632 810 753 887 ‘ceteri
780 815 1029 910 sequebantur.
1081 813 1289 888 Alexander

79 923 295 1021 ipitamenem
321 935 357 998 et
383 922 572 1016 Catenem,
600 923 775 1022 aquibus
802 925 834 997 ei
859 925 1012 999 traditus
1040 936 1118 999 erat
1143 924 1287 1018 Bessus,

79 1035 147 1108 raud
160 1035 293 1108 dubius
306 1037 390 1132 quin
404 1043 527 1110 eorum
553 1060 662 1134 opera
687 1035 800 1134 redigi
825 1046 975 1134 possent
998 1038 1035 1109 in
1061 1046 1288 1135 potestatem,

79 1147 116 1245 qui
137 1157 364 1220 novaverant
388 1172 461 1239 res,
496 1148 599 1220 iussit
625 1148 765 1220 accersi.
817 1147 869 1219 At
894 1149 958 1238 illi,
990 1147 1214 1238 defectioniS,
1241 1148 1289 1222 ad

79 1284 156 1355 pram
181 1258 418 1332 coercendam
438 1260 691 1348 avocabantur,
719 1270 893 1350 auctores,
919 1261 1158 1358 vulgaverant
1183 1259 1287 1351 sama,

79 1369 261 1444 bactrianos
295 1370 429 1466 equites
465 1396 596 1468 aroge
631 1393 754 1442 onmes
787 1379 829 1442 ut
861 1369 1106 1445 occiderentur
1137 1371 1287 1444 accersi:

79 1479 157 1578 idque
187 1482 402 1579 imperatum
435 1484 544 1581 ipsis,
570 1508 643 1555 non
677 1482 886 1580 sustinuisse
918 1492 1038 1556 tamen
1065 1483 1209 1579 exequi,
1242 1509 1289 1557 ne

79 1590 264 1694 inexpiabile
295 1595 332 1666 in
364 1595 553 1693 populares
592 1594 727 1667 facinus
762 1593 1002 1680 admitterent.
1054 1591 1136 1666 Non
1175 1596 1287 1695 magis

79 1700 248 1778 Alexandri
275 1707 469 1796 saevitiam,
497 1731 604 1803 quam
617 1705 718 1779 Bessi
744 1703 972 1804 parricidium
996 1705 1088 1778 ferre
1115 1707 1285 1804 potuisse.

79 1810 173 1912 ltaque
200 1842 268 1890 sua
295 1828 421 1916 sponte
447 1807 519 1891 iam
544 1827 662 1891 motos
688 1826 786 1891 metu
812 1843 950 1916 poenae
975 1816 1072 1891 haud
1099 1817 1288 1891 difficulter

79 1928 322 2003 :omitaverunt
348 1929 394 2002 ad
420 1953 528 2003 arma.

152 2040 370 2132 Alexander,
396 2041 662 2139 transfugarum
681 2040 878 2115 defectione
892 2049 1085 2141 comperta,
1099 2036 1335 2114 Craterum27

79 2146 214 2225 >osidae
243 2150 449 2253 Cyropolim
474 2153 588 2227 iubet:
624 2154 699 2252 ipse
732 2153 837 2225 aliam
864 2152 990 2226 urbem
1015 2152 1169 2250 regionis
1197 2151 1285 2225 eius·

79 2253 137 2333 lem
171 2289 304 2336 corona
343 2266 454 2363 capit3
495 2266 682 2364 signoque,
722 2273 763 2337 ut
800 2263 953 2362 puberes
992 2264 1285 2356 interficerentur,

79 2365 154 2464 leto,
183 2376 309 2472 reliqui
336 2377 372 2449 in
403 2376 575 2474 praedam
601 2400 739 2452 cessere
764 2376 928 2450 victoris:
964 2375 1050 2450 urbs
1077 2374 1197 2449 dimta
1223 2385 1287 2467 est,

221 2576 241 2611 0

79 2627 171 2679 >etiem
183 2630 398 2696 perdomitorum,
413 2640 523 2699 atquae.
553 2628 652 2682 Omnes
722 2631 745 2709 ξ.
764 2635 805 2681 14.
839 2630 926 2698 redipi
947 2638 1054 2695 possent
1077 2631 1106 2681 in
1125 2637 1287 2698 potestaten,

79 2692 132 2747 att.
154 2697 226 2750 etiam
249 2696 395 2751 coniunctis
418 2697 551 2768 particulis
577 2697 651 2750 exhi·
703 2715 731 2750 ue
755 2708 913 2750 novaverant
938 2713 989 2750 res.
1023 2696 1095 2751 Eieei
1122 2714 1203 2750 unum
1228 2714 1288 2751 ver·

79 2755 136 2828 lent,
156 2763 245 2817 deinde
261 2768 470 2835 perdomitorum
487 2766 558 2819 Flor.
576 2765 651 2833 EGI,
685 2714 703 2818 d

79 2830 117 2881 tm
139 2841 160 2884 et
183 2837 250 2902 quod
274 2833 409 2905 plerique,
435 2836 466 2888 id
490 2837 560 2905 quod
578 2834 650 2888 Flor.
685 2833 764 2887 tionis
781 2834 879 2886 flumen
896 2834 998 2886 turbat:
1022 2836 1160 2886 coercendo
1182 2836 1228 2902 qui
1241 2851 1287 2886 no-

79 2890 167 2952 DlPel.
184 2909 210 2964 1,
237 2907 275 2957 ad
291 2905 363 2973 quod
378 2902 449 2957 Flor.
466 2903 504 2970 E,
531 2913 554 2956 et
576 2921 650 2974 quem
685 2913 808 2955 caverant
825 2919 881 2967 res,
908 2919 969 2954 nam
986 2902 1059 2973 quod
1075 2901 1101 2954 in
1119 2900 1195 2954 editis
1212 2918 1287 2970 prae-

79 2959 165 3020 llor.H
181 2970 295 3024 Bern.B
314 2971 392 3025 Voss.
410 2979 436 3040 2,
458 2980 482 3025 et
498 2989 561 3042 quos
580 2972 649 3026 solus
684 2978 759 3024 teme
790 2969 896 3023 additur
925 2986 968 3023 eos
998 2969 1134 3023 meliorum
1170 2969 1288 3023 codicum

79 3026 130 3088 llos.
147 3036 182 3103 B,
208 3049 231 3092 et
256 3056 324 3111 quae
351 3039 415 3092 item
441 3039 510 3093 solus
527 3039 598 3094 Flor.
618 3040 649 3094 C.
686 3038 773 3106 (Flor.
795 3040 821 3090 A
855 3037 938 3090 Paris.
965 3037 1059 3104 trium,
1090 3036 1287 3107 Modianorum,

79 3094 126 3154 [nde
143 3106 199 3174 edit.
221 3126 260 3178 pr.
291 3109 370 3161 etiam
395 3110 600 3177 perdomitorum
626 3119 650 3162 et
685 3106 794 3160 aliorum
808 3106 879 3160 Flor.
893 3104 968 3160 an
985 3106 1112 3174 Bern.B)
1129 3105 1287 3160 auctoritate

79 3173 135 3246 ised,
150 3174 290 3230 Aldetiam
303 3178 512 3245 perdomiturum
530 3186 554 3230 et
571 3180 649 3248 quod,
684 3177 831 3230 damnatur.
866 3174 920 3229 Sed
943 3191 977 3228 ne
998 3174 1064 3228 illud
1081 3173 1187 3247 quidem
1205 3193 1286 3228 unum

79 3250 202 3310 vasense,
219 3245 366 3299 Iunetiam
378 3247 557 3314 perdomitum
575 3263 649 3315 quos,
683 3243 877 3298 Freinshemius
901 3261 929 3298 se
950 3243 1019 3307 serre
1041 3261 1118 3315 posse
1139 3243 1289 3311 contendit,

79 3305 187 3378 wieder,
209 3313 282 3368 Mod.
304 3315 383 3367 etiam
400 3316 604 3383 perdomitorum
626 3325 650 3368 et
684 3331 732 3367 nec
749 3330 799 3385 ego
816 3313 881 3379 fero,
901 3330 960 3367 cum
973 3322 1083 3384 propter
1100 3312 1234 3368 insolitum
1252 3314 1286 3367 ad

79 3387 134 3440 tuot,
158 3378 269 3435 Freinsh.
294 3381 409 3452 denique
431 3390 459 3435 et
479 3382 527 3435 rel.
550 3392 573 3435 et
594 3385 649 3436 iarn
684 3381 797 3436 activum
814 3399 831 3435 a
847 3381 952 3452 passivo
968 3381 1121 3449 transitum,
1148 3391 1205 3437 tum
1222 3399 1286 3454 pro·

79 3445 246 3503 terdomitornm
268 3459 291 3504 et
309 3468 384 3522 quos.
420 3449 521 3515 Quibus
538 3450 649 3504 servatis
683 3459 744 3522 pter
777 3450 909 3522 ingratam
947 3467 976 3504 re
1010 3450 1129 3506 titionem
1170 3450 1287 3505 eiusdem

79 3507 178 3592 lqvego
197 3536 264 3572 nunc
284 3527 361 3572 muto
385 3527 417 3571 ut
438 3535 503 3590 quae
529 3519 647 3573 scribam.
683 3519 765 3572 verbi.
801 3521 910 3573 Accersi
935 3528 964 3574 et
1005 3519 1041 3573 .l.
1065 3528 1092 3574 et
1119 3521 1199 3591 paulo
1227 3528 1287 3591 post

79 3573 181 3636 lltmmrm
197 3589 312 3642 claustra
331 3605 385 3640 non
402 3586 526 3641 dicuntur
541 3586 591 3640 nisi
609 3587 648 3642 lo-
683 3587 787 3642 codices
805 3586 933 3657 meliores,
956 3588 1038 3642 ceteri
1055 3592 1191 3659 accersiri,
1215 3588 1286 3662 quod

79 3659 155 3717 mm,
174 3661 313 3722 terrarum,
337 3673 449 3726 quorum
466 3654 553 3709 aditus
571 3663 648 3709 tuen·
682 3656 788 3709 Modius
805 3655 891 3709 edidit
908 3660 1009 3711 arcessi
1025 3658 1119 3711 nullus.

79 3717 120 3782 itt,
144 3737 191 3774 uon
216 3723 360 3778 hominum:
386 3741 428 3777 ex.
450 3743 490 3795 gr.
513 3724 647 3778 Pelusium
716 3727 740 3793 §.
759 3730 798 3778 15.
833 3727 1002 3795 culpaverunt
1022 3727 1115 3796 fama]
1152 3725 1236 3778 Doleo
1258 3724 1286 3778 in

79 3781 168 3840 deutra
185 3791 293 3862 Aepppti
310 3792 472 3859 Liviam,
491 3800 536 3859 11,
552 3793 645 3853 Corin-
681 3792 770 3864 priore
793 3792 908 3847 editione
929 3810 971 3847 me
994 3793 1142 3865 neglexisse
1160 3793 1287 3847 librorum

79 3846 123 3929 Alps
141 3858 248 3913 claustra
265 3862 439 3931 Peloponnesi
455 3860 558 3916 Velleio
580 3877 601 3929 1,
619 3869 645 3928 3,
683 3879 743 3915 mss.
758 3861 873 3915 omnium
887 3869 915 3915 et
929 3861 1072 3915 editionum
1085 3870 1204 3914 veterum
1223 3858 1286 3914 seri·

79 3911 138 3974 lltlts
164 3928 275 3991 claustra
302 3931 432 4000 Africae,
462 3930 542 3983 Floro
563 3945 603 3997 IV,
622 3937 647 3997 2,
702 3938 790 3983 turem
805 3931 901 3999 fama,
932 3948 949 3984 a
976 3948 1029 4001 qua
1055 3929 1161 3983 Modius
1186 3928 1285 3999 primus

79 3982 140 4064 Alpes
155 3995 264 4049 claustra
282 3998 379 4051 Italiae
396 3997 481 4050 eidem
498 4013 542 4066 111,
553 4006 578 4066 3,
597 3998 649 4051 elia
702 3999 801 4053 'acessit
818 3998 1000 4070 persuasitque
1014 3997 1120 4070 reliquis
1137 4005 1169 4051 ut
1177 3999 1301 4067 famam·

140 4063 310 4132 appellantur,
336 4066 418 4119 etiam
439 4075 528 4120 nostro
550 4082 591 4133 ιν,
614 4074 646 4121 33
683 4069 784 4121 darent.
820 4069 858 4121 At
883 4067 953 4120 fame
979 4066 1036 4137 ipsa
1061 4065 1167 4137 quidem
1192 4066 1286 4136 vulgat

704 2783 749 2818 um
772 2766 843 2835 quod
863 2765 891 2818 in
912 2764 985 2818 libris
1005 2764 1086 2818 etiam
1107 2765 1213 2834 optimis
1230 2783 1287 2820 ore-

79 4118 170 4182 murtro
190 4132 250 4185 Nili
272 4134 403 4188 dicuntur.
436 4134 533 4256 Itagpe
554 4138 648 4205 perdo·
682 4137 738 4190 fieri
755 4136 863 4208 aliquid,
887 4154 939 4191 non
956 4143 1053 4203 autem,
1075 4151 1134 4187 cum
1151 4134 1220 4186 fama
1240 4133 1283 4203 sit,

79 4188 173 4271 miluum
197 4208 316 4255 neutrum
336 4204 404 4275 plur.
427 4202 482 4256 inte
511 4220 572 4274 ges,
594 4222 648 4257 non
682 4221 786 4259 necesse
812 4214 854 4260 est
878 4205 1020 4275 vulgetur,
1055 4202 1103 4255 nisi
1131 4204 1198 4255 duee
1223 4201 1283 4270 sint,

79 4262 181 4332 ²qmues,
196 4267 236 4321 cui
249 4278 337 4339 aptum
352 4270 429 4325 unice
442 4282 464 4324 et
482 4290 557 4343 quae,
576 4280 647 4325 certe
682 4291 791 4344 quarum
813 4275 897 4327 altera
918 4271 995 4325 latius
1012 4279 1129 4342 vagetur.
1164 4271 1202 4324 Et
1219 4270 1284 4341 legi-

79 4333 145 4382 ΠΜ
166 4333 294 4412 ‚eleganter
323 4350 346 4394 et
373 4343 459 4412 quod,
491 4358 648 4413 quamquam
682 4350 728 4395 tur
743 4357 773 4409 x,
792 4349 817 4410 5,
841 4344 934 4413 quippe
956 4343 993 4393 ita
1006 4343 1088 4410 famei
1108 4340 1205 4394 Persae
1228 4342 1284 4393 eul-

79 4400 118 4444 ²⁰t
130 4396 219 4458 leubus
233 4405 325 4463 renem
341 4425 422 4481 quam
438 4426 510 4479 quos.
681 4421 816 4480 paverant.
1283 4443 1287 4450 ·
