2926 5174
183 286 230 356 32
652 300 686 363 o.
715 299 839 351 cuarn
864 301 950 350 num

181 513 266 561 suos
292 487 431 574 milites
457 486 579 559 iubeat
604 482 783 556 trucidari.
839 480 954 572 Quem
986 478 1115 554 deinde
1150 479 1305 577 amplius
1336 482 1415 552 nati·

181 623 292 672 onum
318 606 523 669 exterarum
550 595 702 669 salutem
728 619 830 666 suam
856 591 1075 666 crediturum
1107 591 1185 680 sibi,
1220 590 1251 661 si
1277 599 1335 662 tot
1363 591 1416 662 mi-

180 710 284 780 litum
310 705 482 804 sanguine
508 705 694 777 imbuisset
717 703 874 776 manus?
927 701 1115 774 Neminem
1142 699 1318 772 stolidum
1344 723 1437 774 con-a

181 818 299 890 silium
324 817 440 915 capite
466 816 564 888 luere
591 815 730 888 debere.
777 814 972 887 Defuturos
999 814 1103 903 enim,
1131 809 1193 907 qui
1209 811 1417 902 suaderent,

182 929 212 1000 si
238 928 391 1000 suasisse
417 927 656 1024 periculosum
682 935 787 1000 esset.
840 924 1004 1020 Denique
1030 925 1127 1022 ipsos
1155 920 1290 995 cotidie
1317 921 1416 994 adse

182 1037 352 1111 advocari
375 1038 412 1109 in
439 1037 633 1126 consilium,
664 1037 854 1132 variasque
882 1034 1079 1109 sententias
1106 1033 1235 1123 dicere,
1278 1057 1346 1106 nec
1371 1043 1414 1104 ta-

182 1173 265 1221 men
291 1148 445 1221 melioris
470 1147 555 1221 fidei
579 1147 713 1236 haberi,
741 1147 801 1242 qui
835 1144 1045 1244 prudentius
1081 1143 1243 1219 suaserit.
1301 1142 1439 1240 Itaquer

109 1273 112 1277 ’
183 1256 327 1332 Graecis
353 1259 518 1331 nuntiare
543 1259 653 1347 iubet,
679 1259 798 1355 ipsum
825 1254 969 1352 quidem
995 1255 1261 1328 benivolentiae
1285 1255 1418 1328 illorum

181 1369 314 1467 gratias
342 1394 458 1466 agere,
486 1379 654 1457 ceterum,
682 1369 711 1440 si
737 1377 834 1441 retro
861 1368 912 1440 ire
938 1375 1075 1465 pergat,
1109 1365 1208 1438 haud
1236 1364 1350 1439 dubie
1373 1390 1417 1438 re-

181 1505 293 1576 gnum
318 1480 481 1552 hostibus
507 1479 732 1550 traditurum.
785 1477 895 1550 Fama
921 1479 1016 1551 bella
1042 1486 1148 1566 stare,
1176 1485 1214 1548 et
1243 1500 1341 1567 eum,
1367 1477 1417 1573 qui

139 1670 141 1673 ,
182 1589 338 1679 recedat,
363 1591 486 1686 fugere
513 1588 620 1661 credi.
673 1588 853 1661 Trahendi
878 1614 966 1662 vero
998 1588 1082 1661 belli
1116 1588 1181 1659 vix
1207 1589 1324 1659 ullam
1350 1611 1417 1662 esse

182 1703 367 1773 rationem.
416 1700 552 1773 Tantae
580 1700 674 1775 enim
699 1699 927 1790 multitudini,
955 1700 1078 1794 utique
1106 1723 1187 1771 cum
1213 1699 1291 1771 iam
1316 1699 1441 1771 hiemat

219 1951 292 2014 quem
305 1936 398 1988 deinde
416 1937 541 2004 amplius]
565 1936 702 1990 Offensum
719 1942 786 2006 puto
821 1934 976 1988 destituitur
997 1935 1125 1988 nuntiari.
1160 1932 1234 1987 Nam
1261 1936 1328 1989 satis
1353 1933 1418 1988 hodie

183 2011 338 2073 scriptorem
354 2003 416 2057 libri
432 2004 513 2056 Bern.
534 2005 558 2056 B
576 2004 709 2059 vocabulis
726 2002 785 2057 iun-
821 2011 925 2057 constat
943 2021 995 2056 non
1013 2002 1138 2073 exiguum
1150 2020 1297 2056 numerum
1315 2004 1418 2057 locorum

140 2097 143 2105 ·
184 2071 233 2124 ctis
251 2072 323 2190 (puod
349 2072 423 2125 dedit
446 2090 519 2141 quem
542 2076 636 2127 dacum
659 2075 784 2140 amplius,
821 2072 891 2142 apud
917 2071 1057 2152 scriptores
1090 2079 1118 2124 ct
1143 2070 1245 2151 ligatae
1272 2079 1303 2126 ct
1329 2073 1418 2126 solutae

184 2139 258 2192 etin
276 2156 291 2191 e
308 2141 457 2209 profectum
474 2141 502 2193 in
519 2140 590 2194 Flor.
608 2143 635 2194 H
651 2159 724 2210 quem
744 2143 785 2194 di·
821 2139 949 2194 orationis
966 2139 1087 2205 inveniri,
1106 2138 1152 2192 ubi
1169 2139 1321 2194 infinitivus
1330 2147 1417 2194 actet-

184 2217 252 2260 ctam
270 2209 394 2275 amplias.
429 2209 496 2261 Mox
522 2211 603 2263 verbo
623 2211 734 2262 militum
757 2209 786 2261 in
820 2208 873 2261 iam
891 2225 1029 2278 suppresso
1047 2206 1195 2261 accusativo
1214 2226 1278 2262 cum
1296 2211 1374 2263 verbo
1385 2207 1416 2260 iu·

183 2292 267 2345 marg.
285 2274 356 2327 Flor.
374 2276 400 2327 D
419 2276 580 2347 adscriptum
596 2285 638 2330 est
660 2279 696 2330 ol.
716 2278 785 2330 mili·
820 2278 884 2331 bere
901 2276 1077 2346 coniungitur.
1095 2275 1165 2329 Vide
1182 2275 1275 2331 Drak.
1291 2279 1326 2330 sd
1343 2278 1416 2330 locum

183 2362 236 2409 am,
247 2361 326 2422 quam
339 2361 413 2396 suam
426 2344 604 2398 coniecturam
612 2345 785 2415 Modiuspro-
821 2347 891 2398 hunc
904 2344 972 2397 Livii
990 2359 1069 2412 xm,
1087 2351 1121 2397 24
1145 2346 1261 2399 Senatus
1287 2349 1319 2399 de
1337 2355 1416 2416 posta-

182 2411 406 2481 posurtaRadero
414 2420 442 2464 et
450 2413 630 2467 Freinshemio
638 2415 785 2483 probatam.
821 2415 883 2466 lotis
922 2412 1179 2482 Corstopiaieasium
1208 2416 1344 2468 consultus
1376 2429 1416 2465 re·

219 2482 242 2547 §.
266 2486 289 2533 6.
321 2482 347 2533 si
369 2483 487 2534 suasisse
505 2484 681 2549 periculosum
708 2485 785 2549 esset]
821 2484 981 2552 spondere
1000 2484 1037 2534 ito
1055 2483 1142 2549 iussit,
1162 2489 1190 2534 et
1208 2499 1292 2552 quem
1310 2483 1355 2536 illc
1369 2481 1415 2534 lau·

183 2548 363 2601 Periculosam
390 2567 438 2618 pro
459 2552 604 2616 periculum
622 2567 655 2602 cx
679 2568 695 2603 o
713 2549 783 2603 timis
819 2552 866 2603 dat
883 2549 1021 2602 Dukerum
1038 2551 1072 2602 ad
1089 2548 1147 2602 Liv.
1165 2565 1252 2618 xm,
1273 2558 1306 2604 15
1324 2553 1414 2620 siccum

183 2615 257 2669 libris
270 2615 344 2668 Leid.
357 2617 434 2671 Voss.
455 2618 562 2671 1Bcrn.
576 2623 602 2671 A
619 2618 691 2672 Flor.
739 2621 784 2671 dc·
819 2623 885 2672 dore
903 2618 959 2686 (vel
976 2620 1050 2685 dari)
1065 2636 1117 2687 pro
1137 2636 1179 2671 ere
1199 2621 1298 2687 iussit,
1326 2629 1353 2672 et
1369 2618 1414 2672 Ou-

184 2684 220 2750 di,
238 2683 333 2804 puibus
354 2702 388 2738 ex
414 2685 574 2757 reliquorum
590 2704 700 2740 numero
716 2705 784 2740 unm
819 2687 945 2758 dendorp.
963 2687 997 2740 ad
1015 2686 1090 2740 Caes.
1136 2685 1187 2740 .G.
1207 2702 1241 2754 11,
1261 2695 1278 2742 5
1296 2696 1363 2742 extr.
1378 2704 1414 2739 ca·

182 2760 297 2806 stater
315 2754 539 2824 seseadiungunt.
784 2774 786 2778 ⁴
819 2767 876 2810 stra
895 2759 996 2808 munire
1013 2757 1089 2808 iubet.
1113 2755 1156 2810 ef.
1175 2754 1292 2826 quaein
1310 2756 1412 2810 Grrmn

218 2823 312 2875 cotidie
329 2821 419 2893 scripsi
431 2823 616 2877 auctoritatem
625 2823 784 2893 optimorum
818 2825 879 2878 Lat.
897 2823 1087 2904 composuimus
1105 2826 1128 2892 ξ.
1139 2831 1197 2877 617.
1222 2824 1306 2889 Quod
1315 2826 1348 2879 ad
1356 2823 1412 2878 Cur·

183 2888 255 2942 Flor.
273 2889 296 2942 B
311 2891 391 2943 Bern.
406 2896 432 2944 A
450 2891 524 2945 Leid.
543 2892 648 2946 Voss]
669 2900 782 2961 secutus,
818 2892 887 2947 tium
912 2899 1019 2958 attmet,
1046 2900 1101 2945 tres
1118 2899 1181 2946 sunt
1199 2895 1276 2964 apud
1292 2910 1350 2947 eum
1359 2889 1410 2956 loci,

183 2973 295 3028 eumque
325 2959 455 3013 scribendi
489 2979 566 3014 usum
602 2960 682 3013 etiam
717 2960 784 3014 inse·
820 2961 915 3032 quibus
932 2961 977 3013 illa
995 2960 1165 3027 constructio,
1190 2962 1334 3016 dummodo
1352 2959 1408 3011 fides

183 3026 275 3146 Ἦιεητί
293 3036 564 3083 actatecommunem
580 3029 658 3082 tuisse
678 3029 785 3093 Quinti·
819 3029 895 3082 mstis
912 3028 985 3082 libris
1003 3030 1123 3082 habenda
1140 3030 1184 3096 sit,
1208 3029 1352 3085 invenitur:
1371 3025 1427 3078 bie'

202 3094 275 3148 'anus
292 3095 423 3166 significat
439 3114 460 3165 1,
481 3107 494 3151 7
522 3100 632 3152 alteram
654 3098 786 3153 rationem
820 3107 849 3153 at
867 3104 976 3168 capto,
996 3106 1020 3166 7,
1038 3097 1133 3151 tertius
1150 3112 1204 3166 vn,
1223 3106 1258 3154 33
1278 3100 1313 3152 ad
1326 3097 1373 3161 fin,
1388 3101 1411 3146 et

181 3181 248 3233 quae
261 3172 370 3233 etymon
383 3167 502 3236 sequitur
514 3167 635 3236 frigidam
647 3184 751 3221 vocans.
839 3166 893 3220 nod
915 3183 977 3219 sane
1004 3184 1057 3219 non
1083 3165 1190 3219 videtur
1216 3167 1330 3221 fortuito
1357 3162 1412 3218 aoei-

214 3236 295 3285 adse
313 3237 439 3287 aduocari
452 3238 480 3287 in
499 3237 646 3301 consilium]
665 3234 711 3288 Sic
723 3233 785 3288 libri
841 3234 892 3289 ‘se
907 3252 966 3289 cum
983 3236 1076 3287 eodem
1093 3235 1174 3288 verbo
1192 3237 1329 3290 nuntiare.
1351 3232 1412 3287 Alio·

183 3315 243 3352 mss.
261 3309 290 3352 et
307 3301 413 3369 plurimi
430 3311 458 3354 et
472 3302 591 3355 meliores
602 3301 784 3369 (etiachrn.
817 3302 883 3375 quin
899 3303 1096 3357 terminationes
1122 3302 1227 3356 activae
1254 3312 1284 3357 et
1367 3303 1412 3353 'ras

182 3369 230 3433 A),
248 3367 329 3434 vulgo
347 3372 385 3420 od
398 3387 426 3420 se
439 3372 528 3422 vocari
543 3372 571 3421 iu
585 3388 654 3422 cons.
680 3370 784 3424 Verbo·
817 3371 890 3425 vocis
906 3389 924 3425 a
944 3371 1056 3425 librariis
1082 3379 1252 3452 permutatae
1277 3372 1306 3426 vi
1324 3372 1361 3426 eri
1375 3371 1411 3422 de·

182 3451 242 3485 rum
257 3435 419 3488 abundantia
438 3438 532 3489 idonea
550 3437 583 3489 Τ.
601 3437 670 3490 Livii
693 3445 784 3492 auoto-
816 3440 921 3505 berent,
940 3441 1012 3508 quod
1029 3439 1091 3492 alibr
1108 3440 1207 3492 factum
1227 3449 1339 3494 constat
1354 3438 1411 3506 (vide

183 3501 264 3553 ritate
290 3502 353 3554 satis
379 3513 531 3571 excusatur,
561 3523 639 3576 quem
662 3506 784 3561 Draken-
817 3509 962 3577 advn,2.).
974 3508 1054 3561 Nunc
1063 3507 1096 3559 ali
1116 3508 1160 3560 uid
1169 3509 1311 3579 proprium
1323 3509 1411 3561 ineam

183 3569 273 3622 borch.
292 3571 327 3622 ad
342 3570 387 3624 lib.
397 3588 429 3639 11,
440 3579 472 3626 36
482 3573 526 3626 fin.
540 3575 568 3626 iu
574 3576 668 3644 forum
678 3578 716 3628 od
722 3593 783 3630 coa·
818 3576 898 3630 fuisse
916 3584 990 3646 puto.
1026 3525 1127 3646 Suppie
1149 3576 1234 3646 igitur
1256 3594 1354 3630 nomen
1376 3591 1410 3627 co·

184 3639 254 3690 sales
277 3641 367 3692 lectica
386 3644 505 3711 adfertur
525 3643 602 3696 docet
620 3643 707 3696 verbis
725 3662 783 3697 cum
817 3664 876 3698 rum
900 3643 1035 3698 hominum
1060 3644 1153 3714 quibus
1180 3645 1207 3697 id
1235 3646 1340 3716 negotii
1363 3642 1409 3705 fuit,

184 3722 303 3776 praepos.
329 3712 367 3761 od
388 3709 537 3780 compositis
561 3712 647 3765 denuo
674 3714 783 3766 eandem
818 3715 867 3767 hoc
884 3713 990 3783 quidem
1007 3713 1064 3766 loco
1082 3730 1238 3782 praecones,
1267 3714 1296 3767 in
1318 3709 1410 3782 reliquis

183 3774 326 3845 adiungere
352 3779 442 3832 solere.
479 3779 521 3831 De
546 3782 628 3833 verbo
655 3785 783 3834 advocare
818 3783 919 3835 duobus
945 3781 990 3903 (ὲυὶ
1017 3780 1118 3834 Graece
1141 3781 1311 3860 εἰςᾳγγελεῖς
1336 3776 1410 3852 appel·

183 3844 274 3897 confer
298 3844 414 3900 Gronov.
434 3849 468 3900 ad
485 3847 543 3900 Liv.
560 3864 645 3916 xxm,
661 3856 694 3902 48
713 3858 781 3903 extr.
817 3851 914 3903 lantur.
1403 3910 1408 3922 ,

182 3912 243 3982 Ipse
258 3913 366 3969 Curtius
384 3924 478 3983 v11,29
496 3919 631 3970 omicosin
647 3921 782 3971 consiliam
817 3918 927 3984 accedit,
953 3917 999 3970 ubi
1025 3918 1170 3971 subiect-um
1196 3917 1324 3971 infinitivi
1345 3915 1409 3971 activl

182 3985 308 4035 advocari
320 3985 397 4037 iubet.
423 3986 490 4038 Mox
507 3988 621 4039 siraserit
639 4003 673 4039 cx
690 3986 782 4057 plens·
818 3986 994 4040 exorationis
1012 4003 1083 4038 nexu
1104 3984 1359 4056 subintelligendum
1378 3986 1409 4034 eti

183 4066 234 4118 que
252 4052 326 4105 codd.
352 4053 475 4122 restitui,
496 4055 576 4124 vulgo
597 4063 658 4124 post
683 4055 783 4108 Aldum
817 4071 859 4122 vr,
880 4062 911 4108 10
928 4073 968 4125 pr.

184 4122 324 4173 suaserint.
853 4125 1049 4194 benivolentiae]
1077 4123 1214 4176 Annotoi
1236 4123 1332 4177 littera
1348 4135 1409 4175 voca·

219 4187 242 4252 ξ.
262 4194 285 4238 7.
319 4191 406 4259 doque
427 4192 539 4244 Graecis
557 4194 680 4245 nuntiare
703 4193 782 4264 iubet]
818 4193 911 4248 bulum
929 4191 1006 4244 scribi
1023 4192 1051 4244 in
1069 4191 1189 4245 omnibus
1210 4192 1312 4245 nostris
1330 4186 1409 4244 coditi·

183 4252 313 4306 Mendum
338 4260 408 4327 quod
434 4260 513 4329 pleris
533 4277 566 4312 ue
587 4260 720 4314 videbitur
742 4278 784 4314 rc-
820 4265 868 4316 bus
880 4269 908 4313 et
918 4262 958 4312 cd.
967 4261 1108 4330 pr.,Aldus
1117 4259 1216 4329 primus
1227 4262 1314 4313 benev.
1324 4254 1409 4312 maluit

184 4323 280 4375 ducere
298 4341 357 4403 cum
374 4328 464 4381 Modio
486 4278 575 4394 milui,
603 4346 681 4398 quam
707 4330 785 4382 edere
854 4335 877 4398 ξ.
897 4336 920 4382 8.
956 4331 1000 4380 via
1017 4330 1099 4381 ellam
1116 4345 1173 4394 esse
1193 4331 1336 4396 rationem]
1369 4325 1409 4403 bu·

184 4391 255 4458 quod
281 4401 439 4462 optrmorum
473 4397 601 4450 librorum
627 4397 785 4451 auctoritate
820 4399 905 4452 dibria
921 4397 1097 4465 librariorum,
1119 4412 1186 4467 quse
1204 4397 1337 4451 editiones
1353 4407 1410 4467 pnn-

971 3851 1004 3902 ed
1026 3859 1136 3920 quartus
1159 3859 1241 3902 etlam
1264 3850 1339 3904 locus
1356 3860 1409 3901 nunc
