2926 5174
128 327 131 334 -
190 279 238 352 86
612 279 616 287 ’
661 298 695 361 o.
724 299 848 350 curru
874 302 960 352 num

186 485 295 556 mitus
327 480 520 571 acciderat,
561 479 732 554 admovit.
790 479 911 556 Prima
949 509 969 558 e
1000 483 1247 559 Macedonum
1288 490 1442 566 navibusi

186 594 450 690 quinqueremis
472 592 664 667 velocitate
684 593 778 666 inter
797 602 935 666 ceteras
954 596 1114 670 eminens
1133 599 1307 690 occurrit,
1333 626 1422 696 quan

186 715 229 776 ut
254 729 474 802 conspexere
501 702 647 803 Tyriae,
680 703 774 776 duae
809 730 856 777 ex
891 704 1035 779 diverso
1069 707 1107 779 in
1139 708 1261 782 latera
1287 711 1363 785 eius
1383 713 1421 785 in·

185 825 312 904 vectae
338 824 433 906 sunt,
459 816 496 887 in
523 839 674 910 quarum
699 815 850 888 alteram
875 817 1140 913 quinqueremis
1169 817 1303 893 eadem
1326 824 1420 895 conci·

185 937 263 998 tata
289 937 326 999 et
349 927 429 1024 ipsa
454 936 573 999 rostro
599 926 672 998 icta
698 936 769 1015 est,
796 941 834 999 et
858 927 955 999 illam
980 927 1136 1001 invicem
1162 931 1295 1003 tenuit
1347 930 1441 1006 lau-i

185 1063 256 1134 que
278 1063 331 1127 ea,
358 1062 449 1134 quae
475 1063 548 1109 non
571 1036 798 1126 cohaerebat,
823 1038 936 1110 libero
954 1038 1092 1136 impetu
1114 1049 1257 1130 evecta,
1284 1042 1324 1114 in
1343 1043 1421 1116 aliud

185 1148 448 1243 quinqueremis
488 1149 583 1221 latus
618 1147 874 1239 invehebatur,
919 1174 1001 1221 cum
1035 1151 1316 1246 opportunitate
1349 1153 1420 1226 mira

183 1256 337 1330 triremis
365 1283 385 1332 e
412 1260 524 1332 classe
549 1257 750 1331 Alexandri
780 1259 819 1330 in
852 1283 931 1330 eam
965 1259 1099 1356 ipsam,
1133 1285 1230 1356 quae
1268 1263 1419 1360 quinque

182 1370 271 1440 remi
297 1370 524 1460 imminebat,
551 1380 654 1441 tanta
679 1368 716 1441 vi
741 1369 896 1466 impulsa
922 1379 993 1458 est,
1027 1382 1068 1444 ut
1094 1370 1232 1470 Tyrius
1259 1374 1418 1470 guberna·

182 1489 242 1551 tor
272 1480 310 1550 in
342 1505 442 1552 mare
477 1488 707 1552 excuteretur
734 1503 753 1550 e
780 1479 901 1577 puppi.
954 1477 1081 1555 Plures
1108 1480 1245 1557 deinde
1272 1482 1435 1558 Macedol

182 1615 270 1661 num
295 1614 407 1663 naves
434 1591 701 1687 superveniunt,
729 1599 767 1661 et
791 1615 858 1663 rex
885 1615 1027 1686 quoque
1053 1591 1201 1665 aderat:
1232 1621 1319 1668 cum
1338 1595 1416 1696 Tyrii
1457 1642 1459 1679 ;

180 1699 383 1774 inhibentes
409 1700 516 1773 remis
543 1725 650 1798 aegre
677 1700 830 1772 evellere
850 1725 991 1792 navem,
1019 1727 1110 1797 quae
1136 1702 1330 1797 haerebat,
1354 1730 1415 1805 por·
1456 1682 1459 1721 Ι

181 1821 329 1908 tumque
365 1812 485 1885 omnia
519 1811 625 1883 simul
660 1811 803 1908 navigia
828 1821 1007 1909 repetunt.
1061 1809 1269 1888 Confestim
1294 1843 1359 1891 rex
1377 1818 1414 1890 in·

179 1934 324 1996 secutus
357 1933 504 2021 portum
530 1921 673 2020 quidem
699 1921 832 1994 intrare
865 1947 939 1994 non
971 1922 1104 2020 potuit,
1141 1950 1230 2000 cum
1264 1928 1414 2026 procule

180 2035 293 2106 muris
320 2034 512 2107 missilibus
549 2042 854 2122 summoveretur,
890 2059 1002 2106 naves
1038 2045 1162 2107 autem
1197 2063 1328 2112 omnes
1358 2040 1414 2112 fere

180 2155 243 2216 aut
269 2143 455 2235 demersit,
482 2154 546 2217 aut
572 2146 674 2241 cepit.
1450 2136 1455 2143 ’

130 2251 176 2322 19
282 2254 397 2327 Biduo
434 2254 562 2327 deinde
590 2252 637 2325 ad
664 2253 820 2350 quietem
846 2252 932 2325 dato
957 2253 1144 2346 militibus,
1182 2257 1363 2358 iussisque
1383 2269 1411 2332 et
1425 2262 1459 2329 n'

179 2364 329 2436 classem
356 2374 393 2437 et
418 2364 600 2436 machinas
634 2364 767 2461 pariter
794 2361 1003 2452 admovere,
1036 2376 1077 2437 ut
1103 2366 1272 2466 undique
1300 2371 1414 2445 territis
1450 2396 1453 2403 ·

178 2474 339 2565 instaret,
366 2475 442 2571 ipse
469 2475 506 2545 in
533 2474 742 2546 altissimam
769 2482 905 2545 turrem
933 2474 1104 2566 ascendit,
1131 2477 1279 2576 ingenti
1306 2482 1415 2570 animo,

177 2585 335 2682 periculo
361 2586 506 2657 maiore.
560 2580 699 2681 Quippe
724 2584 824 2681 regio
850 2583 982 2682 insigni·
1006 2595 1043 2657 et
1069 2588 1181 2660 armis
1208 2592 1446 2690 fulgentibusll

177 2697 400 2793 conspicuus,
427 2721 520 2768 unus
547 2695 737 2792 praecipue
764 2694 844 2766 telis
871 2696 1071 2791 petebatur.
1111 2695 1163 2770 Et
1192 2699 1307 2799 digna
1329 2725 1414 2800 pror·

177 2832 238 2879 sus
272 2809 476 2904 spectaculo
510 2805 635 2880 edidit:
672 2806 806 2877 multos
834 2829 853 2877 c
880 2807 991 2878 muris
1017 2823 1298 2904 propugnantes
1322 2814 1416 2885 hasta

174 3026 340 3092 acciderent,
369 3025 440 3095 quod
465 3025 576 3077 fortasse
600 3023 780 3092 recipiendum
814 3021 898 3074 secuti
915 3021 986 3076 Flos.
1004 3023 1070 3075 DFI
1087 3025 1272 3083 incumbentes
1288 3030 1357 3082 remis
1372 3028 1414 3079 de-

174 3100 245 3159 erat,
273 3101 301 3146 et
324 3092 380 3146 sine
401 3092 567 3146 dubitatione
585 3091 741 3161 recepissem
758 3089 780 3142 si
815 3090 920 3143 derunt.
947 3091 1038 3144 Simile
1076 3092 1121 3143 uid
1138 3095 1283 3151 Acidalius
1300 3097 1415 3162 voluerat,

174 3160 282 3231 pluralis
305 3178 428 3214 numerus
451 3160 559 3214 alicuius
581 3160 691 3213 subiecti
713 3178 738 3212 v.
757 3175 780 3212 c.
814 3159 968 3225 innitentes,
992 3177 1051 3212 cum
1099 3161 1177 3215 odius
1201 3180 1239 3217 ex
1258 3165 1343 3237 aliquo
1358 3165 1416 3218 libro

168 3232 347 3298 pnpnonn'nn
371 3231 482 3282 adesset.
524 3228 589 3280 Dixi
606 3245 638 3281 ea
655 3229 688 3279 de
705 3245 735 3281 re
752 3227 780 3279 in
815 3226 924 3278 Vossl
950 3228 1027 3281 simili
1051 3230 1102 3293 (an
1119 3231 1256 3302 eademi)
1288 3236 1416 3288 inhibentes

177 3314 287 3365 gramm.
304 3296 366 3349 Lat.
386 3300 408 3364 5.
428 3303 469 3350 92.
815 3312 899 3346 remos
918 3296 1041 3349 dedisset.
1076 3297 1185 3352 Medius
1204 3301 1275 3354 nihil
1292 3319 1321 3355 se
1336 3301 1414 3356 audire

210 3367 266 3430 §.7.
285 3382 363 3431 quom
381 3375 409 3416 nt
418 3381 572 3432 conspexere
585 3365 689 3432 Tyriae,
711 3366 778 3416 duee
816 3370 909 3415 contra
931 3364 1013 3416 stulte
1037 3364 1181 3433 gloriatur:
1209 3378 1242 3423 at
1259 3370 1335 3423 illum
1350 3384 1415 3423 nemo

174 3448 206 3482 ea
224 3433 337 3500 diverso]
366 3432 455 3500 Vulgo
482 3433 557 3499 Tyrii
579 3439 607 3483 et
629 3449 642 3483 e
666 3433 779 3500 diverso,
814 3431 892 3483 hodie
909 3432 1008 3499 audiet,
1027 3443 1169 3503 postquam
1185 3436 1340 3493 Gronovius
1350 3440 1415 3494 Obsa

173 3499 219 3551 sed
238 3516 285 3550 nos
303 3516 458 3551 consensum
477 3500 552 3553 codd.
570 3499 641 3552 Flor.
660 3499 778 3553 etSnak.
813 3514 854 3565 IV,
865 3506 897 3552 26
916 3517 973 3553 rem
989 3501 1067 3571 plene
1084 3504 1210 3572 exposuit
1230 3506 1337 3578 iamque
1348 3506 1416 3561 etiem
1457 3556 1459 3561 .

173 3565 256 3619 secuti
274 3585 377 3633 sumus,
395 3585 444 3622 neo
461 3567 610 3620 dubitamus
630 3568 694 3637 quin
711 3569 779 3621 sicut
813 3567 898 3620 lexica
919 3569 1039 3638 vulgaria
1061 3570 1158 3623 docent
1182 3589 1243 3626 esse
1260 3576 1340 3628 remis
1355 3583 1415 3628 retro
1455 3586 1459 3633 t

173 3653 205 3687 en
224 3645 373 3688 transuerso
391 3635 496 3702 dicitur,
514 3636 553 3689 ita
571 3637 651 3690 etiam
664 3637 697 3688 de
706 3654 778 3689 more
813 3653 908 3688 navem
935 3637 1077 3707 impellere.
1121 3639 1194 3692 Tum
1217 3641 1365 3697 infinitivus
1383 3639 1415 3694 hi·
1456 3640 1459 3701 l

174 3703 255 3755 fuerit
281 3722 311 3755 ex
334 3707 450 3771 diverso,
475 3723 529 3757 non
551 3708 692 3758 ediverso.
728 3706 778 3758 Est
813 3704 925 3758 storicus
943 3705 1073 3775 praesenti
1092 3705 1201 3761 iunctus
1219 3711 1335 3764 offendit
1350 3708 1413 3764 Aldi-

173 3781 245 3826 certe
262 3772 346 3825 multo
362 3773 534 3843 frequentius.
562 3773 689 3828 Ceterum
697 3773 777 3825 Bern.
813 3790 877 3824 num
894 3773 1031 3840 editorem,
1042 3773 1086 3843 qui
1105 3791 1164 3828 eam
1183 3777 1219 3830 ob
1238 3796 1345 3832 causam
1361 3778 1414 3832 etel-

171 3842 197 3893 A
215 3859 286 3910 apr.
305 3860 339 3892 m.
363 3851 386 3893 et
410 3845 470 3908 din,
494 3841 574 3895 Bern.
594 3842 616 3894 B
635 3851 778 3912 utrumque
813 3843 870 3893 lunt
892 3842 1007 3895 correxit
1031 3843 1158 3911 (Vossi
1184 3849 1329 3914 evulsere).
1370 3843 1413 3900 Sed

170 3909 328 3964 vocabulum
345 3909 455 3963 omittit.
812 3908 878 3961 nihil
896 3928 1000 3980 prorsus
1018 3928 1083 3981 opus
1105 3919 1147 3964 est
1164 3915 1327 3969 mutatione.
1360 3909 1412 3968 Dixi

207 3983 230 4044 δ.
254 3984 278 4031 8.
306 3989 379 4031 tento
401 3981 427 4031 vi
448 3979 561 4048 impulso
585 3990 623 4033 est
645 3979 685 4099 oq
710 3977 776 4031 Tria
813 3993 845 4030 ea
863 3978 896 4030 de
913 3996 943 4031 re
962 3979 988 4031 in
1006 3997 1115 4048 gramm.
1133 3979 1196 4033 Lat.
1216 3985 1242 4050 §.
1262 3989 1323 4037 582.

170 4047 236 4101 haec
252 4047 334 4100 verba
351 4055 484 4117 postrema
500 4047 528 4098 in
542 4047 611 4100 Flor.
623 4047 649 4099 A
685 4054 774 4099 esunt:
845 4044 910 4116 Cap.
922 4054 963 4113 19,
982 4051 1005 4115 ξ.
1026 4055 1065 4100 10.
1084 4058 1111 4100 ut
1128 4051 1248 4117 undique
1267 4053 1364 4105 territis
1379 4050 1411 4102 in·

171 4114 224 4166 duo
241 4122 346 4167 tantum
368 4117 480 4184 impulso
499 4126 537 4167 est
562 4117 652 4168 abesse
671 4132 687 4167 a
703 4115 773 4167 Flor.
809 4117 903 4185 steret]
923 4115 1012 4184 Vulgo
1030 4117 1169 4184 utrimque,
1183 4119 1232 4170 sed
1242 4137 1334 4173 omnes
1342 4115 1410 4172 snit

172 4181 284 4249 Heinsii,
304 4183 378 4235 Leid.
396 4185 495 4236 Vossl
515 4183 583 4238 Dan.
602 4185 734 4249 dicuntur,
750 4195 776 4234 et
811 4183 885 4235 codd.
904 4192 932 4236 et
949 4192 1062 4254 uterque
1080 4185 1160 4236 Bern.
1180 4193 1209 4238 et
1228 4204 1245 4238 e
1263 4183 1409 4241 Florentinis

171 4266 262 4303 verum
279 4259 320 4303 est
338 4253 370 4303 de
387 4252 456 4304 Dan.
467 4251 511 4321 qui
521 4260 562 4305 est
571 4253 646 4305 nobis
657 4253 774 4303 BernA.
809 4251 1011 4304 ABCDGHI
1034 4254 1104 4322 quod
1121 4253 1252 4307 edidimus
1280 4258 1408 4326 praestent.
1452 4254 1459 4313 ἲ,

206 4321 227 4386 5.
247 4327 270 4373 9.
288 4321 430 4373 inhibentes
452 4322 531 4373 remis
558 4338 635 4389 oepre
658 4322 773 4385 evellere]
809 4319 936 4372 Modiana
960 4320 1092 4389 scriptura
1109 4323 1283 4376 et-instere
1305 4325 1333 4377 iu
1348 4319 1407 4376 nullo
1456 4316 1459 4333 '

171 4385 297 4458 Corrupit
314 4386 401 4441 locum
418 4396 559 4457 corrector,
579 4388 651 4442 cuius
669 4405 776 4440 manum
810 4385 880 4441 libro
897 4407 945 4442 ms.
963 4390 1034 4458 quod
1052 4388 1131 4443 sciam
1150 4389 1297 4445 invenitur.
1452 4420 1459 4479 ἓ

1456 4496 1459 4517 l
