2926 5174
490 314 539 365 nn
567 313 695 367 onsrrs
720 314 829 366 max.
856 316 907 385 m,
934 311 978 365 aa.
1297 299 1346 368 47

93 548 94 559 .
180 496 259 574 Sed
288 499 378 571 iam
406 498 469 570 illa
493 523 634 596 quoque
661 499 776 572 victor
815 499 1032 589 intraverat,
1072 500 1169 572 omni
1204 500 1349 599 quidem

102 610 266 708 opulentia
297 609 413 681 ditia.
467 606 597 705 lugens
624 610 702 683 auri
727 609 937 707 argentique
963 607 1120 706 pondus,
1153 636 1229 684 non
1253 613 1348 704 belli,

102 722 148 796 sed
167 721 352 794 luxuriae
385 728 610 817 apparatum,
638 718 858 818 diripuerant
882 720 1021 794 milites.
1081 718 1241 819 Cumque
1266 724 1349 820 plus

101 842 260 932 raperent,
291 831 448 929 passim
474 839 587 904 strata
605 841 708 903 erant
724 831 853 904 itinera
869 832 1053 904 vilioribus
1075 832 1232 922 sarcinis,
1260 858 1349 930 quas

101 942 439 1042 incomparatione
464 941 652 1013 meliorum
691 941 843 1015 avaritia
869 952 1142 1039 contempserat.
1203 942 1350 1040 Iamque

101 1055 313 1130 adseminas
345 1060 571 1150 perventum
597 1061 693 1142 erat,
721 1052 850 1149 quibus
876 1077 948 1149 quo
975 1053 1112 1127 cariora
1137 1064 1351 1128 ornamenta

103 1177 181 1256 sunt,
220 1164 443 1239 violentius
477 1160 773 1252 detrahebantur3
813 1187 860 1235 nc
886 1164 1096 1261 corporibus
1124 1162 1268 1262 quidem
1293 1165 1350 1238 vis

105 1303 135 1352 ac
152 1276 260 1351 libido
288 1271 493 1374 parcebat
553 1269 684 1347 Omnia
707 1273 856 1372 planctu
881 1275 1118 1371 tumultuque,
1145 1286 1254 1374 prout
1279 1276 1350 1349 cui·

109 1413 161 1484 que
182 1389 334 1460 fortuna
367 1394 472 1476 erat,
507 1385 751 1481 repleverant,
778 1408 845 1457 nec
871 1385 944 1456 ulla
969 1386 1077 1459 facies
1103 1386 1189 1459 mali
1215 1385 1350 1478 deerat,

111 1523 168 1571 cun
190 1523 252 1597 per
282 1521 432 1572 omnes
459 1494 601 1569 ordines
620 1505 828 1591 aetatesque
855 1496 999 1570 victoris
1026 1495 1218 1570 crudelitas
1244 1523 1286 1570 ac
1311 1498 1351 1570 li-

92 1612 195 1688 tantia
219 1615 456 1707 vagaretur.
520 1606 622 1679 Tunc
657 1630 744 1679 vero
776 1606 983 1703 impotentis
1017 1609 1182 1682 fortunae
1215 1611 1351 1707 species

104 1722 233 1820 conspici
262 1719 424 1818 potuit,
465 1742 547 1789 cum
571 1717 611 1808 ii,
653 1716 713 1814 qui
740 1743 822 1790 cum
846 1715 966 1790 Dareo
992 1719 1264 1792 tabemaculum
1290 1746 1351 1792 ex·

102 1842 306 1907 ornaverant
313 1886 324 1921 ,
361 1827 469 1901 omni
493 1829 583 1902 luxu
609 1838 647 1902 et
673 1828 856 1924 opulentia
880 1828 1111 1920 instructum,
1139 1828 1265 1902 eadem
1290 1832 1352 1902 illa

100 1943 308 2033 Alexandra
342 1938 459 2037 quasi
485 1940 599 2011 veteri
625 1936 787 2028 domino,
814 1939 1058 2011 reservabant.
1124 1936 1287 2036 Namque
1313 1940 1352 2012 id

100 2059 188 2132 solum
214 2057 427 2128 intactum
455 2049 648 2122 omiserant
674 2049 822 2139 milites,
861 2049 913 2121 ita
938 2047 1072 2121 tradito
1097 2073 1207 2140 more,
1234 2061 1276 2124 ut
1301 2051 1351 2123 vi·

100 2180 208 2244 uorem
234 2163 342 2239 victi
375 2159 478 2256 regis
505 2161 751 2243 tabernaculo.
765 2159 980 2256 exciperent.

174 2276 253 2353 Sed
295 2273 483 2349 omnium
516 2272 638 2344 oculos
672 2271 880 2366 animosque
919 2269 957 2341 in
992 2283 1105 2344 semet
1139 2262 1402 2345 averterantbb

120 2484 137 2550 ξ.
151 2489 188 2536 20.
226 2480 326 2533 uictor
360 2471 529 2540 intrauerat]
573 2469 716 2523 Editorum
749 2469 840 2522 limum
860 2470 992 2537 videatur,
1019 2477 1108 2523 tamen
1126 2471 1152 2525 in
1170 2489 1202 2526 eo
1220 2482 1260 2526 est
1278 2474 1353 2527 dissi-

98 2549 294 2604 tdditsmentum
326 2542 427 2596 bostis
456 2537 538 2592 abieci
563 2538 715 2610 postulante
748 2538 828 2605 mile,
855 2540 926 2608 quod
949 2556 1002 2592 non
1027 2538 1161 2609 integrum
1178 2541 1254 2595 colon
1271 2542 1353 2596 inter.

97 2619 151 2672 ald.
166 2632 319 2674 consensu.
748 2606 847 2660 iectum
864 2615 913 2659 cst.
935 2606 1030 2677 Itaque
1049 2619 1137 2661 costra
1156 2627 1215 2662 cnm
1232 2610 1352 2664 Freinsh.

121 2690 138 2755 ξ.
152 2696 189 2741 tl.
226 2702 264 2738 ae
298 2675 477 2749 corporibus
503 2677 605 2744 quidem
623 2677 663 2727 uis
681 2704 717 2716 -
750 2674 836 2727 delevi
861 2676 971 2728 verbum
997 2675 1189 2746 interpretandi
1212 2695 1290 2732 causa
1307 2681 1354 2732 ad-

94 2758 207 2827 porcebut]
226 2745 408 2807 Florentini
430 2743 485 2796 duo
497 2743 588 2813 optimi
597 2750 626 2796 et
635 2743 715 2795 Bern.
750 2743 877 2813 scriptum
895 2743 1056 2796 existimans.

97 2824 153 2878 Aac
167 2823 338 2894 emporibus
361 2815 488 2885 quidem,
507 2829 565 2864 cum
581 2811 663 2880 vulgo
681 2810 716 2863 sit
785 2815 808 2879 §.
827 2818 868 2865 23.
904 2814 1050 2880 impotentis
1076 2815 1207 2882 fortunae
1242 2816 1353 2934 sperica

98 2910 131 2945 sec
145 2893 301 2963 corporibus
325 2885 457 2956 quidem.
475 2879 606 2932 Nimirum
624 2878 716 2949 copula
750 2880 885 2949 Antiquae
903 2880 961 2932 edd.
979 2887 1007 2931 et
1024 2880 1100 2949 pauci
1118 2883 1193 2934 codd.
1211 2881 1318 2935 Flor.D

100 2959 190 3014 lbrariis
207 2959 376 3014 videbatur
406 2946 556 3001 necessaria
573 2965 645 3011 csse,
670 2947 717 2999 sed
751 2950 891 3016 impotens:
909 2947 1058 3000 emendavit
1075 2949 1190 3015 Modius‚
1209 2951 1355 3019 suffragan.

101 3029 160 3082 cain
174 3028 300 3099 augenda
321 3039 360 3076 re
384 3035 447 3071 non
470 3033 535 3086 opus
553 3023 605 3069 cst:
632 3015 665 3069 cf.
683 3016 717 3068 ad
751 3016 823 3068 tibus
849 3014 980 3085 plerisque
1006 3015 1144 3068 codicibus.
1193 3015 1268 3068 Idem
1294 3014 1356 3087 prist

103 3109 128 3160 x,
141 3104 177 3162 13,
194 3104 219 3151 3.
254 3095 316 3148 Sed
337 3085 452 3144 hocin
468 3084 617 3137 universum
635 3102 716 3137 anno-
752 3085 798 3153 qui
821 3100 889 3136 cum
913 3085 1003 3135 Dareo
1030 3084 1226 3135 tabernaculum
1244 3102 1355 3136 eucroc-

106 3164 155 3216 tabo
168 3165 196 3217 in
212 3163 288 3217 libris
305 3176 382 3214 mss.
403 3152 540 3207 Curtianis
557 3152 654 3224 partim
672 3154 718 3203 de·
752 3160 843 3204 cerunt
861 3150 972 3220 scripsit,
992 3149 1058 3203 sicut
1076 3150 1103 3203 in
1120 3150 1217 3203 nostris
1235 3151 1356 3205 omnibus

106 3232 241 3300 moribus,
268 3228 389 3302 partim
409 3220 494 3274 etiam
510 3221 644 3288 omnibus,
671 3239 718 3274 uec
753 3221 827 3273 codd.
846 3217 1063 3299 praeterFlor.D
1081 3219 1188 3288 legitur,
1207 3236 1267 3271 cum
1275 3220 1356 3290 vulgo

104 3328 130 3340 -
143 3304 236 3371 quidem
254 3317 312 3371 pro
333 3311 377 3348 rte
398 3291 558 3368 -quidem
580 3289 635 3342 fere
652 3305 719 3341 sem·
754 3289 789 3341 sit
806 3307 851 3357 qur
870 3298 923 3340 tum
940 3319 975 3328 —
992 3298 1189 3341 exornaverunt.
1212 3288 1281 3341 Mihi
1298 3288 1357 3359 qui-

100 3384 137 3437 per
149 3369 267 3437 exarari,
302 3363 405 3418 etiam
424 3358 473 3410 ubr
490 3356 662 3410 certissimum
679 3365 720 3410 est
754 3358 815 3409 dem
842 3363 983 3426 utrumque
1012 3355 1129 3425 spurium
1145 3357 1252 3410 videtur
1268 3364 1297 3410 et
1314 3375 1357 3411 or·

100 3439 198 3508 apuam
216 3440 326 3492 abesse
349 3429 470 3482 debere.
754 3431 812 3478 tum
829 3441 863 3476 ex
880 3424 1105 3494 praecedentibus,
1125 3426 1170 3478 sed
1185 3443 1243 3479 cum
1259 3426 1358 3495 habers
1402 3450 1405 3457 ·

124 3509 141 3575 ξ.
156 3516 194 3562 22.
242 3503 354 3560 omnia
376 3498 493 3565 planctu
511 3496 668 3563 tumultuque
685 3524 721 3535 —-
753 3501 842 3564 potest
860 3509 918 3544 eam
935 3492 1093 3545 sententiam
1116 3501 1147 3546 ut
1164 3493 1298 3548 ministros
1315 3511 1358 3548 re-

96 3578 252 3643 septos-erunt]
298 3566 413 3634 Vulgo
443 3564 529 3614 omnic
551 3565 662 3631 planctu
680 3572 720 3615 tu·
753 3562 793 3631 gis
812 3560 948 3630 significet.
983 3562 1115 3629 Impotcus
1138 3562 1244 3615 fortuna
1262 3562 1359 3617 dicitur

96 3646 206 3715 uultuque
224 3675 267 3685 -
279 3645 396 3694 castra
415 3631 590 3698 repleuerout3
609 3631 720 3683 sedant
754 3645 821 3700 quae
839 3631 873 3681 ad
889 3628 1024 3682 libidinem
1033 3629 1060 3682 vi
1068 3648 1115 3682 sua
1123 3629 1221 3697 utitur;
1239 3639 1268 3684 et
1276 3649 1359 3703 oppo-

97 3715 148 3765 omni
161 3709 374 3769 scribendum,
397 3705 447 3751 aut
465 3708 553 3750 castro
571 3698 718 3751 delendum.
754 3697 828 3751 nitur
854 3697 992 3750 constanti.
1036 3697 1134 3751 Ridere
1156 3697 1219 3752 licet
1240 3698 1358 3756 Floro

97 3774 140 3834 ru
158 3783 232 3836 enim
264 3782 322 3831 tot
354 3765 454 3822 verbis
480 3773 508 3818 ct
533 3765 637 3837 integro
663 3766 720 3820 colo
755 3766 805 3819 scri
824 3772 912 3818 turam
929 3767 1118 3834 omnipotentis.

97 3843 221 3906 interiectis
253 3838 423 3899 diducitur
449 3833 605 3887 adiectivum
627 3836 721 3887 asub·
791 3784 856 3904 §Pap
875 3841 917 3901 29,
937 3837 961 3902 ξ,
982 3841 1023 3886 24.
1059 3836 1087 3886 ta
1105 3843 1182 3888 suaet
1200 3835 1359 3901 cvertcmm]

96 3919 189 3974 stmtivo
209 3934 287 3981 suo,
317 3923 381 3962 nec
402 3920 436 3954 ea
453 3909 509 3954 tum
527 3905 612 3955 amaia
631 3913 721 3956 castra
757 3902 801 3955 Sic
819 3920 835 3954 o
854 3901 911 3954 timi
934 3903 1009 3955 codd.
1026 3902 1100 3955 Leid.
1119 3902 1196 3955 Voss.
1216 3908 1229 3952 1
1249 3901 1359 3954 Floren-

96 3981 192 4056 frisam,
213 3984 272 4040 sed
296 3987 376 4032 tota.
398 3970 490 4023 Etiam
507 3971 577 4040 quod
586 3971 722 4042 Wopken·
756 3970 806 4023 tini
843 3987 876 4023 uo
894 3969 1074 4040 antiquissimi,
1092 3970 1221 4034 Bern.A;
1245 3966 1359 4022 deterio-

97 4051 135 4107 tius
156 4057 182 4110 in
212 4043 411 4107 lectionibus
431 4037 560 4090 Tullianis
585 4039 630 4093 lib.
649 4055 680 4106 11,
699 4055 722 4092 c.
756 4055 798 4092 res
824 4041 998 4092 aduerterunt.
1032 4038 1156 4091 Editores
1182 4045 1361 4090 concuterent

98 4124 247 4195 tpag,156
278 4105 436 4170 eiusmodi
461 4105 620 4160 traiectionis
646 4107 723 4159 affert
757 4109 791 4159 de
817 4124 864 4159 suo
889 4108 1008 4160 fecerunt
1034 4105 1080 4175 (in
1101 4103 1188 4175 priore
1214 4103 1278 4156 edit.
1299 4121 1360 4159 mea

98 4201 154 4245 uem
169 4194 231 4246 lum
290 4172 452 4238 Ciceronis
474 4173 506 4224 de
523 4173 624 4243 legibus
641 4190 674 4242 11,
692 4182 721 4227 17
757 4184 888 4227 uerterant
922 4189 1011 4228 errore
1045 4169 1235 4242 typographii
1311 4171 1359 4252 ἐγ

153 4213 256 4315 bmnici
281 4263 353 4306 tum
368 4242 541 4315 perditorum
558 4245 651 4296 ciuium
669 4259 724 4295 sce·
757 4243 839 4309 male,
866 4261 927 4296 nam
952 4250 1067 4295 avertem
1093 4242 1122 4291 ia
1144 4244 1246 4293 autad
1289 4213 1361 4309 'quid

98 4271 143 4391 iiie,
158 4333 296 4384 diffessa
318 4329 400 4391 meo,
419 4309 573 4388 relipioaum
590 4314 650 4364 iuro
659 4313 724 4390 pol·
757 4319 831 4364 recte
848 4311 899 4364 dici
926 4328 985 4364 cum
1001 4306 1077 4359 focile
1095 4305 1276 4386 intelligatur,
1302 4315 1361 4360 tum

102 4390 141 4449 lua
153 4407 225 4468 gum,
246 4395 403 4466 quamvls
421 4393 506 4448 pruno
522 4387 629 4450 aspectu
646 4378 725 4433 simil-
758 4380 919 4433 illustratum
936 4384 977 4432 est
994 4393 1011 4429 s
1027 4375 1125 4443 mulus,
1144 4390 1186 4428 ex.
1201 4393 1241 4446 gr.
1258 4393 1275 4429 a
1291 4373 1361 4429 Drs-
