2926 5174
49 283 97 355 72
520 305 553 367 o,
582 304 706 356 cunrn
731 305 816 356 num

45 499 149 581 runt,
181 501 224 563 ut
254 513 393 586 regem,
437 512 544 585 quem
575 484 694 586 Syria,
728 513 834 584 quem
864 486 1048 563 Phoenice
1087 496 1275 591 recepisset,

46 604 115 700 ipsi
150 626 291 698 quoque
327 600 453 674 urbem
485 601 620 672 intrare
650 608 871 697 paterentur.
922 599 976 672 At
1010 601 1064 673 illi
1097 603 1178 676 loeo
1204 609 1294 681 satim

45 713 112 803 fisi,
140 711 363 785 obsidionem
388 711 482 784 ferre
508 710 752 783 decreverant.

103 914 106 922 Ι
148 821 311 919 Namque
345 823 471 897 urbem
503 847 526 894 a
551 821 747 894 continenti
782 830 952 917 quattuor
986 821 1193 898 stadiorum
1223 829 1275 901 sre-

46 947 125 1008 tum
150 932 297 1007 dividit:
322 933 446 1006 Africo
471 934 627 1006 maxime
654 932 848 1022 obiectum,
875 930 1022 1004 crebros
1050 959 1101 1006 ex
1127 936 1203 1009 alto
1226 939 1275 1011 llu-

46 1057 125 1119 etus
152 1046 189 1117 in
215 1044 299 1117 litus
326 1045 470 1117 evolvit
509 1041 585 1116 Nee
611 1041 816 1140 accipiendo
842 1042 952 1141 operi,
980 1068 1053 1139 quo
1072 1042 1294 1122 Macedonest

46 1157 242 1230 continenti
267 1155 420 1227 insulam
446 1154 593 1253 iungere
619 1152 806 1251 parabant,
832 1154 1024 1250 quiequam
1050 1157 1171 1254 magis
1186 1184 1276 1255 quam

44 1269 104 1341 ille
134 1278 266 1340 ventus
297 1265 476 1339 obstabat.
530 1262 671 1361 Quippe
702 1263 766 1336 vix
798 1263 869 1335 leni
901 1274 938 1336 et
970 1267 1171 1362 tranquillo
1203 1272 1275 1343 mari

43 1378 157 1451 moles
191 1377 249 1475 agi
280 1387 449 1475 possunt,
480 1374 624 1448 Africus
658 1399 746 1447 vero
781 1375 898 1471 prima
924 1400 1092 1473 quaeque
1120 1393 1275 1480 congesta

44 1489 151 1586 pulsu
183 1488 276 1560 ilhsa
309 1487 400 1559 mari
432 1486 587 1558 subruit:
624 1510 692 1558 neo
722 1486 796 1557 ulla
828 1495 904 1558 tam
937 1487 1044 1560 firma
1076 1491 1195 1564 moles
1224 1503 1273 1583 est,

45 1623 153 1695 quam
177 1623 251 1671 non
278 1596 435 1670 exedant
460 1597 578 1670 undae
605 1607 641 1669 et
665 1622 731 1694 per
764 1622 881 1670 nexus
909 1623 1062 1695 operum
1090 1613 1273 1694 manantes,

46 1720 92 1799 et,
119 1708 181 1780 ubi
206 1708 322 1782 aerior
346 1708 454 1780 flatus
481 1707 621 1797 existit,
653 1709 782 1780 summi
808 1709 926 1806 operis
952 1709 1103 1808 fastigio
1131 1717 1272 1813 superlu-

45 1845 116 1892 sae.
159 1817 309 1891 Praeter
333 1818 426 1890 hano
453 1818 698 1891 difficultatem
723 1817 822 1890 haud
847 1818 964 1890 minor
992 1821 1064 1894 alia
1093 1835 1188 1898 erat:
1209 1849 1292 1896 mut

43 1956 104 2003 ros
137 1940 326 2026 turresque
365 1930 463 2002 urbis
498 1929 698 2027 praealtum
735 1954 834 2001 mare
867 1929 1067 2005 ambiebat:
1110 1961 1185 2008 non
1212 1946 1271 2008 tor·

43 2052 166 2115 menta
202 2041 271 2113 nisi
303 2066 324 2114 e
354 2041 508 2113 navibus
546 2039 672 2137 procul
711 2062 864 2111 excussa
902 2041 1013 2132 mitti,
1055 2070 1134 2118 non
1173 2047 1270 2118 scalae

44 2290 108 2344 tulit
128 2290 362 2346 librieinventum
385 2298 439 2357 est,
461 2299 493 2344 ut
516 2291 561 2344 vix
582 2291 643 2345 talis
677 2307 693 2344 e
714 2290 793 2344 Plinii
818 2298 874 2344 nat.
900 2291 961 2345 hist.
984 2307 1111 2364 xxxvn,
1137 2305 1170 2352 10
1192 2302 1214 2368 §-
1233 2304 1269 2352 114

45 2358 105 2412 libri
122 2359 206 2429 qualis
224 2367 265 2411 est
281 2358 339 2411 Pal.
355 2365 370 2411 2
390 2360 534 2413 auotoritas
552 2377 643 2430 euper—
677 2359 769 2412 laudat
789 2359 984 2428 chalcophonos
1003 2365 1101 2419 illisa
1119 2369 1191 2421 aeris
1207 2369 1268 2421 tinti-

45 2427 80 2480 sit
98 2445 152 2497 qua
168 2426 324 2480 vocabulum
342 2427 507 2480 defendatur.
525 2428 584 2480 Nee
602 2437 644 2481 ta-
679 2438 732 2482 tam
749 2430 849 2494 reddit,
875 2432 1026 2500 treqoedis,
1052 2443 1082 2486 ut
1099 2439 1223 2505 suadeat,
1235 2452 1268 2505 qe-

45 2512 107 2548 men
127 2495 247 2564 ineptum
275 2494 478 2548 existimandum
505 2506 553 2549 est.
592 2498 644 2549 Di·
678 2499 785 2550 stende.

45 2566 140 2617 missor
166 2563 243 2616 unice
263 2580 355 2616 rerum
377 2571 431 2630 eet,
455 2565 501 2617 eed
518 2567 643 2618 demissos
713 2573 741 2617 et
761 2581 811 2632 per
832 2581 926 2618 nexum
948 2583 1058 2635 operum
1082 2581 1230 2638 manantes,
1250 2578 1269 2622 et

45 2631 144 2702 legitur
163 2631 191 2685 in
214 2631 294 2684 Bern.
316 2631 343 2684 Α
365 2630 436 2685 Flor.
454 2633 505 2685 AB
523 2632 597 2701 Leid.
615 2639 645 2685 et
678 2634 723 2686 ubi
740 2634 829 2684 acrior
836 2634 925 2702 flotus
942 2637 1035 2688 existit
1051 2640 1149 2692 summi
1166 2657 1204 2709 op.
1211 2642 1278 2710 feet.

46 2702 167 2754 demissio
184 2700 212 2754 in
229 2701 304 2754 Voss.
325 2708 337 2752 1
358 2701 489 2753 mendose.
679 2703 856 2780 superfusae}
905 2700 990 2756 codd.
1018 2705 1143 2761 meliores
1167 2715 1196 2761 et
1218 2707 1266 2760 edit

80 2772 103 2838 ξ.
123 2776 146 2822 7.
180 2772 347 2822 decreverant
373 2767 401 2820 in
417 2769 549 2839 plerisque
568 2769 645 2822 oodd.
679 2786 761 2888 prmo.
779 2778 803 2821 et
815 2786 866 2837 per
883 2772 986 2838 enixus,
1005 2791 1095 2844 neque
1113 2784 1171 2830 erat
1186 2774 1267 2830 curtl-

44 2837 109 2890 meie
133 2845 162 2890 et
185 2837 266 2890 Snak.
291 2836 403 2907 legitur,
430 2837 564 2908 habetque
586 2854 646 2890 eam
697 2855 728 2889 us
749 2844 778 2889 et
799 2835 967 2907 insequentes
989 2841 1111 2897 editores
1145 2845 1196 2898 rius
1214 2842 1266 2897 illud

45 2905 261 3026 tet-fluet
408 2904 645 3027 atteret
678 2904 777 3026 att
791 2907 1117 3034 retenta.
1134 2988 1199 3034 ..t

45 2993 149 3109 aeldllli,
163 2993 394 3096 tddllllexandrum
409 3043 523 3113 profecti
537 2992 644 3095 videan-
678 3041 857 3095 Freinshemio
878 3051 951 3096 recte
972 3054 1069 3100 contra
1087 3048 1213 3114 Medium,
1231 3062 1263 3099 re·

43 3121 96 3165 tur.
131 3111 212 3182 Vulg.
232 3115 399 3165 decreverunt
420 3129 474 3165 non
492 3111 644 3165 defenditur
677 3118 816 3163 voeeutem
825 3111 896 3181 quod
903 3111 1018 3183 intelligi
1027 3133 1083 3169 nou
1092 3117 1176 3188 possit
1183 3118 1266 3178 aaa,

44 3179 94 3232 nisi
110 3180 188 3234 Voss.
204 3187 230 3245 2,
249 3180 282 3231 de
300 3197 353 3249 quo
371 3179 437 3231 nihil
453 3187 577 3233 notatum
594 3187 643 3232 est.
679 3178 814 3231 defensum
840 3187 893 3232 eet:
926 3189 989 3234 sunt
1015 3183 1087 3237 enim
1116 3187 1142 3239 h.
1164 3186 1181 3238 l
1201 3200 1267 3238 amet

80 3248 145 3318 Cap.
168 3254 198 3312 8,
222 3251 245 3315 ς.
271 3254 294 3299 t.
317 3249 419 3316 evolvit]
461 3248 540 3311 Quod
562 3248 643 3317 vulgo
678 3263 745 3316 quae
763 3264 818 3317 cap.
838 3254 868 3300 11
888 3255 957 3301 extr.
976 3268 1118 3322 compaqee
1136 3256 1219 3324 operit
1234 3269 1267 3304 vo

45 3314 143 3384 legitur
167 3315 287 3380 evolveasj
304 3332 358 3367 non
379 3323 421 3367 est
443 3315 471 3367 in
494 3315 592 3368 nostris
615 3323 644 3368 et
678 3322 778 3368 eantur.
806 3315 886 3378 Quod
903 3317 1023 3387 sequitur
1041 3324 1134 3375 existit
1149 3341 1197 3394 pro
1212 3319 1267 3388 vulg·

45 3382 126 3435 Snnk.
145 3382 276 3435 eodieibus
293 3382 342 3434 nisi
359 3381 388 3433 in
402 3381 644 3436 Flenllexemen·
679 3385 763 3436 extitit
779 3383 871 3437 Modio
896 3394 1043 3455 praeeunte
1065 3390 1140 3444 edidi
1162 3390 1268 3462 plurime

45 3449 167 3515 datione,
191 3465 276 3520 neque
294 3465 325 3502 ea
343 3467 410 3528 opus
428 3459 469 3502 est
486 3451 508 3503 si
525 3459 585 3520 poet
603 3453 644 3504 di·
677 3469 737 3504 rum
754 3452 830 3504 codd.
848 3452 927 3504 fidem
944 3463 1060 3509 secutus.
1084 3459 1189 3512 Summi
1196 3466 1268 3512 auten
1308 3498 1310 3503 .

44 3519 110 3570 vidit
127 3516 226 3570 maiore
243 3516 413 3570 distineuone
430 3517 643 3590 interpungatur.
677 3519 738 3571 libri
755 3536 844 3573 omnes
862 3530 982 3589 servant,
1006 3541 1056 3593 pm
1079 3544 1136 3596 quo
1152 3525 1268 3582 Acidaliae

45 3583 100 3638 Sed
118 3585 239 3655 displicet
256 3593 346 3638 tamen
368 3587 441 3655 quod
457 3586 554 3640 fretum
571 3588 642 3641 evol·
676 3606 774 3640 summo
791 3587 891 3655 voluit,
909 3589 978 3643 siout
994 3609 1126 3647 summum
1139 3597 1214 3664 fae'
1234 3597 1269 3647 'ut

44 3669 106 3705 vere
119 3655 215 3707 fluetus
232 3653 339 3720 dieitur,
359 3655 431 3724 quod
445 3664 539 3709 ventus
552 3657 642 3711 efficit.
676 3655 775 3725 legitur
797 3663 860 3723 V,5
884 3665 912 3710 et
929 3672 983 3725 vn,
1003 3667 1050 3726 12,
1074 3664 1125 3716 eed
1148 3680 1185 3734 qu
1239 3667 1269 3715 eet

44 3721 139 3792 Itaque
155 3723 266 3775 tortasse
283 3724 406 3776 evolventi
423 3723 611 3794 corrigendum.
677 3741 806 3776 summum
822 3724 970 3794 fastigium,
993 3727 1063 3781 idem
1085 3732 1184 3785 summi
1199 3727 1269 3802 operit

79 3793 101 3858 ξ.
125 3796 149 3844 8.
167 3793 249 3860 pulsu
276 3793 349 3844 illiso
371 3794 441 3844 mari
465 3795 578 3862 subruit]
598 3793 644 3848 sie
676 3791 811 3861 fastigium
823 3800 872 3861 eet,
883 3802 911 3846 et
927 3811 1006 3864 parea
1023 3796 1126 3852 dicenti
1144 3808 1269 3869 utrumque

43 3859 118 3912 codd.
136 3876 226 3912 omnes
242 3868 347 3930 praeter
363 3860 421 3912 Pal.
441 3867 453 3912 1
472 3860 500 3913 in
517 3879 569 3932 quo
586 3880 643 3915 mo·
676 3861 802 3914 abundat.

42 3928 82 3980 rie
103 3945 159 3981 esee
181 3927 284 3982 dieitur.
320 3929 379 3982 Hoc
400 3927 470 3981 idem
488 3931 643 3983 emendave-
713 3932 735 3996 ᾖ.
760 3937 783 3983 9.
807 3947 858 3982 non
884 3939 1011 3985 tormenta
1028 3963 1065 3975 -
1082 3937 1166 4006 mitte]
1193 3935 1268 4004 vulgo

41 4003 85 4048 rat
105 3995 218 4050 Medius.
257 3996 323 4049 Mihi
351 4007 440 4050 autem
462 4016 515 4051 non
538 3998 644 4052 videtur
678 3999 759 4049 emitti
782 3999 981 4052 adversantibus
1002 4000 1076 4054 libris
1102 4021 1165 4057 mss.
1187 4000 1269 4058 noetrit
1308 4058 1310 4065 ,

41 4080 147 4118 neeesse
163 4065 302 4146 quiequam
322 4074 438 4118 mutare:
460 4070 553 4135 paleas
571 4076 643 4120 certe
678 4073 706 4117 et
724 4064 804 4118 Snak.
822 4067 952 4120 omnihus.
984 4067 1113 4124 Ceterum
1130 4082 1267 4126 tomentum

41 4131 134 4212 Africo
157 4133 285 4187 tribuitur
307 4133 458 4200 subruenti,
485 4143 513 4188 et
539 4135 643 4189 subruit
677 4131 757 4186 etiam
778 4135 811 4187 de
835 4135 904 4188 saxis
925 4136 1034 4208 aliisque
1060 4140 1142 4193 rebus
1163 4138 1268 4194 mathim
1308 4140 1310 4145 ’

41 4208 136 4253 ventus
159 4202 221 4254 dum
251 4202 371 4255 extantia
396 4219 515 4272 quaeque
539 4203 593 4256 ieta
614 4204 643 4257 in
677 4202 791 4255 excussis
819 4203 870 4257 diei
896 4221 930 4257 ex
953 4205 1073 4259 caesaris
1100 4207 1175 4262 libris
1197 4207 1266 4261 texte

40 4285 114 4319 mare
130 4268 219 4333 delicit
236 4278 264 4323 et
280 4270 449 4350 praeeipitem
467 4273 540 4324 illisa
553 4280 642 4325 autem
677 4271 788 4327 docent:
807 4289 848 4324 ex.
866 4290 905 4342 gr.
928 4275 1020 4328 eonfer
1036 4275 1098 4329 bell.
1116 4277 1166 4331 civ.
1183 4292 1225 4343 111,
1241 4279 1264 4326 tl

40 4353 94 4388 non
110 4337 189 4391 modo
206 4346 267 4390 suut
284 4355 350 4418 quae
364 4357 393 4391 m
401 4337 473 4390 aliud
481 4339 641 4406 inficiuntur,
677 4348 776 4392 tontum
794 4343 884 4393 oberat
903 4359 920 4393 a
938 4353 1026 4396 nostro
1045 4348 1153 4400 castello
1165 4346 1266 4399 uttetar

39 4405 88 4456 eed
104 4405 185 4458 etiam
201 4405 270 4475 ieta,
281 4415 349 4460 s1out
365 4406 528 4462 Foreellinue
544 4408 572 4460 in
589 4408 641 4462 lex.
676 4416 856 4462 tornwntamve
873 4411 982 4464 rutarum
998 4413 1076 4482 adipi
1092 4432 1145 4468 non
1155 4421 1265 4484 portet.

322 4678 349 4748 d.
