2926 5174
104 299 181 372 380.
575 322 608 385 o.
637 322 760 374 cusrrr
784 325 868 376 surr

98 514 224 604 posset
249 528 291 577 ac
321 505 466 604 linguis,
501 506 620 604 itaque
652 532 751 580 more
778 506 969 583 Persarum
994 507 1224 586 Macedonas
1248 530 1356 586 venet

101 614 284 703 rabundos
310 616 428 714 ipsum
455 618 609 691 salutare
635 630 902 716 prosternentes
929 621 1032 695 humi
1062 648 1231 721 corpora
1270 620 1334 695 Non

102 727 227 802 deerat
258 729 343 801 taha
382 729 645 826 concupiscenti
683 731 881 827 perniciosa
913 733 1109 826 adulatio,
1140 745 1334 833 perpetuum

100 842 233 913 malurn
259 865 394 937 regum,
423 865 573 937 quorum
600 866 686 939 opes
711 842 852 939 saepius
871 845 1083 936 assentatio,
1114 872 1228 943 quam
1242 845 1333 918 hostis

38 980 40 985 ·
103 954 241 1026 evertit.
302 950 376 1025 Nec
409 950 647 1025 Macedonum
686 954 775 1026 haec
815 964 892 1027 erat
934 958 1065 1054 culpa,
1115 983 1226 1030 nemo
1260 957 1355 1030 enimi

55 1073 59 1082 '
102 1064 243 1136 illorum
278 1065 467 1161 quicquam
502 1088 549 1136 ex
583 1064 699 1160 patrio
740 1090 839 1139 more
880 1068 1002 1140 labare
1047 1069 1246 1159 sustinuit,
1287 1064 1334 1139 sed

101 1172 329 1265 Graecorum,
356 1175 415 1271 qui
441 1175 698 1271 professionem
723 1178 954 1251 honestarum
982 1180 1123 1251 artium
1151 1181 1255 1252 malis
1278 1201 1334 1250 cor·

100 1296 273 1385 ruperant
298 1288 467 1359 moribus.
519 1286 608 1384 Agis
636 1287 780 1383 quidam
806 1287 972 1385 Argivus,
1005 1293 1258 1388 pessimorum
1280 1304 1356 1364 oar-⁸

102 1400 239 1472 minum
275 1408 359 1496 post
392 1396 596 1471 Choerilum
628 1398 809 1490 conditor,
849 1410 886 1473 et
918 1426 965 1473 ex
998 1399 1126 1476 Sicilia
1155 1401 1261 1493 Cleo,
1294 1401 1335 1474 hic

102 1508 245 1607 quidem
270 1537 344 1583 non
370 1511 501 1609 ingenii
528 1510 654 1599 solum,
681 1510 869 1584 sedetiam
887 1513 1044 1587 nationis
1064 1516 1161 1589 vitio
1182 1515 1335 1599 adulator,

104 1634 141 1696 et
157 1633 277 1696 cetera
293 1622 436 1695 urbium
453 1647 598 1694 suarum
617 1631 862 1719 purgamenta,
888 1649 981 1720 quae
1005 1627 1228 1724 propinquis
1252 1627 1333 1700 etiam

102 1735 410 1831 maximorumque
443 1735 666 1824 exercituum
698 1731 847 1806 ducibus
873 1760 895 1807 a
920 1760 1006 1832 rege
1043 1737 1334 1836 praeferebantur.

6 1880 14 1897 ν
103 1843 151 1918 Hi
185 1856 263 1919 tum
298 1846 436 1919 coelum
470 1846 520 1917 illi
561 1844 786 1942 aperiebant,
825 1844 1092 1944 Herculemque
1137 1862 1177 1924 et
1212 1849 1334 1923 Patren

101 1955 270 2031 Liberum
305 1968 341 2030 et
375 1983 456 2031 cum
487 1955 632 2028 Polluce
661 1952 845 2028 Castorem
878 1943 977 2030 novo⁴
1009 1961 1158 2036 numini
1195 1983 1334 2037 cessuros

103 2094 181 2143 esse
207 2069 397 2145 iactabant.
713 2072 716 2076 ’

136 2362 159 2422 §.
174 2363 197 2412 6.
223 2358 311 2425 itaque
328 2373 399 2409 more
416 2356 572 2425 Persarum]
598 2353 706 2408 Pithoei
738 2353 896 2408 Plutarchus
922 2356 956 2409 de
984 2356 1103 2410 aserim.
1128 2361 1203 2414 adul.
1226 2366 1255 2413 at
1279 2352 1332 2413 amici

103 2424 170 2478 liber
188 2423 327 2491 (ParisC)
345 2424 373 2476 in
394 2425 447 2478 fine
470 2425 547 2477 huius
569 2423 705 2478 commatis
739 2429 812 2477 att.
848 2424 887 2478 cf.
905 2431 995 2477 tamen
1013 2427 1134 2480 cundem
1152 2430 1214 2484 eod.
1232 2428 1331 2482 libato
1370 2436 1373 2475 1

102 2493 178 2548 addit
195 2496 270 2557 iubet,
288 2510 337 2546 nec
354 2493 467 2548 deerunt
479 2493 524 2564 qui
537 2495 647 2546 verbum
661 2494 705 2544 de·
738 2491 785 2544 ubi
807 2493 921 2561 Ayesias
948 2495 1081 2563 quosdam
1108 2496 1185 2551 inter
1206 2497 1330 2551 adulatores
1370 2480 1373 2515 ¹

103 2561 226 2616 siderent
262 2560 316 2615 Sed
339 2571 458 2632 praestat
475 2579 490 2615 e
507 2560 636 2632 prioribus
653 2561 705 2615 huc
738 2560 865 2613 nominat.
900 2559 954 2615 Pro
978 2561 1071 2616 Siculo
1095 2564 1203 2619 Cleone
1228 2564 1329 2619 Arsanus
1371 2590 1373 2609 =

102 2647 225 2685 revocare
242 2632 354 2697 volebat,
380 2649 442 2684 nam
468 2630 532 2684 illud
559 2647 608 2684 rex
633 2637 705 2683 certe
739 2627 926 2682 Anaxarchum
948 2633 1085 2700 quandam
1109 2633 1199 2688 tradis
1220 2642 1328 2688 auctum

103 2716 158 2753 non
175 2699 258 2755 iussit.
739 2697 857 2751 convivio
872 2697 952 2751 fuisse
961 2698 1060 2753 divinis
1074 2701 1226 2756 honoribus
1234 2702 1328 2756 Alam

137 2789 160 2855 §.
181 2793 204 2839 7.
240 2786 377 2855 quicquum
399 2816 434 2824 —
455 2785 546 2837 labare
568 2784 703 2853 sustinuit]
739 2765 934 2847 dfflF¹⁰⁰le¹¹flb
962 2767 1094 2822 celerum
1112 2788 1165 2839 pro
1178 2772 1327 2841 ΝΜ

102 2854 193 2908 Habet
216 2855 281 2908 haec
303 2854 443 2907 verborum
469 2852 631 2906 constructio
657 2851 705 2905 ali·
739 2834 841 2887 00d¹0⁰⁸
862 2835 936 2916 Lelslg
957 2836 1036 2917 Voss·
1058 2845 1071 2890 l
1095 2837 1182 2895 Bern.
1201 2840 1250 2893 AB
1276 2835 1327 2891 llor·

121 2923 165 2976 uid
187 2921 348 2989 offensionis,
376 2939 437 2974 nam
462 2923 591 2974 sustinere
616 2928 645 2973 et
670 2922 704 2974 ab
738 2901 868 2984 ABEQH
889 2923 1097 2984 P²²⁸⁸²m⁰sums
1134 2909 1268 2988 messdfflft
1297 2903 1327 2958 ΒΟ

101 2942 159 3046 diis
181 2991 349 3063 scriptoribus
367 2999 396 3044 et
412 3009 428 3043 a
445 2988 539 3043 Curtio
561 3008 614 3042 non
636 2988 705 3042 solet
741 2971 868 3050 Oboemlo,
880 2990 939 3052 ,⁰011
956 2972 1062 3040 Samma
1086 2976 1137 3028 ⁸0⁶
1155 2976 1268 3043 1⁸⁵0¹¹⁸¹s
1285 2972 1326 3027 ΗΟ·

102 3060 227 3127 coniungi
243 3059 293 3114 nisi
311 3077 372 3115 cum
389 3058 518 3112 infinitivo
531 3058 630 3112 activo:
649 3075 705 3110 sus-
738 3048 801 3092 ratu
818 3057 930 3099 ”mnne
946 3042 1161 3111 repreheffiifflffl
1178 3045 1261 3117 Epllb
1271 3057 1296 3108 ¹¹¹

1309 3045 1319 3092 l

101 3129 174 3184 tineo
200 3130 305 3196 facere,
332 3137 378 3182 aut
407 3147 460 3182 non
481 3126 597 3181 sustineo
620 3126 705 3180 facere
739 3115 788 3162 ²33
808 3116 836 3162 θῐ
853 3110 913 3162 Ari·
929 3118 1001 3190 poel-
1015 3116 1070 3191 ³53·
1088 3114 1233 3195 Μηρώ
1249 3077 1327 3182 „iq-'l

101 3197 214 3268 aliquid,
238 3217 290 3251 non
307 3197 364 3250 serr
381 3195 480 3277 asquia
496 3195 619 3248 sustineo.
654 3194 705 3249 aa
738 3177 808 3229 f0rt0
825 3186 1004 3245 succussa,
1026 3181 1155 3235 nnmeuh
1178 3192 1260 3236 msa
1278 3183 1326 3240 aa

101 3275 190 3319 autem
216 3271 288 3346 quod
307 3268 332 3318 h.
346 3266 363 3318 l.
382 3265 493 3335 legimus
519 3265 609 3317 labore
634 3262 704 3316 idem
738 3245 798 3298 Vide
819 3246 921 3299 Nasskfl
942 3246 1039 3300 librum
1062 3249 1099 3302 (10
1118 3249 1245 3306 Choerilo
1260 3244 1326 3305 διώ

100 3336 157 3388 fere
170 3350 201 3389 ac
214 3353 235 3387 s1
249 3341 326 3400 esset,
346 3332 487 3412 corrumpi,
503 3330 640 3397 infirmari,
658 3333 704 3386 ab·
738 3321 819 3384 caP·5
837 3321 865 3366 et
884 3322 923 3368 1⁰·

100 3402 197 3471 rogari.
231 3403 306 3456 Haec
326 3421 403 3456 causa
423 3403 474 3455 furt
496 3418 543 3453 cur
558 3400 704 3453 Palmerius
766 3410 953 3468 purqamenta,
975 3419 1042 3471 quoe
1059 3431 1097 3442 -
1109 3399 1325 3474 praeferebam]

99 3470 192 3524 mallet
209 3472 299 3537 libore,
318 3489 396 3541 quam
409 3469 586 3524 coniecturam
596 3469 703 3521 Modius
739 3467 901 3522 Correctoris
918 3470 1025 3521 videtur
1042 3486 1103 3523 esse
1141 3475 1197 3527 uod
1214 3473 1241 3528 in
1255 3470 1324 3526 Pur

100 3548 129 3593 ct
153 3536 282 3591 amicitiae
304 3554 382 3592 causa
403 3556 466 3608 erga
488 3537 561 3590 illum
583 3547 612 3590 et
630 3539 704 3607 quod
738 3545 766 3589 et
787 3535 859 3589 Flor.
877 3536 941 3589 DFl
963 3536 1064 3606 legitur
1087 3558 1135 3620 qur
1159 3573 1196 3582 -
1214 3539 1326 3612 praesa

100 3607 128 3662 in
168 3607 238 3660 aucis
261 3607 393 3660 codicibus
416 3610 493 3661 libere
515 3613 585 3658 esset
601 3605 699 3674 (Pall
738 3607 839 3658 bantur.
874 3605 945 3657 Nam
960 3604 1325 3676 quamvisrnterdumnonim

100 3685 128 3730 et
160 3676 207 3729 lor.
217 3675 271 3743 Dl)
289 3676 317 3729 in
334 3684 437 3729 textum
454 3674 563 3744 recepit.
590 3674 702 3727 Temere
737 3674 816 3735 haec,
846 3690 915 3744 quae
941 3691 990 3744 per
1015 3678 1207 3746 metaphoram
1233 3675 1326 3732 muira

100 3746 201 3800 factum
227 3761 283 3798 essa
310 3761 387 3798 nemo
418 3743 534 3813 negabit,
579 3742 702 3796 Dicemus
737 3741 896 3810 significant,
924 3759 1023 3812 genere
1046 3745 1170 3800 naturali
1192 3764 1245 3801 non
1259 3758 1324 3816 gm-

99 3814 202 3886 potius,
229 3815 357 3867 sustinere
375 3813 401 3865 h.
415 3812 433 3865 l.
450 3829 505 3864 non
522 3829 594 3877 eam,
642 3829 702 3864 uam
737 3809 832 3862 matioo
851 3819 1048 3878 construuntur,
1068 3830 1124 3867 non
1139 3815 1324 3869 videturtamfl

99 3883 193 3952 vulgo,
212 3881 428 3951 significationem
446 3879 573 3946 audendi,
592 3829 641 3932 sed
656 3898 702 3950 pa-
736 3880 786 3932 hoc
812 3878 937 3932 constitui
963 3879 1078 3948 debere,
1111 3883 1166 3936 nisi
1187 3884 1233 3938 ubi
1251 3875 1324 3935 eximi

99 3951 184 4006 tiendi
199 3951 304 4016 habere,
323 3959 354 4003 ut
371 3949 422 4003 sit:
444 3965 522 4002 nemo
540 3965 631 4001 eorum
648 3967 702 4002 non
736 3947 861 4001 librorum
879 3947 1024 4001 auctoritas
1041 3951 1177 4018 postulat.
1213 3951 1322 4018 Turum

100 4021 218 4088 graviter
247 4020 366 4085 ferebat,
401 4034 478 4070 nemo
503 4033 587 4087 aequo
614 4017 701 4071 animo
755 4016 955 4085 raeferebaatur
979 4016 1009 4068 in
1034 4019 1114 4072 codd.
1133 4019 1210 4074 Laid.
1236 4017 1320 4072 rosal

100 4089 204 4141 serebat
221 4087 361 4159 quicquam
382 4103 416 4139 ex
472 4083 524 4138 trio
541 4103 613 4138 more
630 4086 702 4139 infir·
731 4035 955 4138 llernABFlor.
965 4084 1044 4138 ABG
1052 4087 1225 4157 ferebantur,
1237 4083 1320 4141 infre·

99 4156 173 4210 mari.
199 4157 284 4210 Deest
300 4157 409 4209 verbum
444 4153 534 4207 ubium
550 4153 578 4206 in
586 4154 657 4209 Flor.
668 4155 701 4208 G.
737 4152 885 4208 cunutus
903 4163 963 4205 ante
975 4153 1147 4223 ferebantur.

134 4243 158 4308 ξ.
177 4247 201 4293 8.
236 4242 305 4309 Apis
331 4242 436 4310 quidam
462 4239 591 4307 Arpinus]
626 4238 701 4292 Libri
769 4255 888 4291 cessuros
911 4239 978 4308 esse]
1013 4256 1152 4294 cessurum
1174 4259 1229 4296 esse
1248 4235 1316 4293 Pal

101 4307 221 4360 Curtiani
243 4325 332 4362 omnes
355 4310 461 4378 Hapes,
490 4313 518 4357 et
539 4305 608 4358 infra
629 4324 651 4360 c.
666 4315 700 4363 20
734 4305 906 4360 Flor.DFGl
925 4307 958 4359 de
975 4324 1028 4377 qua
1044 4307 1178 4364 varietate
1198 4327 1248 4363 noa
1266 4298 1317 4359 alid

99 4374 195 4442 Harpen
213 4393 296 4430 accus.
319 4394 397 4429 casu:
419 4376 466 4429 sed
483 4375 558 4445 Ἆγιν
575 4379 700 4446 Apyrina
733 4374 842 4428 iudicari
864 4383 954 4446 potest
975 4394 1054 4447 quam
1077 4378 1161 4433 modo
1182 4379 1215 4432 ds
1236 4373 1315 4430 miblfl

100 4443 240 4496 ἐποποιὸν
257 4445 372 4516 appellat
379 4445 509 4499 Arrianus
526 4441 571 4496 lib.
580 4457 618 4511 ιν,
637 4451 651 4498 9
670 4452 699 4499 et
733 4452 761 4497 et
772 4445 958 4514 purqamentis
975 4446 1029 4515 qui.
1193 4468 1196 4472 ·
