2926 5174
66 270 138 340 108
539 288 572 349 o.
603 288 726 339 cuaru
751 289 836 339 aum

64 472 256 570 grinationi
295 481 459 568 tempora
497 483 690 546 exemerat.
762 471 887 568 ltaque
928 472 1106 571 Aegypto
1148 476 1310 570 praefecit

63 584 285 681 Aeschylum
320 580 501 654 Rhodium
543 594 580 656 et
612 583 811 657 Peucesten
843 582 1101 675 Macedonem,
1148 597 1310 680 quattuor

64 695 209 767 milibus
236 694 389 765 militum
414 694 452 765 in
478 695 695 791 praesidium
721 695 876 792 regionis
903 694 979 766 eius
1009 692 1124 767 datis:
1162 697 1309 769 claustra

64 803 134 876 Nili
160 805 315 877 fluminis
341 804 573 878 Polemonem
598 807 692 878 tueri
718 807 836 895 iubet3
869 806 1020 902 triginta
1046 804 1096 877 ad
1122 806 1195 880 hoc
1222 810 1308 882 trire-

63 940 140 988 mes
168 914 283 988 datae.
323 915 465 990 Africae
492 916 632 1006 deinde,
659 943 750 1014 quae
776 919 944 1015 Aegypto
971 916 1097 1015 iuncta
1124 929 1194 1009 est,
1221 940 1330 1017 prae-t

65 1028 202 1124 positus
228 1027 462 1125 Apollonius:
490 1029 724 1126 vectigalibus
751 1028 909 1101 eiusdem
926 1026 1072 1101 Africae
1086 1025 1309 1128 Aegyptique

66 1137 285 1212 Cleomenes.
338 1137 397 1210 Ex
422 1139 580 1211 finitimis
607 1140 757 1212 urbibus
791 1141 1028 1236 commigrare
1053 1138 1309 1213 Alexandriam

63 1251 189 1341 iussis,
224 1275 358 1323 novam
389 1249 516 1323 urbem
552 1275 683 1346 magna
709 1249 943 1325 multitudine
978 1251 1155 1349 implevit.
1211 1250 1330 1324 Famat

64 1373 139 1452 est,
167 1384 250 1443 cum
274 1387 342 1434 rex
368 1362 465 1434 urbis
492 1363 634 1434 firturae
660 1387 782 1435 muros
808 1363 973 1458 polenta,
1009 1373 1054 1436 ut
1077 1361 1311 1436 Macedonum

63 1498 143 1546 mos
170 1482 245 1562 est,
278 1471 514 1563 destinasset,
547 1474 667 1546 avium
702 1497 829 1572 greges
862 1472 1071 1564 advolasse,
1109 1485 1148 1546 et
1173 1477 1311 1572 polenta

65 1609 145 1657 esse
180 1595 323 1680 pastas:
361 1609 513 1680 cumque
548 1583 584 1656 id
621 1610 726 1657 omen
751 1610 818 1683 pro
844 1584 937 1656 tristi
963 1610 986 1656 a
1013 1584 1200 1681 plerisque
1227 1596 1311 1660 esset

66 1703 263 1792 acceptum,
288 1692 517 1791 respondisse
544 1706 662 1785 vates,
689 1721 856 1793 magnam
881 1695 979 1766 illam
1006 1696 1138 1768 urbem
1165 1696 1309 1770 advena·

64 1831 144 1877 rum
177 1804 416 1898 frequentiam
451 1806 643 1896 culturam,
678 1807 871 1902 multisque
907 1831 987 1878 eam
1015 1808 1123 1880 terris
1151 1809 1309 1880 alimenta

65 1917 319 2013 praebituram.

15 2029 64 2100 34
169 2028 321 2126 Regem,
357 2053 439 2100 cum
472 2011 629 2101 secundo
656 2028 752 2099 amni
779 2026 969 2117 deflueret,
999 2030 1145 2126 assequi
1173 2031 1326 2128 cupienst

64 2138 219 2229 Hector,
256 2139 501 2212 Parmenionis
529 2140 638 2230 filius,
675 2140 805 2211 eximio
833 2137 960 2210 aetatis
988 2139 1096 2230 flore,
1132 2141 1172 2213 in
1198 2140 1305 2240 paucis

64 2248 276 2322 Alexandro
313 2275 432 2339 carus,
466 2276 620 2347 parvum
657 2251 841 2348 navigium
876 2247 1105 2340 conscendit,
1145 2252 1303 2348 pluribus,

64 2387 173 2458 quam
200 2385 327 2457 capere
354 2371 493 2457 posset,
519 2361 705 2458 impositis.
758 2359 883 2459 Itaque
909 2384 1031 2432 mersa
1059 2364 1164 2435 navis
1194 2377 1323 2437 omnest

59 2537 254 2659 gereprinonti.
291 2533 403 2588 Tractat
420 2536 491 2587 hunc
509 2535 595 2588 locum
603 2535 673 2588 Dra·
706 2536 788 2588 Bern.
805 2509 838 2588 ΙΒ
864 2534 935 2587 Flor.
963 2533 1071 2589 CEGH
1104 2540 1196 2592 orbem
1212 2537 1303 2617 sm

86 2606 147 2657 enb.
171 2604 213 2656 ad.
230 2602 288 2657 Liv.
306 2618 358 2669 111,
385 2611 418 2657 46
447 2606 530 2656 locum
549 2606 675 2658 seditioni
707 2607 808 2670 muris,
832 2603 902 2655 Flor.
925 2603 991 2655 DFI
1014 2607 1106 2658 urbem
1125 2609 1215 2672 futuri
1235 2622 1304 2668 mam

64 2692 100 2727 au
118 2675 270 2736 seditionis,
290 2690 422 2741 quaerere.
707 2689 798 2726 omnes
821 2681 910 2725 autem
927 2674 1039 2740 polenta
1058 2684 1169 2744 praeter
1191 2675 1257 2729 Flor.
1272 2671 1303 2727 Ill

97 2742 272 2811 Polemonem]
309 2739 353 2793 Sic
388 2742 473 2794 Aldus
503 2748 583 2793 recte.
618 2740 669 2794 Ed.
706 2741 734 2794 in
753 2741 847 2810 quibus
865 2748 906 2792 est
919 2742 1064 2809 polentam.
1102 2745 1245 2798 Destinore
1258 2761 1303 2795 mu·

63 2808 147 2882 princ.
165 2811 338 2878 Polymenem,
357 2810 433 2862 codd.
451 2817 498 2863 aut
511 2811 672 2861 Polimonem
707 2828 750 2862 ros
778 2809 846 2861 idem
869 2809 950 2860 ferme
979 2818 1021 2862 est
1053 2828 1087 2863 ae
1115 2814 1188 2883 quod
1213 2810 1302 2866 Modius

64 2886 112 2935 aut
126 2879 285 2932 Polimenem
322 2886 410 2932 raeter
427 2878 498 2932 Flor.
518 2876 543 2931 G
563 2877 607 2947 qui
626 2895 672 2929 ve·
706 2877 792 2931 voluit
810 2879 962 2946 desipnnre,
986 2876 1059 2931 sicut
1081 2882 1165 2950 paulo
1183 2889 1243 2935 ante
1256 2897 1302 2932 um·

61 2967 122 3004 rum
149 2960 248 3001 nomen·
267 2897 356 3000 haliae.
393 2947 432 3000 Cf.
456 2946 553 3000 Arrian
579 2962 629 3011 111,
656 2952 670 2997 5
708 2948 785 2998 bitum
812 2950 876 2999 dest.
898 2948 989 2997 maris.
1033 2947 1165 3002 Ceterum
1192 2951 1300 3002 demere

62 3017 108 3071 ubi
123 3017 247 3070 Polemon
265 3017 411 3069 nauarchus
430 3015 534 3080 dicitur,
554 3015 672 3067 diversus
706 3013 752 3067 illo
770 3015 945 3067 Macedonum
971 3014 999 3066 in
1026 3016 1136 3070 urbium
1153 3018 1250 3072 ambitu
1262 3015 1300 3066 de·

61 3087 95 3140 ab
113 3085 164 3139 alio
182 3085 327 3139 Polemone
343 3085 477 3154 praefecto
495 3082 601 3137 Pelusii.
706 3081 835 3203 signando
848 3083 956 3152 polenta
969 3085 1065 3137 utendi
1079 3104 1134 3139 non
1148 3089 1226 3140 modo
1238 3083 1303 3139 silent

97 3158 121 3220 §.
141 3161 164 3206 5.
218 3171 267 3207 uoe
286 3156 404 3222 Aepppto
422 3162 471 3206 cet.
522 3153 586 3205 Non
603 3150 671 3204 male
705 3151 804 3221 reiqui
825 3151 979 3221 scriptores,
1004 3153 1052 3204 sed
1101 3157 1211 3208 enuriae
1237 3152 1303 3207 etism

60 3222 133 3276 Flor.
151 3173 216 3275 Dal
234 3222 323 3274 Patr
350 3240 416 3289 quo:
438 3239 465 3273 se
506 3231 594 3274 tamen
618 3238 671 3273 non
706 3227 753 3272 aut
771 3219 849 3274 calcis
872 3228 919 3272 aut
940 3227 1031 3274 cretae
1049 3172 1201 3276 Aldxandri
1218 3225 1303 3276 factrus

61 3292 191 3343 debebam
214 3307 248 3342 ex
266 3288 412 3358 Bipontina
435 3306 566 3342 assumere
584 3288 611 3341 in
649 3307 670 3340 r.
705 3288 869 3342 adscribunt.
904 3287 973 3341 Vide
991 3288 1115 3343 Freinsh.
1135 3301 1234 3346 notam.

60 3359 127 3410 edit.
149 3359 293 3410 Cleomenis
321 3374 417 3408 nomen
441 3374 474 3408 ex
500 3357 608 3410 Arriani
629 3307 670 3409 li-
742 3357 808 3426 Cap.
827 3365 869 3421 34,
889 3359 911 3423 ξ.
932 3363 955 3408 l.
978 3362 1095 3411 secundo
1114 3363 1201 3432 omns]
1228 3358 1303 3427 Vulgo

61 3424 143 3479 storia
174 3425 293 3478 restituit
324 3423 422 3494 primus
453 3425 557 3478 Iunius:
591 3426 667 3479 codd.
688 3431 795 3491 'omne,
816 3426 888 3495 quod
905 3441 968 3477 sanc
986 3433 1015 3477 et
1032 3425 1099 3479 alias
1119 3436 1149 3481 et
1166 3429 1196 3482 in
1212 3430 1259 3483 hac
1273 3427 1302 3478 lo-

61 3493 168 3564 quidem
188 3502 216 3545 et
233 3492 297 3545 edit.
315 3511 354 3573 pr.
376 3493 503 3560 Clemens,
521 3495 606 3547 Aldus
626 3498 670 3547 de·
705 3493 811 3546 cutione
828 3493 950 3545 usitatius
968 3500 1019 3559 est,
1038 3495 1086 3546 sed
1104 3496 1234 3551 rariorem
1249 3495 1302 3550 alte

60 3578 149 3626 mens,
192 3562 245 3614 uod
267 3570 295 3614 et
319 3579 402 3631 rpsum
424 3571 544 3632 superest
569 3562 597 3614 in
614 3580 668 3615 uno
703 3579 760 3614 ram
777 3563 887 3615 sormam
905 3561 987 3612 Bern.
1006 3564 1032 3614 A
1049 3563 1126 3619 Flor.
1145 3567 1222 3620 ABE
1239 3569 1302 3618 Voss.

60 3629 134 3685 Flor.
144 3629 166 3682 I.
174 3580 256 3681 (llum
274 3631 356 3683 iussis
370 3629 555 3684 subintellecto
565 3631 669 3701 explica
703 3637 718 3683 2
743 3632 885 3700 praebent,
903 3644 945 3695 IX,
968 3637 1001 3682 34
1028 3641 1101 3684 extr.
1134 3637 1219 3689 medio
1244 3631 1302 3688 omni

60 3699 221 3764 lomi-nibus,
240 3699 311 3768 quod
328 3715 381 3751 non
399 3699 539 3752 difficulter
556 3717 668 3770 sequens
703 3700 790 3764 sitnm,
810 3708 895 3764 et1X,
914 3704 946 3751 36
966 3704 1036 3751 extr.
1052 3701 1082 3751 in
1101 3706 1178 3756 anani
1195 3701 1302 3757 ismolirn

60 3766 200 3839 praebebit
218 3785 314 3836 nicona
332 3769 477 3820 multitudo.
702 3767 804 3820 editum
821 3775 869 3820 est.
905 3765 1022 3832 Noetu,
1042 3774 1088 3835 35,
1111 3778 1143 3824 19
1163 3780 1193 3825 et
1209 3786 1249 3838 tx,
1270 3773 1301 3832 15,

97 3838 120 3903 §-
140 3842 163 3888 6.
200 3838 273 3888 urbis
282 3838 396 3906 futurae
414 3854 502 3888 niirros
514 3837 668 3916 polento-
704 3842 737 3887 14
761 3854 818 3888 cnm
842 3837 915 3888 omni
941 3834 1084 3888 restituere
1120 3839 1258 3894 debuimus
1276 3853 1302 3888 ex

60 3905 231 3974 destinasset]
251 3904 296 3958 Sic
312 3904 463 3957 emendavit
480 3923 594 3974 primum
606 3904 667 3956 Mo·
703 3904 897 3973 probatioribus
924 3902 1007 3956 libris.
1049 3903 1092 3958 Cf.
1112 3905 1302 3963 Drakenborch.

61 3973 121 4026 dius
144 3972 172 4024 in
195 3973 264 4026 notis
287 3980 315 4026 et
343 3982 438 4041 postea
463 3972 613 4026 Gronovius
639 3971 668 4024 iu
704 3973 737 4023 ad
755 3972 812 4024 Liv.
829 3986 928 4036 xxxrr,
949 3977 995 4036 10,
1016 3976 1040 4024 8.

62 4041 174 4095 Observ.
191 4041 236 4094 lib.
255 4057 278 4093 11
295 4059 317 4095 c.
337 4047 368 4105 8,
393 4060 452 4094 cum
470 4041 498 4093 in
515 4040 668 4110 vulgaribus
739 4043 762 4108 ᾖ.
792 4047 816 4094 8.
847 4058 934 4093 mersa
962 4041 1040 4092 noris
1070 4061 1163 4099 omnes
1188 4040 1301 4109 destituit]

60 4110 121 4161 edd.
140 4118 209 4162 esset
227 4113 300 4163 urbis
309 4111 418 4178 foturis
436 4112 519 4162 muris
534 4111 668 4178 polentam
703 4107 812 4161 Dictum
830 4117 871 4162 est
888 4107 956 4161 sicut
974 4109 1047 4177 apud
1065 4109 1176 4167 Livium
1194 4129 1263 4180 m,
1277 4114 1301 4164 ll

60 4179 230 4243 destinasset,
248 4197 301 4248 quo
320 4177 385 4229 nihil
403 4177 517 4247 ineptius
535 4193 591 4228 esse
608 4185 669 4246 pot·
700 4195 828 4246 prospero
850 4195 929 4230 cursu
951 4186 1049 4228 nectum
1074 4183 1198 4236 destituit
1220 4189 1302 4236 ventas·

59 4255 110 4298 est.
146 4245 229 4298 Codd.
240 4255 339 4315 ¹autem
357 4263 449 4298 omnes
466 4245 586 4297 mendosi
604 4254 666 4296 sunt
704 4246 766 4315 lpse
784 4245 893 4299 Curtius
911 4258 954 4310 1v,
972 4243 992 4296 δ’
1015 4263 1090 4313 spem
1098 4252 1221 4319 ,fortuna
1238 4247 1314 4303 ‹tati-a

59 4315 86 4367 h.
105 4312 137 4365 l.:
159 4313 229 4366 Flor.
248 4315 297 4366 AB
324 4315 405 4366 Bern.
425 4315 454 4366 Α
480 4313 554 4365 Leid.
578 4315 667 4365 urbem
705 4316 762 4378 tuit,
780 4322 858 4380 v11,1
878 4331 930 4366 non
948 4315 1075 4368 memoria
1086 4320 1174 4372 solum
1184 4319 1300 4373 sedetiam

48 4383 145 4452 sutori
157 4383 250 4449 neuris,
268 4383 345 4436 Voss.
362 4388 374 4433 1
389 4383 463 4434 urbis
472 4382 565 4451 saturi
583 4383 665 4434 muris
705 4399 775 4435 mens
800 4401 857 4435 eum
884 4383 1015 4448 destituit,
1035 4395 1078 4452 v1,
1099 4393 1112 4439 1
1131 4390 1239 4458 femina
1251 4398 1301 4455 per·
