2926 5174
402 311 451 361 nn
478 311 605 362 ersrrs
632 312 741 362 Anax.
768 312 817 379 vr,
840 311 879 358 u.
1209 296 1283 368 243

22 515 44 564 u
55 494 223 592 Frequens
258 495 364 568 arbor
400 497 526 570 faciem
564 521 716 594 quercus
755 496 881 585 habet,
919 496 1019 569 cuius
1050 497 1136 569 folia
1170 497 1284 572 multo

55 606 146 679 nelle
172 605 372 703 tingrmtur,
404 606 468 681 sed
502 608 570 679 nisi
593 606 682 684 solis
711 617 830 681 ortum
855 606 992 680 incolae
1019 610 1282 707 occupaverint,

55 718 102 790 vel
126 714 264 790 modico
290 728 412 814 tepore
439 744 545 793 sucus
572 720 802 815 extinguitur.

21 848 43 895 a
144 853 223 898 xxx
248 827 330 899 hinc
355 828 472 902 stadia
497 843 731 927 processerat,
758 855 839 903 cum
852 828 1141 927 Phrataphernes
1168 830 1201 903 ei
1227 854 1284 904 oc·

57 939 167 1027 aurit,
198 963 307 1035 seque
342 950 378 1012 et
405 966 483 1031 eoa,
503 944 580 1040 ¹qui
615 956 699 1043 post
724 940 833 1014 Darei
859 951 1013 1012 mortem
1039 940 1282 1037 profirgerant,

56 1049 191 1122 dedens:
228 1049 355 1144 quibus
381 1051 535 1150 benigne
565 1056 741 1153 exceptis,
776 1049 823 1124 ad
857 1048 1029 1148 oppidum
1054 1049 1174 1123 Arvas
1201 1076 1281 1149 per·
1312 1055 1320 1063 “

21 1160 148 1232 uvenit.
199 1158 268 1232 Hic
295 1161 326 1233 ei
353 1158 523 1236 Craterus
552 1176 588 1239 et
614 1166 781 1265 Erigyius
810 1168 1010 1234 occurrunt.
1055 1158 1282 1234 Praefectum

56 1268 264 1369 Tapyrorum
298 1273 414 1370 gentis
440 1272 659 1350 Phradatem
691 1274 929 1349 adduxerant.
981 1269 1049 1343 Hic
1077 1296 1218 1368 quoque
1244 1273 1282 1344 in

56 1381 146 1454 fidem
180 1394 345 1480 receptus
380 1385 501 1459 multis
535 1389 700 1486 exemplo
732 1385 800 1458 fuit
825 1380 1032 1481 experiendi
1058 1381 1282 1456 clementiam

20 1495 142 1590 aregis.
182 1490 358 1591 Satrapen
385 1494 514 1571 deinde
540 1497 743 1599 Hyrcaniae
771 1493 870 1568 dedit
894 1491 1086 1591 Manapin:
1115 1493 1199 1565 exul
1224 1495 1281 1566 hic

58 1616 210 1701 regnante
239 1600 341 1677 Ocho
366 1604 415 1678 ad
441 1605 647 1707 Philippum
673 1615 904 1707 pervenerat:
942 1602 1169 1704 Tapyrorum
1196 1630 1281 1699 quo·

60 1739 111 1809 que
135 1726 279 1814 gentem
305 1714 478 1790 Phradati
504 1718 671 1793 reddidit.

15 1834 47 1888 1.
143 1825 288 1922 Iamque
321 1829 446 1901 ultima
471 1828 675 1929 Hyrcaniae
707 1830 925 1915 intraverat,
959 1850 1040 1897 cum
1065 1825 1332 1916 Artabazus,l4

62 1960 146 2030 quem
170 1935 290 2010 Dareo
316 1938 527 2011 fidissimum
553 1941 663 2014 fuisse
691 1965 801 2038 supra
827 1936 1001 2023 diximus,
1029 1959 1111 2007 cum
1137 1935 1280 2032 propin·

62 2048 120 2142 quis
148 2047 256 2122 Darei
290 2074 332 2122 ac
363 2049 437 2123 suis
472 2051 590 2124 liberis
626 2051 836 2145 modicaque
872 2043 1092 2120 Graecorum
1127 2045 1280 2118 militum

40 2170 147 2231 tuanu
179 2161 342 2233 occurrit.
394 2161 571 2235 Dextram
605 2161 763 2237 venienti
800 2157 930 2231 obtuht
963 2180 1047 2228 rex:
1080 2158 1210 2255 quippe
1244 2167 1282 2231 et

63 2265 168 2366 hospes
195 2269 350 2370 Philippi
375 2274 502 2364 fuerat,
530 2300 610 2346 cum
625 2273 727 2348 Ocho
754 2260 927 2368 regnante
954 2268 1128 2359 exularet,
1156 2283 1192 2340 et
1218 2269 1280 2341 ho·

64 2379 135 2474 spitii
159 2383 310 2479 pignora
335 2385 372 2456 in
397 2409 519 2482 regem
547 2410 651 2458 suum
678 2383 724 2457 ad
751 2382 916 2453 ultimum
950 2378 1040 2452 fides
1067 2390 1281 2453 conservata

38 2488 213 2564 ttineebat.
268 2492 426 2568 Comiter
450 2495 560 2592 igitur
586 2505 769 2593 exceptus
808 2493 867 2591 Tu·
889 2490 1032 2589 quidem,
1058 2490 1183 2588 inquit,
1208 2517 1279 2584 rea,

65 2597 120 2673 deos
143 2628 271 2701 praesc,
290 2620 457 2702 perpetua
472 2598 631 2707 felicitate
646 2610 785 2706 floreas.
839 2603 913 2701 Epo
940 2601 1053 2674 aura
1080 2602 1192 2692 laaus,
1218 2602 1278 2675 loc

64 2732 111 2783 aar
130 2725 286 2812 torqueor,
312 2717 402 2814 qaod
418 2719 601 2816 praecipiti
625 2730 782 2792 semente
807 2715 868 2789 dia
883 2712 966 2814 frui
977 2726 1034 2785 tua
1048 2712 1186 2785 bonitate
1212 2737 1279 2786 uon

36 2832 179 2914 4p0sarat.
233 2822 511 2924 Nonagesimum
537 2840 574 2902 et
600 2830 762 2925 quintum
790 2849 923 2897 annum
950 2821 1090 2920 agebat.
1138 2818 1279 2893 Novem

63 2926 203 3024 iuvenes,
231 2962 354 3009 omnes
382 2937 507 3010 eadem
532 2950 647 3012 matre
673 2938 800 3036 geniti,
827 2945 967 3032 patrem
994 2930 1275 3004 comitabantur:

86 3116 104 3180 §-
117 3123 154 3170 24.
173 3136 243 3186 prae
259 3128 339 3172 ectum
361 3121 398 3173 Tu
416 3123 539 3241 morunt}
557 3121 634 3174 Men·
668 3112 1279 3194 Arrianusm.22vocstldpptuoirmr,sicut1uc.

61 3177 106 3234 dosa
120 3185 228 3240 Bem.A
263 3187 392 3242 Flos-‚Ac
423 3188 464 3241 HI
472 3188 521 3242 Lei
541 3190 635 3244 .Voss.
671 3186 820 3242 Gronovius
835 3185 862 3238 in
877 3183 980 3255 optimo
989 3182 1078 3237 codrce
1088 3197 1144 3235 esse
1153 3189 1278 3262 testatur.

61 3253 70 3298 l
80 3256 210 3323 marceto.
230 3255 300 3307 Tum
320 3257 467 3310 Taurorum
485 3257 636 3311 siveTltau-
706 3256 771 3326 Cap.
792 3262 833 3321 14,
853 3257 876 3322 §-
898 3262 920 3306 1.
943 3251 1279 3321 Iamqueultima]Add1-

60 3331 126 3373 runm
150 3330 177 3375 et
202 3323 229 3376 h.
253 3323 270 3375 l.
296 3332 324 3377 ct
354 3329 432 3395 paulo
457 3335 520 3407 post
546 3344 636 3380 omnes
672 3333 717 3378 tur
747 3323 828 3392 vulgo
854 3340 901 3375 rer
927 3321 1000 3392 quod
1031 3318 1163 3373 omisimus
1195 3317 1278 3398 pecati

60 3380 104 3440 luri
124 3409 181 3444 mss.
208 3402 237 3444 et
262 3392 375 3463 primum
401 3393 473 3447 ediu.
514 3394 638 3448 Correxit
672 3394 744 3446 Flor.
762 3393 787 3445 A
814 3390 887 3443 Leid.
905 3390 982 3443 Voss.
1011 3396 1039 3441 1:
1067 3387 1136 3441 solet
1162 3404 1232 3468 earm
1249 3387 1278 3441 in

58 3449 127 3511 lunius
144 3476 178 3512 ex
196 3460 309 3515 Arriano
326 3476 369 3528 111,
388 3468 419 3517 23
439 3461 563 3533 deditque
585 3465 638 3516 Ta·
671 3463 722 3515 hac
737 3461 829 3514 refere
841 3458 1006 3513 librariorum
1015 3473 1080 3510 cura
1096 3473 1203 3509 versun.
1220 3456 1278 3510 No·

54 3536 167 3642 {gurm
196 3528 302 3582 Curtius
319 3538 421 3598 tamen,
440 3531 462 3584 si
479 3549 558 3584 unam
576 3531 638 3585 scri-
672 3538 745 3584 tatur
768 3537 857 3581 tamen
880 3527 908 3580 in
933 3527 1015 3580 ch.
1032 3528 1057 3579 A
1085 3543 1101 3578 u
1123 3543 1165 3594 pr.
1188 3538 1223 3578 m.
1246 3542 1277 3578 ex

76 3594 116 3671 ‘ndi
133 3595 261 3649 rationem
279 3606 381 3650 secutus
399 3608 449 3666 est,
467 3599 574 3652 videtur
590 3616 638 3653 vo·
671 3599 733 3669 legi,
753 3597 795 3650 cui
808 3597 892 3650 altera
910 3613 1002 3648 manus
1019 3613 1033 3648 r
1050 3594 1168 3648 litteram
1186 3610 1277 3664 supcr-

56 3654 305 3732 haerapproram:
322 3666 381 3719 vide
399 3668 433 3720 ud
450 3682 514 3734 vm,
536 3675 576 3734 13,
597 3675 637 3721 17.
672 3666 787 3737 scripsit.

55 3723 94 3782 Fas
108 3731 206 3785 Strabo
225 3732 269 3786 lib.
286 3749 319 3787 xr
335 3752 363 3805 p.
381 3741 430 3788 515
449 3736 520 3789 inter
535 3736 638 3806 Hyrca-
708 3740 731 3802 s.
750 3742 774 3788 3.
794 3737 854 3788 deos
874 3734 981 3804 quaeso]
999 3731 1095 3785 Adieci
1112 3730 1179 3782 haec
1196 3730 1278 3784 verba

55 3809 89 3850 nos
102 3808 127 3855 ct
145 3800 275 3855 Derbices
297 3803 379 3856 tradit
403 3804 531 3857 habitare.
568 3804 638 3857 Tum
672 3821 705 3857 ex
723 3802 798 3856 Leid.
817 3803 894 3857 Voss.
914 3811 924 3853 l
946 3802 1026 3855 Bem.
1045 3802 1071 3852 A
1088 3798 1160 3850 Flor.
1175 3795 1279 3850 ABCG

54 3859 196 3923 Phradatem
214 3869 331 3924 scribunt
348 3872 461 3926 Bem.A
480 3880 508 3925 et
525 3872 636 3940 Flor.B,
671 3872 723 3939 HI,
743 3871 824 3924 ceteri
843 3874 948 3924 deorum
967 3886 1072 3940 quaeso.
1090 3866 1178 3935 Vulgo
1187 3872 1277 3919 totum

54 3936 116 3989 curt
145 3938 325 3991 Pburadutem
354 3948 400 3993 aut
431 3942 636 3994 Plaradautem.
672 3942 721 3995 hoc
739 3939 870 3993 omissum.

54 3997 162 4059 Arrianus
187 4005 303 4075 appellat
321 4009 551 4078 Autophrodatem.
706 4013 729 4077 ξ.
748 4016 773 4062 4,
801 4024 886 4060 omnes
905 4009 994 4059 eadem
1012 4015 1095 4056 taetre
1110 4003 1204 4070 penite]
1231 4001 1277 4082 Sic

76 4073 95 4139 ξ.
112 4080 152 4128 25.
173 4075 315 4143 Satrapen,
330 4094 383 4130 non
392 4088 535 4147 satrapem,
546 4094 637 4131 omnes
671 4077 748 4131 codd.
765 4075 817 4129 mei
835 4077 869 4128 ad
879 4092 968 4126 -unum
985 4088 1089 4135 omnes,
1099 4069 1189 4189 vulgo
1207 4070 1277 4123 desi·

54 4142 117 4195 nostri
139 4142 219 4195 codd.
245 4160 301 4195 cum
326 4143 399 4198 Leid.
423 4146 501 4199 Voss.
530 4154 541 4197 l
571 4164 636 4215 quos
671 4146 780 4199 deretur
797 4163 850 4198 vox
868 4160 962 4196 omnes.
997 4140 1040 4192 De
1061 4137 1131 4190 schel
1171 4154 1203 4190 00
1220 4156 1276 4192 ma·

54 4199 116 4284 Such.
138 4219 334 4265 commemorat.
373 4214 410 4267 Et
435 4215 570 4282 Manapin
589 4215 637 4268 ho·
671 4213 795 4267 trimonio
821 4212 935 4264 diximus
961 4209 995 4262 ad
1012 4222 1060 4271 111,
1081 4213 1111 4284 6,
1139 4213 1162 4258 1.
1198 4206 1277 4286 llnus

53 4277 111 4354 upa
125 4296 225 4334 nomen
245 4279 347 4350 scripsi,
367 4283 468 4336 codices
486 4291 591 4335 secutus
609 4283 637 4335 in
671 4281 784 4336 filiorum
805 4279 1009 4341 Pharnabazus,
1037 4275 1125 4328 classis
1150 4274 1276 4328 Persicae

54 4346 129 4455 pubes
142 4346 249 4428 'partim
263 4353 368 4418 menapi
384 4351 481 4431 partim
498 4353 636 4430 psanapiu.
670 4350 834 4422 praefectus,
857 4343 1080 4424 aMaccdorribus
1098 4352 1189 4412 captus
1207 4351 1283 4411 erat„

67 4410 637 4489 lempmt,quodvulgoeditur,estrnFlor.F.
671 4426 792 4489 1v‚23,
812 4424 860 4482 17,
888 4416 935 4470 sed
951 4421 1065 4469 Arriano
1091 4419 1160 4464 teste
1181 4426 1232 4480 1112
1259 4419 1274 4466 ²

1065 4502 1117 4551 16*
