2926 5174
535 301 584 349 ruo
612 298 737 350 aasms
763 299 872 350 Anax.
898 304 934 368 x,
953 296 994 345 19.
1277 282 1349 351 511

132 506 189 582 que
215 508 312 581 quam
336 481 489 579 primum
514 482 601 556 iusta
626 483 807 576 soloannus,
845 485 938 558 baud
967 484 1067 574 obliti,
1105 484 1141 556 in
1166 509 1233 581 qua
1263 483 1350 574 urbe,

98 595 208 666 ainter
233 619 310 693 quos
334 595 449 683 simus,
476 593 569 692 quali
586 596 747 692 praeside
772 622 812 669 aa
837 620 912 694 repe
937 594 1078 693 spoliati.
1124 593 1351 667 Tractandum

124 719 175 795 est,
203 704 439 795 omnmildones,
466 705 746 804 copitandumque,
773 720 809 780 ut
833 707 1004 780 uictoriam
1027 718 1163 802 partam
1184 704 1267 777 inter
1284 705 1350 795 bos,

122 817 160 888 de
180 816 414 913 qudtuparta
433 828 488 906 est,
515 815 654 889 obdnue
677 818 853 912 possimus.
891 815 1009 913 Capite
1030 842 1114 914 opus
1135 828 1189 890 eat.
1224 815 1352 888 Hocine

121 952 202 1018 uno,
234 951 278 998 au
305 925 471 1022 pluribus,
509 927 545 998 iu
576 939 685 1000 vestm
709 941 867 1025 potestate
892 940 947 1000 est.
999 926 1091 999 Illud
1115 927 1199 1000 scire
1225 926 1352 1016 debetis,

91 1037 296 1111 auditorem
328 1037 399 1110 sine
431 1039 513 1110 duce
544 1036 674 1108 turbam
706 1061 826 1135 corpus
852 1054 920 1110 etse
945 1035 1017 1109 sine
1043 1037 1174 1135 spiritu.
1229 1033 1352 1111 Sontas

118 1147 242 1221 mensis
266 1160 321 1239 est,
346 1172 386 1220 ea
412 1173 476 1247 quo
501 1148 644 1220 Rouana
662 1173 858 1247 praeponas
884 1160 948 1221 est:
975 1159 1136 1245 optamus,
1162 1160 1199 1219 ut
1223 1173 1352 1221 marera

119 1261 275 1351 enitentur,
306 1259 399 1332 ouius
424 1284 564 1357 requam
591 1257 657 1332 diis
683 1258 940 1356 approbantibus
955 1261 1130 1360 fumeum,
1157 1259 1352 1359 quandoque

116 1371 302 1445 amarent.
366 1369 504 1443 [mrim
543 1393 566 1440 a
605 1369 722 1467 quibus
766 1370 838 1467 cepi
875 1369 980 1443 uelitis
1019 1370 1185 1443 destinate.
1251 1369 1350 1444 Haec

117 1481 296 1554 Perdicca.

91 1613 102 1656 o
219 1591 312 1662 Tum
342 1588 541 1678 NearchuS,
576 1588 774 1664 Alexandri
811 1590 919 1663 modo
957 1591 1165 1687 sanguinem
1197 1617 1238 1663 ac
1271 1590 1399 1663 mir-20

117 1727 199 1799 pem
223 1703 343 1798 regiae
369 1699 546 1773 maiestati
572 1701 771 1791 convenire,
797 1703 984 1792 neminem,
1011 1703 1070 1791 ait,
1096 1726 1202 1799 posse
1220 1702 1349 1774 mirari.

91 1810 287 1886 lOeterum
320 1812 502 1911 expectari
533 1809 694 1882 nondum
725 1821 844 1883 ortum
874 1838 1010 1909 regem,
1048 1813 1171 1909 etqui
1201 1814 1273 1885 iam
1303 1813 1350 1885 sit

117 1923 316 2020 praeteriri,
348 1948 414 1996 nec
446 1922 571 1995 animis
597 1920 833 1993 Macedonum
864 1925 1069 2015 convenire,
1100 1949 1166 1996 nec
1197 1922 1349 2020 tempori

117 2058 244 2107 rerum.
297 2032 386 2105 Esse
418 2058 438 2106 e
469 2031 617 2106 Barsine
655 2032 767 2104 filium
804 2034 915 2130 regis:
953 2035 1035 2106 huic
1068 2033 1232 2107 diadema
1265 2034 1349 2106 dan-

117 2276 216 2342 miscet,
235 2291 335 2329 nomen
352 2293 401 2345 pro
419 2284 507 2345 gente,
532 2275 641 2345 populo,
664 2274 717 2328 dici
751 2274 899 2344 intelligere
917 2273 1032 2345 scripsit,
1060 2274 1125 2345 quid
1145 2275 1217 2328 istud
1237 2273 1350 2328 nonsibi

118 2343 208 2396 docens
223 2345 296 2414 quod
310 2358 388 2396 nemo
406 2343 519 2409 dubitat,
543 2344 619 2409 alter,
643 2343 717 2413 quasi
750 2343 838 2396 vellet
873 2348 912 2396 At
929 2343 1110 2410 intellexisset,
1130 2343 1231 2414 opinor,
1249 2348 1269 2395 si
1286 2343 1349 2396 fuis·

117 2411 216 2492 ludens„
226 2412 317 2465 verbis
330 2413 438 2490 'nomine‘
459 2414 530 2492 iusta
558 2414 656 2464 solone
683 2413 716 2464 de
751 2420 792 2492 set
809 2431 870 2464 num
887 2430 939 2465 uno
958 2430 990 2464 eo
1008 2414 1189 2480 captoribus.
1224 2411 1351 2464 Refertur

117 2481 486 2614 ltttttttttt..lttt?
499 2488 715 2628 tftftffitttt:
750 2482 1182 2620 suarattaratae.
1195 2481 1350 2614 ..latta

116 2615 228 2669 liendum
247 2633 342 2669 curare
359 2632 451 2669 vereor
468 2633 502 2668 ne
519 2623 610 2669 contra
627 2625 714 2686 potrus
750 2618 796 2669 sed
822 2617 885 2669 licet
916 2626 1006 2670 tamen
1032 2618 1129 2669 addere
1155 2619 1347 2686 bergleicbeu:

115 2683 277 2765 intelligatur
291 2685 324 2737 de
339 2685 410 2736 fama
417 2684 528 2737 hominis
537 2685 716 2754 extinguenda
751 2687 780 2739 rb
799 2687 865 2739 dum
884 2687 1021 2754 rrrssldduu
1042 2694 1095 2739 roa
1112 2690 1221 2747 mrbrcu,
1249 2685 1306 2748 itcbt
1323 2687 1349 2739 in

114 2761 139 2804 et
154 2753 283 2806 oblivioni
300 2753 437 2805 tradenda.
465 2752 536 2816 Quin
549 2753 631 2821 igitur
646 2752 715 2806 facili
750 2753 932 2807 eutrtblctoolt.
969 2752 1013 2805 Ne
1022 2752 1086 2821 quid
1095 2752 1348 2822 praetermittamus,

113 2822 212 2874 medela
229 2820 572 2892 probataCurtiumdicere
589 2820 713 2901 patimur,
748 2820 776 2873 in
793 2838 845 2890 quo
862 2819 954 2891 aliquis
971 2821 1105 2872 offendere
1140 2820 1212 2885 assit,
1225 2821 1349 2888 pluribus

112 2891 180 2958 quod
196 2898 226 2943 et
243 2906 340 2942 verum
357 2897 398 2941 est
411 2897 439 2941 et
452 2888 490 2941 illi
503 2897 714 2942 oratonaccom-
749 2889 824 2940 abest
845 2906 861 2940 a
877 2887 951 2940 Leid.
969 2888 1045 2940 Voss.
1065 2895 1077 2939 1
1131 2904 1186 2940 ern.
1204 2888 1231 2939 A
1256 2906 1295 2957 pr.
1313 2904 1348 2940 m.

112 2958 255 3025 nodatum,
275 2957 318 3011 cui
336 2974 486 3028 persuasum
503 2966 575 3024 erat,
597 2959 669 3028 quod
687 2956 714 3010 in
748 2956 818 3009 Flos.
836 2956 875 3022 A,
907 2957 954 3008 sed
984 2954 1110 3008 excidisse
1137 2962 1242 3008 tantum
1268 2955 1349 3008 ceteri

111 3042 171 3095 rege
187 3044 237 3080 suo
257 3025 378 3078 divinum
396 3025 488 3078 fuisset
505 3027 540 3078 ad
553 3027 615 3079 deos
629 3042 714 3079 reces-
748 3023 816 3089 libri,
834 3023 961 3093 imprimis
978 3023 1050 3076 cuius
1067 3023 1210 3078 auctoritas
1227 3023 1349 3092 proxima

111 3093 184 3161 sisse,
207 3094 285 3165 quod
302 3093 417 3146 mortale
434 3100 461 3146 et
477 3102 604 3148 terrestre
625 3093 713 3163 sepul·
749 3101 798 3158 est,
816 3092 920 3145 Flor.B
934 3094 1040 3145 docent.

111 3170 181 3216 turae
199 3163 307 3217 honore
325 3162 502 3215 afficiendum.
663 3198 664 3203 ,
784 3163 806 3228 ξ.
829 3166 853 3214 9.
897 3162 971 3214 cuius
994 3178 1101 3230 requam
1122 3191 1157 3200 —
1182 3161 1347 3231 quandoque]

142 3233 215 3311 quali
237 3233 370 3300 praeside
392 3248 423 3282 ac
446 3234 517 3302 reue]
559 3230 603 3284 Sic
624 3246 715 3282 manu·
749 3229 837 3298 Vulgo
855 3228 944 3282 editur
960 3231 1014 3282 eius
1033 3260 1067 3269 -
1102 3231 1198 3295 uando,
1220 3229 1291 3299 quod
1308 3227 1349 3280 in-

110 3300 212 3369 seripti,
240 3299 311 3351 editi
337 3299 472 3369 hucusque
498 3301 572 3370 quali
598 3316 657 3368 repe
683 3316 715 3351 oc
749 3307 858 3350 ventum
875 3305 916 3350 est
939 3300 992 3351 eius
1014 3296 1042 3349 in
1059 3247 1167 3363 Flora,
1195 3301 1299 3368 quando
1321 3296 1349 3349 in

104 3370 238 3435 mneside.
749 3365 1007 3419 Flor.DletVoss.2.
1030 3365 1138 3435 Reliqui
1147 3375 1236 3418 autem
1245 3365 1349 3419 codices

142 3438 164 3515 ξ.
173 3443 198 3490 8.
236 3437 343 3488 Hocine
360 3453 425 3500 uno,
448 3454 483 3488 aa
501 3436 633 3504 pluribus]
670 3433 714 3486 Sic
750 3433 1349 3504 cuiusomnes,quandoqueintegrioresetedit.

109 3503 177 3556 edidi
195 3522 257 3558 cum
277 3502 360 3572 vulgo
377 3512 447 3556 esset
463 3507 510 3556 lroc
528 3521 573 3570 ne,
591 3520 624 3554 ex
643 3501 715 3554 libris
740 3503 823 3555 ·Mod.
836 3503 943 3569 habent,
962 3503 1043 3555 itaut
1056 3507 1259 3575 quandocunque
1276 3503 1349 3572 lega·

108 3572 222 3626 BermA
241 3568 715 3639 Flor.ALeio.v0ss.1,aquibus
749 3580 795 3624 tur
811 3572 838 3623 in
856 3571 1011 3625 alonem
1028 3571 1140 3625 Bern.B
1159 3571 1215 3624 Pal.
1227 3579 1250 3624 l.
1278 3572 1350 3625 Con·

108 3657 141 3692 ne
156 3640 194 3694 illi
214 3640 329 3722 quidem
347 3638 458 3692 multum
476 3640 584 3706 abeunt,
606 3637 651 3707 qui
668 3640 715 3690 boc
749 3647 803 3693 stat
821 3647 908 3692 autem
923 3639 1001 3693 etiam
1020 3643 1173 3710 quandoque
1190 3639 1240 3692 dici
1253 3657 1302 3709 pro
1317 3656 1348 3692 eo

107 3726 145 3761 me
170 3711 322 3773 exhrbent,
350 3707 472 3761 Bern.B
496 3711 603 3760 Vosa2
627 3705 712 3759 Pall
748 3709 819 3779 quod
828 3707 990 3777 frequentius
999 3718 1041 3762 est
1050 3711 1263 3776 quandocunque,
1282 3707 1349 3759 sicut

107 3775 327 3832 cloacarum
362 3775 458 3845 Neque
475 3774 581 3828 correxi
601 3775 713 3841 hoccine,
748 3794 810 3829 mox
828 3784 937 3846 capul,
953 3783 994 3830 21.
1022 3775 1288 3841 octavarum

108 3848 175 3915 quod
191 3846 221 3899 in
240 3842 354 3898 edendis
372 3842 441 3896 Livii
463 3843 577 3896 historiis
593 3841 714 3894 Draken·
784 3845 850 3915 Cap.
860 3852 902 3910 20,
914 3852 937 3911 s.
950 3852 989 3898 10.
1014 3847 1090 3897 Alea.
1100 3846 1173 3895 modo
1183 3844 1346 3910 sanquinem]

108 3913 229 3967 borchius
248 3910 361 3983 optimis
377 3911 509 3965 codicibus
519 3909 713 3980 refragantibus
748 3914 830 3965 Moab
862 3913 961 3983 primus
993 3912 1126 3965 adiecerat
1155 3908 1260 3962 Modius
1291 3925 1348 3962 esse

107 3981 165 4035 feeit
182 3982 261 4050 (vide
280 3995 351 4050 quae
368 3981 471 4033 notavit
487 3980 521 4032 ad
539 3979 597 4032 libr.
607 3993 648 4044 vl,
671 3986 712 4045 rt,
748 3980 813 4034 illud
831 3998 848 4033 a
869 3980 1024 4035 membranis
1046 3986 1185 4031 annotans.
1220 3976 1278 4030 Nec
1301 3978 1347 4030 ab·

109 4053 166 4118 53)
183 4051 233 4104 sed
252 4046 410 4102 Bentleium
434 4048 523 4117 potius
541 4047 568 4100 in
587 4046 713 4100 Terentio
748 4066 806 4103 esse
823 4067 839 4101 a
856 4049 928 4103 Flor.
946 4057 973 4101 et
991 4048 1068 4099 Bern.
1086 4044 1182 4099 inveni.
1215 4045 1348 4108 Quocirca

108 4128 208 4174 cautus
223 4135 296 4172 sum.
323 4115 463 4185 Nusquam
480 4116 549 4169 enim
566 4114 715 4184 inscriptio·
748 4117 829 4171 miror
846 4118 910 4188 quid
927 4117 970 4182 sit,
989 4117 1059 4185 quod
1077 4112 1212 4166 Snalrenb.
1229 4113 1256 4165 in
1274 4113 1346 4166 Flor.

108 4201 150 4240 nes
174 4196 205 4242 et
231 4182 339 4239 sotumi
365 4183 425 4235 libri
451 4184 478 4236 in
504 4184 553 4236 hac
581 4199 714 4263 paragoge
750 4185 866 4253 (Heius.)
892 4186 965 4240 Leid.
991 4187 1097 4237 Voss.l
1131 4199 1184 4234 non
1213 4190 1347 4250 repertum

109 4254 234 4325 duplicem
243 4251 521 4307 literamcexhibent.
541 4250 714 4305 CfiSchnerd.
749 4254 877 4308 ostendit.

107 4321 341 4393 Element.p.404
359 4336 397 4387 sq.
431 4320 538 4373 Modius
556 4323 603 4372 ooo
620 4337 671 4372 uno
682 4322 715 4372 de
784 4331 805 4390 ς.
821 4330 860 4375 11.
896 4321 1051 4385 eBarsinc]
1088 4318 1152 4370 Mss.
1170 4333 1187 4368 a
1204 4317 1285 4371 Boos.
1304 4319 1347 4372 vel

108 4391 265 4447 coniectura.
302 4386 433 4443 Ceterum
450 4387 598 4442 Schefferus
615 4403 643 4440 se
661 4406 715 4443 non
749 4393 782 4445 ab
801 4393 910 4459 Arsino,
932 4388 978 4442 sed
995 4385 1189 4457 praepositione
1206 4386 1239 4438 ab
1258 4395 1346 4441 ortum
