2926 5174
165 290 238 367 338
628 308 663 376 o.
699 310 824 366 auum
854 310 940 366 uum

161 497 265 587 sitas,·
288 507 408 593 patera
434 521 509 570 aum
535 495 655 570 ie'sdern
679 499 796 572 uinum
820 497 888 572 eliis
915 496 1075 584 libamus;
1103 490 1257 566 inimuos
1281 487 1382 590 soona

161 609 300 698 eminus,
327 607 421 681 basta
447 608 629 682 conminus
654 610 811 708 petimus.
865 604 925 682 Sia
951 603 1072 706 Syriae
1097 629 1211 704 repom
1237 616 1267 677 et
1285 614 1383 700 postea

160 719 345 795 Persarum
366 718 608 818 Medorumque
634 719 876 818 superavimus,
898 719 1069 818 patuitque
1094 716 1190 792 nobes
1215 714 1277 790 iter
1300 738 1384 815 moue

161 830 408 928 inAeppptum.
461 831 511 903 At
535 843 579 920 tu,
605 831 664 930 qui
688 844 716 904 te
738 829 897 928 planioris
922 830 970 903 aol
994 830 1135 905 latrones
1156 821 1414 928 persequendae

161 943 282 1031 uenire,
309 940 456 1014 omniunt
477 941 635 1040 pennum,
661 968 746 1040 quas
771 940 882 1031 adisti,
909 941 991 1014 latro
1015 965 1060 1014 es.
1095 939 1253 1040 Lydiam
1270 935 1384 1036 sepum

161 1049 301 1151 Syriam
327 1054 494 1151 occupasti
500 1080 509 1141 ;
545 1053 718 1129 Persidem
743 1066 849 1142 tenes;
885 1051 1088 1126 Bactrianos
1120 1051 1222 1125 babes
1255 1049 1292 1123 iu
1314 1058 1384 1153 pote·

158 1175 259 1253 state;
294 1161 398 1237 Indos
425 1164 542 1263 petisti
549 1191 558 1254 ;
600 1166 670 1238 iant
701 1164 800 1238 etiam
834 1163 883 1235 ael
914 1187 1037 1261 pecora
1067 1174 1186 1236 nostra
1219 1170 1385 1236 acarna

161 1274 361 1350 insatiabiles
386 1300 507 1350 manus
526 1276 688 1374 porripis.
744 1271 837 1357 Quat
862 1274 920 1347 tibi
944 1272 1069 1348 divales
1101 1297 1190 1372 opus
1223 1287 1286 1364 est,
1322 1292 1385 1371 quot

159 1391 285 1462 esurire
311 1386 453 1485 eopuut?
503 1386 643 1463 Primus
674 1387 824 1460 omniurn
853 1385 998 1458 satietate
1022 1383 1164 1483 parasti
1185 1386 1336 1485 fanum5
1360 1390 1408 1453 ut

159 1525 223 1599 quo
243 1499 349 1598 plura
375 1498 518 1590 lateres
543 1497 666 1589 auius,
692 1523 776 1598 quae
801 1522 867 1571 uon
892 1498 998 1588 babes,
1024 1519 1175 1594 cuperes.
1223 1493 1310 1570 Nou
1331 1504 1407 1566 suot

158 1610 264 1684 eumn
287 1608 353 1699 tibi,
379 1609 542 1707 quamdiu
567 1608 692 1682 eirount
712 1610 843 1684 Baetra
869 1605 1030 1681 bursas?
1055 1607 1142 1679 dum
1170 1606 1248 1681 illos
1274 1606 1383 1705 sabroe7

160 1719 327 1822 Scodram
356 1719 474 1794 bellare
512 1732 693 1818 coeperam.
745 1721 882 1795 Bellum
912 1719 970 1792 tibi
1000 1743 1040 1792 en
1070 1717 1218 1792 oratoria
1250 1716 1382 1791 nasum

159 1833 258 1911 Nam
279 1846 316 1906 ut
335 1831 443 1906 nune
456 1832 644 1933 fortiorque
660 1832 708 1906 sis
726 1858 827 1931 quarn
845 1832 1031 1932 qumquam,
1051 1841 1166 1902 tamen
1184 1829 1383 1928 obmutuerat

159 1944 332 2020 domiuum
355 1942 431 2041 pati
454 1969 549 2018 nemo
574 1943 651 2018 aab.
1420 2002 1422 2023 ,

108 2057 156 2129 35
266 2055 394 2129 Transi
408 2056 505 2130 morlo
528 2055 694 2128 Tanaim:
720 2054 812 2144 scies,
838 2078 939 2153 quarn
963 2053 1024 2125 late
1043 2063 1205 2150 pateaut;
1233 2040 1422 2151 nuupuntl

159 2181 269 2241 tanna
285 2167 491 2265 consequeris
509 2164 659 2264 Septlas.
699 2165 887 2262 Paupertas
903 2175 1015 2238 nostro
1033 2163 1179 2238 aeneiae
1206 2165 1280 2256 erit,
1305 2184 1381 2264 quau

157 2276 317 2350 eaueitus
348 2289 438 2368 tuus,
470 2277 529 2376 qui
553 2276 723 2374 praedam
749 2288 792 2349 tot
816 2275 987 2350 nationum
1012 2274 1107 2348 uelit.
1163 2275 1306 2350 Rursus
1327 2280 1407 2346 aaut

151 2386 275 2487 procul
297 2387 408 2461 abesse
434 2412 494 2462 uos
520 2388 641 2491 eredes,
667 2387 792 2461 uidebis
818 2388 855 2460 iu
881 2388 947 2461 tuis
973 2387 1100 2461 aaran.
1155 2385 1295 2462 Eadem
1317 2382 1380 2459 atr

192 2641 216 2704 s.
241 2642 281 2692 18.
311 2646 409 2707 patera
436 2654 492 2690 cum
518 2639 621 2708 iisdem]
662 2637 761 2690 Fecere
814 2638 866 2692 uod
883 2656 938 2692 non
956 2637 1038 2691 estin
1055 2635 1132 2690 Laid.
1151 2640 1235 2692 Voss.
1255 2646 1267 2693 1
1286 2631 1377 2691 Beml

157 2723 211 2760 non
229 2704 304 2776 potui
321 2706 385 2790 quin
399 2723 415 2759 a
429 2723 471 2758 me
485 2706 760 2777 ipseabiremdarem-
794 2657 866 2761 lior.
886 2707 935 2760 AB
957 2715 985 2760 et
1008 2705 1134 2758 omissum
1159 2716 1246 2777 auget
1267 2707 1317 2760 vim
1336 2717 1376 2755 reu·

175 2788 210 2828 ue
232 2790 302 2828 nuno
324 2776 415 2828 ostem
435 2792 483 2844 pro
506 2775 593 2829 adhuc
615 2773 687 2828 edito
711 2776 759 2828 iris.
794 2775 903 2828 tentiae.
1396 2838 1401 2845 1

154 2791 278 2898 lertioet
295 2843 365 2896 enim
382 2844 416 2897 ad
434 2846 545 2912 amicos,
573 2861 684 2914 quorum
702 2860 761 2896 oum
829 2848 852 2912 §-
871 2851 913 2897 21.
949 2846 1043 2898 bellare
1069 2844 1227 2914 coeperunt]
1267 2838 1376 2896 uranu

154 2908 208 2966 iam
230 2912 299 2966 facto
321 2912 355 2966 sit
379 2911 494 2980 mentio,
524 2928 669 2983 pronomen
692 2914 760 2965 idem
794 2912 861 2966 mius
888 2922 916 2966 et
943 2911 986 2965 alii
1007 2913 1134 2964 rebellare
1164 2912 1313 2966 voluerant.
1340 2903 1376 2960 Sel

154 2980 243 3035 locum
260 2983 349 3035 habet.
384 2980 497 3050 Legitur
518 2989 607 3035 autem
629 2984 710 3034 udan
733 2980 760 3031 in
794 2982 975 3047 Maracanda,
997 2980 1069 3050 quod
1093 2988 1180 3050 caput
1203 2979 1376 3054 Sogdianorum,

153 3049 226 3104 Flor.
244 3050 280 3117 D,
299 3053 391 3105 iisdem
408 3049 436 3102 in
453 3050 524 3104 Flor.
542 3050 604 3117 GH,
623 3052 656 3103 iis
675 3049 759 3119 (quod
813 3049 908 3102 rimum
933 3050 1086 3104 Alexandro
1115 3048 1224 3104 tradita
1249 3056 1320 3103 eraut
1339 3056 1376 3099 aut

154 3117 216 3172 alibi
235 3136 288 3173 non
310 3119 342 3171 fit
364 3117 391 3170 in
414 3118 526 3189 simplici
548 3117 714 3199 pronomine)
732 3116 759 3168 in
793 3068 878 3172 bello:
901 3137 974 3172 arma
997 3136 1027 3171 ou
1046 3133 1091 3169 ere
1109 3127 1264 3188 coeperunt
1280 3118 1334 3170 dum
1345 3108 1375 3190 111

153 3186 239 3252 Leid,
257 3190 305 3240 biis
316 3187 398 3267 (quod
407 3186 472 3240 item
485 3187 632 3257 insohtum)
642 3186 669 3239 in
679 3187 758 3239 Bern.
794 3187 863 3240 circu
871 3187 1006 3240 Iaxartem
1023 3136 1126 3251 iteret,
1145 3204 1219 3256 quae
1232 3204 1291 3257 pars
1299 3186 1375 3238 eun

153 3257 187 3308 A.
223 3255 317 3308 Edidit
333 3263 398 3308 item
415 3255 522 3309 Modius
539 3258 645 3310 loisdem.
794 3272 859 3308 anae
873 3255 1023 3325 provinciae
1037 3270 1117 3307 sensu
1131 3253 1375 3308 latioreaooensetur·

190 3323 283 3391 Syriae
305 3327 400 3392 repom]
436 3324 482 3377 Sic
508 3325 597 3378 editur
618 3341 652 3376 ex
674 3321 758 3376 Modii
829 3323 896 3393 Cap.
910 3331 953 3391 35,
971 3327 994 3392 ξ.
1008 3329 1048 3376 22.
1083 3323 1162 3386 scies,
1188 3341 1267 3392 quam
1283 3325 1329 3375 late
1340 3332 1375 3388 pt·

153 3391 345 3457 emendatione,
363 3410 425 3444 nam
442 3391 503 3446 libri
519 3393 582 3445 msti
601 3393 720 3462 Scythiae
737 3409 757 3443 s.
793 3396 872 3459 leant]
910 3392 994 3447 Codd.
1003 3389 1086 3445 nostri
1104 3407 1200 3444 omnes
1219 3401 1248 3445 et
1263 3390 1320 3444 ede
1329 3390 1376 3441 reb»

155 3458 265 3527 Scythae
293 3459 437 3529 appellant.
473 3460 527 3514 Sed
553 3461 581 3514 hi
604 3469 662 3514 tum
683 3477 757 3512 suum
788 3471 897 3530 pateat,
925 3479 975 3515 neo
996 3460 1073 3514 oredo
1095 3457 1124 3510 in
1148 3463 1257 3513 Vosst
1282 3457 1323 3529 qui
1339 3468 1375 3507 101

153 3526 204 3580 isi
225 3543 313 3597 regem
339 3526 432 3581 vicisse
456 3527 615 3584 dicerentur.
655 3528 758 3598 Syriam
793 3539 1012 3583 commemoratur
1037 3543 1094 3580 esse
1122 3527 1259 3597 pluralem
1282 3529 1375 3597 pauori

174 3594 219 3649 ‘eit
237 3614 316 3675 quam
333 3614 382 3649 nos
391 3598 526 3667 Assyriam
538 3616 671 3666 voramus,
691 3613 758 3667 quae
793 3598 845 3651 Sed
859 3598 1003 3652 rectissime
1016 3605 1106 3649 tumen
1122 3595 1162 3648 sic
1176 3598 1375 3664 comsumpsit

154 3681 184 3718 oe
204 3664 229 3718 ὀ
247 3665 309 3719 olim
326 3664 448 3736 princeps
465 3667 552 3721 Asiae.
792 3666 930 3734 aModio,
958 3666 986 3719 in
1003 3664 1074 3718 cuius
1091 3663 1215 3718 editione
1232 3664 1336 3737 primum
1347 3658 1375 3713 iu·

135 3764 138 3769 ·
184 3682 272 3855 lim
307 3734 390 3786 Indos
411 3737 513 3804 petisti]
550 3736 660 3790 Partem
685 3743 757 3790 certe
792 3734 868 3788 veni:
901 3734 1023 3788 Pertinet
1051 3731 1124 3785 enim
1149 3751 1208 3787 non
1235 3735 1270 3789 ad
1292 3733 1375 3789 flumss»

153 3800 186 3858 In
207 3802 247 3856 ‘ae
270 3800 306 3855 cis
329 3800 424 3854 Indum
448 3803 574 3874 attigerat
595 3804 756 3869 Alexander,
793 3805 863 3875 quod
889 3803 971 3856 oculis
996 3799 1082 3854 metiri
1106 3810 1220 3871 poterat
1239 3798 1374 3858 mute,

153 3869 215 3923 vide
237 3887 292 3941 oap.
312 3877 342 3923 1t
361 3870 444 3940 prino.
468 3880 496 3924 et
514 3889 537 3925 o.
555 3881 598 3939 41,
618 3879 643 3940 8,
665 3871 757 3925 Arria
792 3873 839 3925 sed
871 3871 905 3923 ad
936 3883 1042 3941 gentem
1068 3867 1250 3940 Scytharum,
1280 3867 1374 3926 arabone

36 3968 39 3973 ·
153 3956 202 3992 nus
219 3952 265 4004 111,
288 3944 321 3993 28
345 3938 452 4004 ἐπῆλθε
471 3936 501 3992 bt
520 3946 566 3993 nat
586 3947 647 3994 τῶν
661 3935 757 3992 Ἰνδῶν
791 3948 880 3992 autem
905 3937 1096 4004 nominativus,
1129 3939 1177 4010 qui
1205 3932 1374 3995 ammaim&

153 4007 220 4062 robe
238 4006 415 4079 προςχιόρουε
429 4007 602 4079 Ἀραχώτοιε.
791 4018 840 4074 est,
858 4008 954 4061 transit
970 4007 998 4061 in
1014 4006 1207 4063 accusativum.
1367 4063 1373 4077 ,

189 4084 286 4129 avaros
305 4086 328 4130 et
348 4079 511 4130 insatiabiles
529 4077 634 4147 monus]
670 4076 756 4145 Lege-
825 4081 899 4145 §.ns
936 4079 1024 4131 eadem
1041 4075 1111 4128 enim
1129 4079 1276 4146 aemulata]
1303 4070 1373 4129 ndu

153 4132 233 4221 putor
250 4144 383 4216 hueusque
401 4147 543 4212 instabiles,
561 4144 651 4216 inepte
660 4145 682 4197 si
692 4144 755 4214 quid
791 4149 858 4199 enirn
879 4146 1029 4199 iubentibus
1048 4142 1123 4197 Flor.
1148 4145 1258 4216 quidem
1279 4140 1373 4200 omnib!

154 4208 311 4290 iudicamus,
334 4231 426 4267 manus
451 4212 520 4267 enim
542 4229 592 4266 neo
613 4222 686 4266 stunt
707 4230 757 4265 neo
790 4222 818 4267 et
835 4215 952 4267 BermA
968 4213 1041 4267 Leid.
1059 4213 1141 4267 Voss.
1162 4222 1188 4282 1,
1206 4233 1224 4268 a
1240 4213 1372 4286 quitum

46 4286 66 4339 j
154 4288 296 4338 consistere
313 4281 421 4335 debent.
457 4281 620 4336 Facillimum
637 4281 756 4334 nosAoi-
789 4301 834 4336 ror
855 4282 990 4338 discedere
1009 4283 1089 4334 Bern.
1113 4284 1150 4336 A.
1186 4282 1255 4339 Post
1278 4279 1372 4356 dudit}

155 4344 217 4418 delii
234 4347 411 4403 coniecturam
429 4350 512 4404 secuti
531 4368 626 4404 sumus.
790 4368 881 4403 verum
902 4360 957 4418 est,
987 4351 1033 4406 aed
1049 4351 1128 4405 codd.
1146 4350 1214 4406 alian
1236 4352 1264 4407 iu
1410 4384 1414 4391 ·

171 4418 255 4480 'quae
281 4420 381 4470 esurire
406 4421 509 4490 coquat]
554 4417 696 4474 Omisimus
723 4428 755 4487 te,
791 4419 871 4473 Baro.
887 4419 914 4474 A
931 4421 1002 4476 Flor.
1017 4418 1068 4474 ΑΒ
1087 4417 1135 4473 alii
1152 4422 1252 4489 dadae
1366 4454 1371 4463 ·
