2926 5174
179 305 226 375 16
648 320 682 384 o.
711 320 834 372 01111111
859 319 945 370 111111

177 505 423 606 magnitudine
449 505 570 594 molle,
597 504 697 577 1111111
724 504 984 575 incrementum
1010 525 1071 573 eos
1100 512 1212 573 antea
1238 500 1410 595 fefellerat,

178 627 386 715 conspecta,
420 616 560 690 levibus
600 614 752 717 navigiis
791 611 953 686 nondum
979 611 1211 684 commissum
1240 637 1333 710 opus
1359 616 1409 687 cir-

179 729 311 801 cumire
344 735 560 825 coeperunt,
599 725 791 797 missilibus
833 747 974 820 quoque
1009 746 1088 811 eos,
1129 722 1192 818 qui
1219 747 1289 820 pro
1316 749 1411 823 opere

179 838 334 929 stabant,
359 838 546 910 incessere.
598 833 721 908 Multis
749 860 834 932 ergo
861 834 1005 931 impune
1031 833 1251 924 vulneratis,
1280 860 1361 907 cum
1383 847 1442 909 eta

178 972 363 1020 removere
389 959 426 1020 et
451 946 630 1045 appellere
656 944 807 1041 scaphas
833 945 870 1016 in
897 943 1067 1041 expedito
1093 953 1202 1033 esset,
1225 943 1276 1017 ad
1302 971 1411 1019 euram

180 1068 293 1131 semet
324 1057 421 1155 ipsos
454 1056 579 1130 tuendi
604 1055 650 1126 ab
677 1079 785 1152 opere
812 1064 1079 1127 converterant:
1114 1063 1151 1125 et
1178 1079 1254 1150 quo
1281 1055 1411 1155 longius

178 1167 290 1240 moles
323 1169 497 1265 agebatur
531 1166 697 1256 alitore,
732 1166 802 1238 hoc
835 1165 948 1263 magis
985 1162 1151 1262 quioquid
1188 1165 1412 1263 ingerebatur

179 1278 379 1375 praealtum
413 1277 631 1350 absorbebat
651 1301 765 1380 mare.
816 1274 931 1374 Igitur
956 1300 1024 1348 rex
1049 1275 1314 1351 munientibus
1328 1278 1443 1352 1011111

178 1388 328 1484 velaque
353 1389 458 1460 iussit
484 1386 646 1476 obtendi,
681 1396 723 1459 ut
750 1396 855 1459 extra
888 1386 950 1458 teli
976 1387 1108 1458 iactum
1134 1396 1280 1461 essenti
1321 1386 1412 1463 dms·

178 1523 247 1594 que
280 1509 398 1571 turres
435 1523 482 1570 ex
513 1498 630 1594 capite
661 1497 765 1568 molis
792 1497 922 1586 erexit,
955 1523 975 1570 0
1002 1497 1128 1593 quibus
1156 1496 1195 1568 in
1224 1486 1412 1575 subemta

179 1609 329 1706 scaphas
363 1609 437 1681 tela
470 1608 584 1704 ingeri
618 1617 776 1704 possent.
831 1605 966 1680 Contra
991 1607 1090 1706 Tyrii
1120 1610 1275 1708 navigia
1299 1612 1443 1708 procula

180 1743 203 1790 a
228 1729 422 1816 conspectu
446 1717 605 1790 hostium
631 1717 725 1789 litori
751 1719 946 1816 appellunt,
966 1718 1213 1816 expositisque
1241 1721 1411 1810 militibus,

181 1854 259 1919 eos,
295 1830 353 1925 qui
388 1854 478 1902 saxa
510 1829 716 1927 gestabant,
752 1828 978 1901 obtruncant.
1043 1827 1085 1900 In
1109 1827 1255 1903 Libano
1286 1857 1411 1929 quoque

178 1939 340 2012 Arabum
372 1951 533 2038 agrestes
572 1938 828 2037 incompositos
854 1936 1070 2012 Macedonas
1097 1938 1236 2031 adorti,
1279 1943 1412 2041 triginta

178 2157 273 2211 mirum
291 2173 353 2210 sane
371 2157 574 2209 admovebantur
590 2154 642 2224 legi
661 2154 688 2208 in
705 2154 780 2208 Leid.
814 2155 883 2208 10110
904 2155 1023 2222 videtur,
1056 2154 1078 2208 si
1101 2155 1208 2224 cogites
1232 2166 1316 2214 tanto
1340 2159 1410 2230 plures

178 2226 255 2280 Voss.
275 2233 288 2277 1
307 2225 388 2277 Bern.
406 2226 432 2276 A
448 2223 520 2276 Flor.
539 2222 625 2275 ABD.
815 2224 933 2276 homines
950 2224 978 2277 in
996 2239 1093 2294 aggere
1102 2228 1307 2294 comportando
1316 2244 1410 2298 occupa·

214 2293 449 2413 cntcodlcfellerot]
473 2289 565 2359 Vulgo
584 2290 675 2356 (etiam
691 2290 780 2358 Mod.)
814 2299 857 2344 tos
875 2291 962 2345 firisse.
1138 2298 1140 2303 ’

179 2371 248 2425 ante,
267 2377 295 2412 10
329 2358 434 2429 plenior
451 2359 535 2410 forma
552 2357 662 2410 inLeid.
672 2365 701 2410 01
709 2357 780 2410 Flor.
850 2363 873 2427 ς.
891 2367 933 2413 23.
968 2361 1051 2429 igitur
1068 2377 1114 2412 rea
1131 2364 1329 2435 munientibus]
1350 2363 1410 2416 Haec

180 2428 300 2483 omnibus
318 2434 425 2497 praeter
441 2426 492 2480 CH
509 2427 626 2495 itemque
643 2425 671 2477 in
688 2425 781 2494 fragm.
815 2435 856 2480 est
887 2427 1021 2480 verissima
1047 2426 1178 2481 Gronovii
1213 2431 1375 2498 emendatio,
1399 2448 1410 2482 a

180 2497 296 2549 Dermst.
315 2503 364 2548 est.
399 2495 442 2546 Ex
465 2495 541 2548 Voss.
564 2501 578 2546 1
602 2502 630 2546 et
653 2492 781 2546 Bemensi
814 2495 993 2550 Freinshemio
1023 2503 1148 2565 recepta,
1185 2515 1251 2552 cum
1285 2500 1410 2572 antiquitus

181 2561 781 2632 Bnihilavulg.scripturadiversumnotatur.
816 2563 881 2617 editi
913 2565 1042 2617 haberent
1068 2567 1103 2617 i.
1131 2581 1164 2617 ca
1195 2570 1336 2635 iumentis,
1365 2565 1410 2621 libri

216 2633 359 2684 missilibus
378 2648 476 2699 quoquc
494 2631 548 2750 eorl]
574 2630 637 2683 Non
654 2630 781 2698 putabam
816 2640 905 2685 autem
938 2650 998 2685 mss.
1029 2583 1150 2684 meliores
1180 2652 1216 2688 en
1244 2638 1410 2700 munientibus,

182 2699 246 2753 ferri
262 2715 340 2769 posse
359 2700 429 2769 quod
442 2699 522 2819 vulgo
541 2699 628 2778 egitur
636 2699 781 2750 missilibus
816 2699 959 2753 deteriores
983 2719 1014 2753 ea
1036 2702 1222 2756 eminentibus.
1262 2704 1364 2759 Medius
1378 2721 1411 2757 vs

183 2786 225 2822 eos
244 2785 358 2837 quoque,
383 2785 436 2837 qua
453 2785 484 2820 co
504 2776 624 2821 00011010
641 2767 781 2819 verborum
817 2768 939 2822 cabulum
957 2786 988 2821 es
1006 2768 1117 2834 abiecit,
1137 2771 1188 2823 sed
1207 2775 1306 2829 melius
1324 2773 1411 2828 Gmno·

182 2844 306 2890 accentus
323 2835 438 2889 iniicitur
454 2835 643 2906 inpronomen
660 2835 731 2955 (prod
743 2834 781 2886 la·
814 2836 872 2889 vius
890 2836 1035 2907 duplicavit
1052 2845 1205 2892 extremam
1223 2842 1329 2896 literam
1344 2861 1364 2894 r.

651 2923 667 2957 0

182 2913 240 2958 tere
257 2905 345 2958 debet.
381 2904 535 2974 Opponitur
555 2903 594 2957 illi
615 2922 650 2974 qu
703 2919 781 2972 prae·
849 2914 924 2957 estro
942 2907 986 2958 teli
1003 2906 1110 2974 iccium]
1147 2907 1318 2965 Auctoribus
1332 2908 1360 2961 Li
1377 2907 1408 2959 sio

182 2973 253 3028 cedit
271 2975 406 3026 circumire
424 2983 560 3042 coeperunt
577 2973 628 3024 hoc
636 2973 782 3025 missilibus
816 2972 929 3026 Poliorc.
947 2988 981 3039 v,
1006 2980 1021 3026 9
1039 2981 1068 3026 01
1084 2973 1213 3030 Acidalio
1232 2997 1306 3034 nunc
1320 2926 1407 3047 quiden

181 3044 317 3096 incessere.
352 3041 449 3111 Itaque
471 3050 518 3094 aut
536 3042 665 3093 incessere
683 3055 781 3108 quoquc
815 3040 903 3093 editur
929 3051 1003 3094 extra
1030 3043 1075 3095 teli
1103 3044 1187 3095 ictum
1223 3056 1320 3101 contra
1343 3043 1409 3097 libros

180 3118 228 3163 aut
244 3112 387 3164 missilibus
412 3127 510 3179 quoquc
533 3108 780 3228 adiungimpoterat,
815 3126 915 3176 omnes,
935 3117 1008 3162 certe
1025 3117 1136 3163 nostros.
1175 3112 1290 3169 Volunt
1306 3113 1370 3168 enim
1384 3109 1412 3163 sic

180 3186 262 3248 atque
278 3179 330 3230 1101
347 3177 434 3248 ipsum
451 3177 549 3246 legitur
566 3176 642 3228 exo'
680 3174 781 3229 collatis
815 3177 886 3230 inter
902 3179 999 3230 iactum
1012 3185 1040 3230 et
1049 3181 1126 3230 ictum
1142 3178 1289 3252 distingui,
1304 3183 1412 3235 uticclus

180 3246 209 3300 in
236 3247 293 3299 eod.
320 3245 435 3309 Fauch.,
468 3246 501 3297 de
533 3243 629 3297 nostris
654 3244 682 3296 in
708 3243 780 3296 Flor.
816 3245 851 3298 sit
866 3262 1003 3315 quousque
1018 3246 1072 3298 tela
1080 3245 1252 3317 pertineant,
1261 3255 1327 3304 ictus
1357 3245 1413 3301 uosd

180 3313 280 3368 DFGl.
314 3313 398 3365 Iidem
416 3314 492 3366 codd.
509 3311 658 3365 Florentini
674 3322 782 3380 praeter
815 3312 868 3366 vim
886 3331 959 3367 suam
976 3313 1130 3366 vulnerandi
1148 3316 1310 3371 exhibeant
1389 3328 1413 3367 ue

182 3381 208 3435 G
234 3388 262 3433 et
284 3397 318 3432 ex
340 3380 403 3433 olim
429 3378 781 3432 collatisPal.1innasere
816 3398 866 3451 ego
884 3381 994 3434 dixerim
1011 3400 1107 3435 vanum
1124 3398 1184 3435 esse
1200 3384 1378 3456 ipsorumver

181 3449 282 3501 habent
317 3466 348 3499 ro
365 3450 501 3512 incessere,
521 3447 592 3516 quod
609 3455 701 3498 natum
710 3446 782 3499 vide·
816 3468 875 3502 rum
899 3449 1051 3516 discrimen,
1077 3457 1213 3519 quatenus
1238 3454 1413 3521 011011111οῐ1-

181 3525 227 3569 tur
244 3532 279 3568 ex
296 3466 362 3568 lirlsa
380 3514 601 3594 interpretatione
618 3531 718 3581 eorum,
737 3515 782 3585 qui
816 3535 879 3570 mon
896 3519 990 3584 iecere,
1009 3518 1116 3571 alterius
1134 3520 1206 3572 icere
1225 3530 1279 3588 est,
1298 3523 1344 3576 sed
1358 3535 1413 3589 nego

182 3587 311 3637 incessere
328 3591 437 3635 tertium
451 3583 560 3653 perfect
569 3590 705 3652 putarent,
724 3601 783 3637 cum
818 3585 914 3638 servari
933 3603 1008 3656 posse
1025 3586 1071 3639 ubi
1089 3585 1147 3655 quis
1166 3598 1247 3642 entra
1268 3592 1315 3644 teli
1332 3592 1414 3644 iacun

182 3652 217 3705 111
234 3650 384 3705 infinitivus.
818 3654 992 3706 coniunxerit.
1022 3654 1093 3706 Nam
1110 3654 1163 3706 sive
1183 3653 1293 3736 longius
1312 3664 1414 3711 remotus

217 3723 240 3788 §.
259 3727 300 3773 22.
318 3730 400 3789 etque
414 3721 682 3790 longius-absorbebat
696 3721 780 3789 more]
818 3723 872 3775 sive
889 3721 1027 3775 interiecto
1049 3722 1136 3802 aliquo
1157 3733 1332 3780 11111111ωο1110
1352 3732 1414 3778 tutus

183 3789 269 3844 Colon
286 3789 337 3841 hoc
356 3805 416 3841 cum
433 3789 485 3841 huc
495 3788 628 3859 pertinere
642 3806 695 3841 non
709 3788 782 3840 vide·
817 3798 867 3854 est,
886 3790 941 3842 tela
958 3798 1029 3844 certe
1048 3792 1082 3843 ad
1095 3808 1181 3860 rpsum
1190 3809 1247 3844 non
1257 3793 1413 3863 perveniunt

180 3865 270 3924 retur,
297 3858 331 3910 ab
357 3858 429 3910 Aldo
455 3857 568 3927 primum
596 3856 676 3927 paulo
703 3874 782 3926 supra
817 3858 871 3911 Sed
889 3857 949 3911 libri
966 3858 1084 3926 variam,
1102 3876 1162 3910 nam
1181 3875 1204 3911 c.
1226 3867 1259 3914 13
1274 3863 1372 3930 procul
1387 3869 1414 3911 tr-

180 3935 243 3997 post
259 3927 341 3980 verba
358 3929 471 3979 nondum
498 3937 584 3980 temen
601 3941 686 3994 equae
695 3927 782 3994 susti·
818 3928 839 3979 li
851 3928 922 3978 iactu
940 3944 1029 3979 omnes
1048 3924 1217 3981 consentiunt
1240 3945 1338 3982 verum
1360 3942 1414 3990 esse,

179 3997 252 4065 pium
282 3997 412 4074 aequabat
440 3994 599 4049 collocatum
631 4001 680 4046 est.
722 3993 782 4062 Ego
817 4002 846 4046 et
863 4001 952 4047 tamen
969 3996 1062 4065 optimi
1080 3993 1139 4048 libri
1159 4009 1191 4047 eo
1216 3994 1281 4050 loco
1304 3996 1415 4051 1110110-

181 4081 235 4115 non
268 4063 378 4116 sustmui
411 4071 513 4117 ceteros
542 4063 656 4115 editores
684 4061 711 4113 in
732 4062 783 4114 hac
817 4064 890 4115 bent.
924 4062 1027 4116 Ceteris
1049 4072 1137 4116 autem
1160 4060 1224 4114 locis
1245 4064 1275 4116 in
1293 4064 1346 4118 hac
1362 4080 1415 4118 oon-

182 4131 384 4200 transpositione
402 4148 429 4184 se
450 4132 490 4198 ui,
508 4149 579 4196 nam,
598 4131 619 4183 si
636 4139 709 4183 recte
726 4130 782 4182 ani-
817 4130 950 4183 iunctione
967 4133 1107 4185 verborum
1120 4129 1174 4183 sine
1187 4130 1327 4185 varietate
1340 4135 1415 4193 iactas

182 4198 362 4265 madverteris,
381 4216 414 4253 ne
431 4200 440 4253 i
461 4219 477 4253 o
496 4199 602 4270 quidem
619 4199 677 4252 loco
692 4198 782 4251 11110-
815 4198 926 4268 legitur:
945 4211 1019 4253 estro
1038 4202 1082 4253 teli
1098 4201 1193 4252 iactum
1210 4211 1258 4267 111,
1269 4206 1320 4267 253
1338 4203 1416 4266 v,10;

181 4273 268 4320 teram
289 4268 508 4321 constructionem
538 4276 601 4337 apte
632 4266 698 4332 coit,
730 4265 782 4319 hoc
816 4282 850 4333 v,
872 4274 917 4326 12;
936 4282 980 4331 vr,
998 4283 1016 4320 1.

183 4342 271 4386 autem
289 4343 361 4388 certe
378 4338 518 4389 verborum
531 4334 682 4389 coniunctio
695 4352 782 4404 gram·
852 4338 875 4402 5.
896 4342 937 4388 24.
955 4337 1134 4406 incompositos
1142 4333 1316 4391 1101000001
1325 4333 1414 4399 ederi]

182 4402 278 4456 metica
301 4403 425 4473 quadrat,
451 4421 539 4475 neque
566 4403 698 4458 sententia
729 4420 784 4458 non
815 4402 907 4472 Vulgo
924 4403 996 4457 'editi
1018 4405 1148 4475 cypressi,
1172 4403 1247 4471 quod
1266 4421 1303 4458 ne
1320 4404 1348 4458 in
1370 4417 1416 4454 unc
