2926 5174
185 290 232 360 82
659 304 693 367 o.
722 256 957 355 cenrn‘nurr

184 490 454 588 superveniunt,
476 489 589 585 magis
602 488 757 560 obsessis
772 487 949 577 solatium,
968 513 1076 584 quam
1089 485 1288 560 auxilium:
1308 485 1416 584 quippe
1458 540 1460 589 ἓ

184 601 382 674 domestico
408 600 503 672 bello
529 597 670 671 Poenos
697 596 876 695 impediri,
909 624 977 671 nec
1003 599 1048 672 de
1074 600 1248 698 imperio,
1283 596 1346 670 sed
1368 622 1417 694 pro

186 714 300 784 salute
327 710 512 799 dimicare,
544 708 777 797 nuntiabant.
820 705 1037 806 Syracusani
1062 720 1143 783 tum
1169 712 1336 784 Africam
1359 730 1447 781 ure-u

185 823 295 912 bant,
328 833 365 894 et
396 819 494 893 haud
526 819 651 916 procul
678 815 903 914 Carthaginis
928 820 1040 892 muris
1066 823 1285 896 locaverant
1311 828 1417 891 castra

186 931 268 1005 Non
303 943 425 1006 tamen
457 929 619 1002 defecere
654 926 780 1000 animis
813 928 926 1027 Tyrii,
966 956 1185 1029 quamquam
1201 962 1204 967 ⁴
1222 934 1271 1006 ab
1304 929 1418 1028 ingenti

186 1068 250 1140 spe
284 1042 447 1116 destituti
480 1049 600 1129 erant;
645 1038 709 1112 sed
752 1040 920 1136 coniuges
954 1041 1159 1139 liberosque
1202 1039 1417 1117 devehendos

187 1139 440 1252 Carthaginem
466 1150 708 1240 tradiderunt,
740 1151 867 1222 fortius
900 1152 1067 1248 quicquid
1101 1153 1288 1229 accideret
1322 1151 1416 1239 labri,

186 1267 216 1338 si
241 1267 460 1338 carissimam
495 1263 549 1335 sui
583 1271 723 1358 partem
756 1270 860 1334 extra
891 1273 1024 1335 sortem
1057 1266 1265 1337 communis
1291 1261 1416 1362 periculi

183 1377 404 1450 habuissent.
454 1372 614 1469 Cumque
640 1398 733 1445 unus
760 1397 780 1445 e
807 1373 943 1446 civibus
969 1374 1006 1445 in
1033 1376 1204 1448 contione
1231 1373 1460 1469 indicassets,¹

185 1488 345 1560 oblatam
377 1511 455 1559 esse
493 1509 557 1581 per
592 1509 757 1556 somnum
795 1484 862 1556 sibi
897 1485 1051 1582 speciem
1085 1485 1292 1584 Apollinis,
1334 1507 1417 1582 quem
1456 1476 1460 1505 ⁵

186 1598 316 1668 eximia
348 1597 517 1693 religione
553 1594 728 1684 colerent,
761 1596 888 1668 urbem
922 1594 1139 1687 deserentis,
1176 1599 1416 1693 molemques

184 1705 441 1780 Macedonibus
473 1708 511 1777 in
543 1706 618 1777 salo
644 1706 774 1778 iactam
800 1706 837 1778 in
863 1706 1064 1779 silvestrem
1091 1709 1230 1781 saltum
1259 1734 1341 1781 esse
1364 1730 1416 1778 mu·

81 1827 85 1835 ’
184 1828 314 1890 tatam:
350 1842 565 1915 quamquam
597 1827 722 1890 auctor
752 1817 842 1889 levis
875 1828 967 1907 erat,
1010 1827 1133 1890 tamen
1168 1819 1220 1891 ad
1259 1819 1441 1894 deteriores

184 1927 365 2002 credenda
389 1928 493 2025 proni
527 1936 645 2018 metu,
681 1953 790 2000 aurea
815 1938 943 2002 catena
964 1926 1166 2000 devinxere
1195 1930 1415 2016 simulacrum,

184 2065 338 2135 araeque
357 2038 532 2128 Herculis,
560 2040 660 2111 cuius
686 2040 823 2112 numini
849 2041 975 2111 urbem
1001 2038 1228 2132 dicaverant,
1257 2042 1416 2114 inseruere

184 2151 385 2239 vinculum,
422 2149 523 2244 quasi
556 2150 617 2221 illo
650 2149 718 2222 deo
751 2149 955 2247 Apollinem
986 2160 1185 2224 retenturo.
1253 2149 1416 2250 Syracusis

186 2259 224 2332 id
250 2260 479 2332 simulacrum
505 2258 727 2332 devexerant
753 2260 880 2351 Poeni,
914 2272 951 2333 et
983 2262 1019 2332 in
1051 2261 1191 2334 maiore
1228 2263 1417 2335 locaverant
1456 2330 1460 2355 1

132 2442 137 2447 .
186 2371 312 2468 patria,
339 2369 532 2463 multisque
559 2371 635 2442 aliis
661 2372 782 2468 spoliis
810 2373 952 2445 urbium
973 2398 995 2443 a
1016 2380 1130 2444 semet
1150 2384 1348 2471 captarum
1366 2394 1417 2445 non

221 2621 517 2691 remunerantem
540 2625 627 2690 quam]
664 2621 709 2675 Sic
730 2623 792 2674 ede·
826 2621 888 2689 stri,
916 2621 966 2675 nisi
992 2623 1064 2692 quod
1090 2627 1243 2679 commanis
1263 2620 1420 2680 omittiturin

187 2691 266 2744 batur
284 2690 346 2743 olim
363 2691 447 2743 donec
463 2688 581 2742 Freinsh.
600 2690 682 2744 tacite
705 2693 791 2744 maius
825 2691 905 2744 Bern.
924 2691 948 2743 B
967 2691 1037 2744 Flor.
1056 2691 1084 2743 H
1101 2695 1180 2745 Voss.
1201 2701 1228 2747 2.
1259 2695 1347 2765 Vulgo
1363 2701 1420 2746 extra

188 2759 271 2826 dedit,
289 2775 337 2812 nec
355 2759 382 2811 id
397 2757 614 2828 Snalrenburgius
629 2758 791 2811 animadver-
826 2762 967 2813 communis
979 2761 1095 2828 periculi
1113 2771 1215 2814 sortem
1236 2763 1342 2834 legitur.

186 2827 229 2881 tit.
248 2828 390 2880 Inventum
407 2834 449 2879 est
466 2842 557 2880 revera
574 2829 660 2880 moins
678 2827 705 2879 in
718 2827 790 2881 Flor.
860 2856 882 2920 ξ·
902 2860 942 2906 21·
979 2856 1007 2905 ,fn
1030 2855 1146 2906 compone
1174 2857 1326 2911 indicasse,
1345 2868 1421 2908 omne,

186 2895 309 2950 Gssem·
328 2896 366 2962 Bt
388 2896 435 2948 sed
457 2894 536 2965 ¹⁰¹¹g³
558 2903 679 2964 Praestat
695 2899 790 2976 madi&
824 2921 885 2974 libri
907 2921 990 2974 nostri
1015 2930 1043 2974 et
1066 2921 1162 2991 optimi
1183 2941 1220 2976 ex
1241 2927 1304 2979 olim
1318 2921 1419 2977 collatis:

184 2966 297 3018 P⁰teml
316 2974 408 3046 ⁸¹l⁰l⁰r
426 2963 542 3044 ⁸⁰ribeoe.
562 2966 685 3044 :mallim
696 2975 789 3084 simius
824 2998 927 3042 veteres
954 2990 1081 3043 editiones
1108 2998 1136 3042 et
1164 2992 1250 3047 Voss.
1276 2993 1419 3054 sanusne,

185 3053 263 3104 qaam
281 3034 474 3100 aaczlsam,sed
493 3046 543 3085 etsi
560 3039 666 3084 interut
680 3034 788 3102 arquid,
824 3059 931 3111 Modim
950 3066 978 3111 e,
995 3058 1114 3111 Freinsh·
1144 3064 1283 3116 concioni·
1317 3061 1355 3115 De
1369 3056 1424 3112 πὶ,

184 3113 274 3156 tamen
296 3120 375 3171 saepe
401 3109 542 3172 utriunque
569 3099 620 3153 dici
646 3108 735 3170 potest
761 3110 789 3153 et
824 3136 904 3197 ptum
929 3126 1000 3179 νοεῖς
1026 3128 1075 3180 hoe
1106 3137 1226 3197 annoto,
1259 3148 1295 3185 ex
1320 3126 1424 3183 undecim

184 3171 298 3238 dicitur,
333 3179 364 3223 ¹¹¹⁵
389 3188 431 3240 aP·
460 3168 514 3223 Cic·
542 3170 576 3221 de
602 3178 669 3221 mal·
695 3177 727 3235 l,
755 3176 787 3250 42
826 3196 901 3249 codd.
920 3195 1016 3248 nostris
1034 3213 1115 3248 unum
1132 3204 1248 3253 tantum
1272 3199 1343 3253 Flor.
1364 3193 1425 3250 Bli-

182 3242 324 3309 perfectam
352 3250 434 3290 ortem
460 3239 527 3289 iaris
554 3239 680 3290 habebitis
704 3257 790 3307 rrruyrs
826 3273 885 3317 wa
903 3282 916 3316 c
937 3280 1029 3316 vocem
1051 3263 1218 3333 exprimere,
1245 3276 1349 3321 ΜΟ,
1370 3264 1425 3318 „peut

185 3307 533 3403 mnpnam‘ctpuetaberem
560 3323 638 3373 qaam
657 3308 791 3375 dffcr'lem
827 3332 962 3385 edidimus·
998 3332 1040 3386 Cp
1064 3332 1094 3386 c·
1120 3332 1285 3390 Schneideri
1307 3336 1386 3395 Elem·
1399 3329 1425 3383 h

186 3373 518 3439 etobscurum‚L1v.1X,
544 3380 575 3426 22
600 3391 646 3425 aec
663 3385 692 3426 ut
700 3376 737 3442 fit
756 3377 794 3456 nd
826 3401 858 3454 L·
876 3419 904 3471 p·
923 3408 981 3453 251.

186 3444 261 3495 ducis
281 3460 370 3494 casnm
383 3444 510 3509 perculsa
528 3443 613 3512 moyis
632 3460 710 3511 quam
728 3462 792 3496 arra·
868 3497 873 3508 ,
1007 3496 1013 3508 ,
1148 3492 1155 3506 .
1396 3491 1402 3503 .

186 3521 242 3563 ,ata
261 3520 299 3562 ,335
316 3511 461 3562 multitudo,
862 3515 891 3547 aa
917 3497 974 3548 salo
1002 3503 1110 3560 tactam,
1134 3502 1205 3548 sicut
1234 3495 1310 3549 solus
1335 3492 1426 3546 Modus

221 3581 244 3645 ς,
263 3585 304 3630 20,
338 3578 503 3643 syracusani
521 3587 572 3630 pum
591 3580 715 3699 Africam
732 3598 792 3633 ure,
828 3564 921 3644 edidit,
940 3571 1076 3633 praestant
1094 3580 1186 3615 onmes
1204 3564 1297 3617 nostri
1314 3570 1343 3616 et
1359 3559 1426 3615 sak.

186 3647 259 3716 boat]
282 3647 347 3698 Tum
356 3646 384 3697 in
392 3653 513 3726 utroque
521 3646 601 3700 Bern.
634 3647 682 3701 lor.
691 3649 795 3703 ABCH
827 3633 929 3686 ⁰⁰d¹00⁸
946 3650 996 3701 P¹'⁰
1013 3631 1084 3701 vulg·
1102 3633 1200 3684 ladam
1220 3634 1252 3685 ²⁸²²
1271 3634 1339 3686 δαῖθ’

184 3713 291 3784 legitur,
310 3723 454 3794 practerea
471 3734 497 3767 m
514 3714 588 3767 Leid.
610 3720 682 3770 Voss.
694 3724 717 3769 1.
743 3717 793 3771 Ce-
864 3722 888 3783 §.
907 3723 948 3769 22.
967 3719 1045 3786 qnasi
1062 3718 1108 3768 illo
1126 3719 1208 3768 dcoA
1233 3719 1280 3770 oll.
1300 3712 1426 3779 retentura]

185 3783 237 3836 teri
261 3783 321 3836 libri
339 3783 412 3837 Flor.
431 3795 491 3837 tanc
508 3783 577 3836 sicut
595 3784 676 3854 vulgo
694 3785 791 3852 editur,
827 3785 872 3839 Sic
889 3786 962 3837 Leid.
982 3784 1057 3837 Voss.
1082 3785 1176 3850 ambo,
1233 3802 1292 3838 ern.
1317 3796 1425 3853 uterque,

185 3869 272 3922 neque
306 3869 375 3922 nego
407 3869 482 3923 posse
508 3852 621 3921 probari.
665 3853 791 3907 Ceterum
826 3855 898 3906 Flor.
924 3853 1078 3907 ABCEGH
1112 3870 1163 3922 pro
1199 3855 1278 3924 vulg.
1306 3848 1426 3914 retentari,

185 3919 408 3989 Syracusanorum
426 3923 491 3974 haec
508 3920 609 3974 obsidio
623 3921 791 3990 Carthaginis
827 3923 898 3992 quod
916 3922 1002 3974 minus
1020 3922 1125 3989 elegans
1149 3937 1201 3974 nee
1224 3922 1293 3975 satis
1317 3919 1426 3974 emend*

184 3989 332 4108 Apathocle
351 3991 417 4043 duce
435 4006 502 4060 quae
519 4007 572 4041 una
589 3992 660 4043 facta
678 3999 719 4043 est
729 3999 790 4060 post
825 4000 892 4057 tum,
911 3990 1034 4111 ‹puoriam
1052 3992 1097 4042 illo
1116 3992 1163 4041 deo
1182 4007 1240 4043 non
1254 3997 1331 4044 recte
1343 3987 1427 4042 dicitur

184 4059 208 4108 A

185 4128 309 4180 memoria
323 4126 349 4179 la
368 4145 410 4180 sus
426 4129 476 4180 hoc
489 4125 789 4192 adiecisse,.velbellu1n
824 4128 963 4182 Ablativos
999 4126 1132 4180 absolutos
1169 4136 1265 4179 autem
1297 4145 1351 4180 non
1376 4136 1426 4176 raro

186 4191 261 4246 civile
279 4197 311 4248 ab
330 4147 460 4250 llimnone
483 4202 584 4247 motum
603 4212 662 4247 cum
680 4194 725 4248 illo
743 4212 789 4248 ex·
824 4198 904 4249 etiam
921 4195 1068 4266 participiis
1085 4195 1134 4247 fut.
1152 4204 1206 4248 act.
1226 4194 1287 4248 fieri
1311 4192 1385 4249 docui
1403 4189 1424 4242 iu

186 4267 263 4315 terno
280 4263 425 4316 confudisse
442 4264 571 4318 videntur.
823 4284 932 4333 gramm.
953 4270 976 4331 §.
988 4272 1045 4318 643.
1080 4262 1213 4333 Apollinis
1239 4271 1334 4316 autem
1357 4261 1424 4315 simn-

221 4340 294 4408 eatra
313 4342 406 4384 sortem
424 4333 566 4386 commanis
578 4333 704 4400 periculi]
728 4331 789 4386 Hoc
823 4335 924 4387 lacrum
947 4352 1000 4386 non
1027 4333 1162 4412 Syracusis
1187 4333 1237 4384 sed
1267 4331 1337 4385 Gela
1354 4329 1424 4383 abdu-

185 4400 278 4451 ordme
302 4401 383 4453 verba
406 4400 537 4454 collocant
555 4416 645 4454 omnes
662 4399 723 4454 libri
740 4420 788 4457 no-
823 4411 896 4457 etum
913 4402 1000 4458 verius
1016 4401 1094 4456 Diod.
1114 4414 1180 4467 xm,
1202 4406 1255 4454 108
1274 4401 1366 4454 tradit.

220 4058 329 4111 exandri
347 4067 468 4128 tempora
485 4057 552 4123 fiiis,
571 4066 602 4110 ut
621 4058 729 4112 Curtius
746 4060 789 4111 vel
824 4079 874 4130 pro
898 4061 908 4111 i
929 4061 971 4112 ias
995 4077 1073 4128 opera
1101 4057 1155 4109 sive
1173 4076 1230 4126 per
1256 4061 1333 4112 illum
1357 4058 1439 4110 desa·
