2984 5176
543 285 593 335 mr
621 285 746 338 oosms
773 286 881 338 max.
908 288 958 356 v1,
977 283 1020 336 aa
1320 268 1392 340 ⁸261

103 487 132 535 32
152 467 255 542 trorris
286 481 362 543 tneo
382 469 539 572 focinus,
566 483 596 543 et
620 496 678 570 opo
712 468 866 548 Cebalino
900 469 1009 570 acopis
1041 499 1143 572 quom
1177 473 1324 547 Philotae
1358 474 1397 546 id

151 579 328 653 moconiro
356 584 480 683 fateor.
537 582 718 657 Faventem
750 584 846 657 lohes
878 583 1038 675 iudicem,
1072 583 1117 675 si,
1153 585 1242 684 qnod
1265 585 1397 658 edormi

103 709 131 756 33
150 714 223 764 noo
256 693 414 788 oportuni,
448 693 562 768 sobam
593 696 712 794 nopori
734 707 851 795 potest.
909 692 969 766 Ad
995 696 1084 768 haec
1108 693 1270 768 Philotas
1296 696 1393 769 haud

152 827 243 877 sane
268 802 440 902 trepidus,
467 805 497 877 si
524 809 662 881 animus
688 809 792 881 vultu
818 806 1076 896 aestimaretur,
1091 802 1299 880 Cebalinum
1321 809 1394 903 qui-

155 912 242 988 dem
268 916 378 990 scorti
403 941 604 992 sermonem
629 919 677 992 ad
703 945 741 991 se
768 918 953 1008 detulisse,
986 916 1051 991 sed
1081 918 1198 1014 ipsum
1226 931 1298 992 tam
1323 920 1395 992 levi

151 1027 295 1100 auctori
320 1027 408 1101 nihil
433 1028 627 1105 credidisse
653 1028 848 1127 respondit,
868 1028 1032 1117 veritum,
1051 1053 1097 1099 ne
1122 1028 1276 1126 iurgium
1301 1030 1394 1104 inter

151 1146 353 1212 amatorem
388 1149 425 1212 et
456 1143 637 1215 exoletum
672 1167 745 1213 non
780 1139 856 1214 sine
895 1141 969 1212 risu
1000 1139 1150 1212 aliorum
1188 1140 1391 1214 detulisset:

103 1266 132 1313 ³4
152 1272 238 1321 cum
268 1247 421 1351 Dimnus
453 1250 677 1326 interemerit
711 1261 839 1341 semet,
876 1250 1133 1348 qualiacunque
1168 1262 1286 1341 erant,
1321 1279 1393 1325 non

150 1358 265 1432 finisse
298 1361 489 1435 reticenda.
554 1360 842 1460 Complexusque
877 1388 999 1460 regem
1035 1386 1137 1434 orare
1179 1362 1312 1459 coepit,
1353 1372 1394 1434 ut

145 1471 384 1567 'praeteritam
409 1474 522 1547 vitam
547 1474 677 1571 potius,
704 1499 811 1569 quam
837 1475 987 1572 culpam,
1008 1473 1137 1546 silentii
1162 1482 1293 1564 tamen,
1319 1499 1392 1546 non

103 1599 131 1649 rs
149 1581 240 1655 facti
273 1583 394 1674 ullius,
429 1585 637 1659 intueretur.
689 1583 797 1658 Haud
822 1586 924 1658 facile
951 1583 1120 1676 dixerim,
1150 1584 1391 1660 credideritne

151 1693 188 1768 ei
212 1719 298 1786 ren,
334 1721 380 1770 an
407 1697 512 1770 altius
539 1698 630 1769 iram
664 1698 917 1794 suppresserit:
953 1696 1119 1773 dextram
1144 1694 1390 1769 reconciliatae

151 1807 292 1904 gratiae
317 1807 447 1906 pignus
472 1809 612 1898 obtulit,
632 1817 669 1880 et
694 1817 939 1906 contemptum
964 1808 1087 1905 magis,
1107 1833 1213 1903 quarn
1239 1808 1392 1883 celatum

151 1917 325 1991 indicium
350 1943 440 2008 esse,
466 1918 580 1992 videri
606 1920 672 1992 sibi
700 1918 800 1992 dixit.

103 2047 171 2096 vm·
258 2027 450 2105 Advocato
475 2039 554 2104 tum
580 2032 726 2105 consilio
753 2031 962 2117 amicorum,
998 2030 1055 2103 cui
1085 2039 1207 2102 tamen
1232 2028 1442 2105 Philotes29

115 2139 336 2216 redhibitus
361 2167 436 2215 non
462 2152 528 2235 est,
554 2141 809 2216 Nicomachum
834 2140 1013 2214 introduci
1037 2140 1146 2214 iubet.
1193 2140 1229 2214 ls
1256 2142 1391 2235 eadem,

152 2277 246 2350 quae
282 2252 460 2327 detulerat
485 2253 532 2327 ad
558 2280 695 2353 regem,
728 2253 852 2327 ordine
879 2251 1054 2349 exposuit.
1106 2251 1196 2326 Erat
1222 2252 1390 2329 Craterus

150 2364 230 2462 regi
256 2389 359 2439 carus
383 2365 421 2438 in
447 2367 579 2464 paucis,
594 2375 631 2440 et
649 2392 691 2439 eo
717 2363 880 2439 Philotae
907 2364 953 2436 ob
981 2365 1253 2441 aemulationem
1280 2364 1390 2464 digni·

115 2477 241 2550 atatis
268 2475 462 2567 adversus;
496 2503 613 2574 neque
639 2478 845 2576 ignorabat,
881 2500 987 2573 saepe
1013 2475 1211 2550 Alexandri
1246 2478 1391 2552 auribus

150 2588 263 2661 nimia
287 2589 477 2662 iactatione
502 2589 646 2662 virtutis
673 2598 780 2686 atque
807 2612 937 2685 operae
964 2612 1111 2685 gravem
1137 2590 1255 2681 firisse,
1282 2599 1319 2663 et
1345 2590 1391 2662 ob

151 2724 198 2773 ea
228 2725 304 2796 non
336 2700 479 2796 quidem
509 2700 668 2791 sceleris,
703 2698 768 2772 sed
800 2701 1043 2773 contumaciae
1077 2709 1198 2774 tamen
1230 2725 1308 2775 esse
1335 2727 1391 2775 su·

185 2903 210 2970 ξ.
228 2907 271 2956 33.
289 2919 341 2955 non
358 2904 479 2971 oportuit]
498 2901 606 2974 Optime
620 2900 756 2954 sicemen·
790 2908 846 2954 tem
872 2919 931 2955 cum
954 2901 1095 2954 abhorreat
1117 2903 1150 2954 ab
1177 2902 1307 2972 elegantia
1333 2919 1391 2956 ora-

149 2968 226 3023 dsvit
244 2969 328 3023 Hadr.
347 2969 451 3037 Iunius,
469 2970 623 3041 recepitque
641 2969 755 3023 Medius.
790 2969 870 3023 tionis
881 2968 1034 3035 Curtianae,
1050 2986 1161 3040 cumque
1178 2978 1306 3040 perpetua
1320 2970 1392 3024 sitin

150 3038 224 3092 Nam
247 3040 319 3159 qpod
341 3038 401 3093 libri
424 3039 515 3110 scripti
533 3046 662 3110 quantum
678 3038 756 3090 video
789 3037 863 3091 libris
890 3055 950 3090 mss.
978 3037 1082 3090 illorum
1104 3039 1242 3092 verborum
1265 3038 1390 3105 confusio,

149 3123 242 3161 omnes
278 3108 373 3174 abent,
400 3109 553 3177 nonpotuit
570 3105 755 3177 semetipsum
789 3106 902 3176 primum
920 3115 982 3172 lom,
1001 3105 1094 3158 deinde
1112 3116 1197 3159 tomen
1215 3106 1315 3177 scripsi,
1333 3124 1392 3160 sen-

148 3174 251 3247 prodit.
789 3173 890 3227 tentiae
907 3181 978 3228 certe
996 3173 1033 3227 sio
1050 3174 1224 3244 probabiliter
1236 3175 1392 3229 succurrisse

185 3248 211 3311 S.
229 3250 272 3298 33.
290 3246 337 3297 Ad
353 3246 438 3366 1αωῦ
446 3243 491 3298 Sic
508 3243 570 3297 libri
586 3261 648 3296 mss.
665 3260 755 3297 omnes
789 3242 866 3296 risus.

149 3318 180 3365 et
206 3311 272 3364 edit.
291 3311 368 3376 Mod.
437 3313 501 3382 ulgo
527 3314 565 3365 od
589 3314 653 3379 hoc,
684 3313 756 3382 quod
824 3317 846 3378 §.
864 3319 889 3366 3.
915 3312 1055 3365 iactatione
1073 3313 1187 3383 virtutis]
1217 3312 1315 3367 Omnes
1332 3312 1392 3366 libri

148 3382 222 3453 apud
241 3379 364 3434 Curtium
381 3380 513 3450 significat
530 3380 547 3433 i.
567 3397 592 3450 q.
610 3388 755 3460 praeterea,
789 3388 892 3433 veteres
914 3382 1022 3434 actione.
1057 3379 1163 3434 Modius
1184 3381 1212 3434 in
1231 3381 1392 3436 Coloniensi·

185 3453 210 3519 §.
229 3456 272 3503 34.
294 3451 451 3503 interonerit
468 3450 557 3519 semet]
593 3447 638 3502 Sro
654 3449 705 3502 scri
724 3449 755 3515 ti,
789 3450 838 3502 bus
861 3448 1019 3502 membranis
1046 3457 1155 3503 annotat
1181 3450 1234 3521 legi
1260 3453 1393 3505 taxatione

148 3526 181 3572 ut
198 3515 267 3570 editi
284 3535 312 3570 se
329 3519 423 3587 speum,
441 3518 514 3588 quod
527 3517 554 3569 in
568 3534 621 3570 uno
638 3468 756 3571 estFlor.
790 3525 818 3570 et
827 3518 919 3570 eadem
927 3535 1008 3570 manu
1017 3518 1177 3589 adscriptum
1189 3522 1228 3572 vel
1242 3522 1392 3587 iactatione,

148 3586 172 3641 Ι.
208 3585 266 3640 Sed
291 3585 363 3640 Flor.
387 3583 414 3640 G
439 3594 467 3639 et
489 3585 552 3640 edit.
577 3586 652 3638 Mod.
678 3595 755 3638 semet
789 3585 881 3656 itaque
891 3586 975 3651 edidit
984 3586 1047 3657 ipsc.
1072 3587 1180 3658 Optime
1189 3588 1226 3642 sic
1235 3587 1393 3650 emendavit,

149 3655 325 3721 interemerit,
364 3654 524 3708 deteriorum
558 3655 638 3708 turba
663 3655 755 3707 interi-
790 3654 906 3725 quisquis
934 3654 998 3722 fuit,
1026 3663 1103 3709 vetus
1124 3674 1159 3709 an
1180 3674 1279 3711 reeens.
1322 3657 1393 3710 Nam

149 3733 239 3777 meret.
788 3731 865 3776 extat
886 3723 1013 3776 Modiana
1037 3725 1116 3778 lectio
1138 3723 1191 3778 iam
1208 3725 1236 3778 in
1262 3724 1325 3778 edit.
1348 3725 1392 3776 Iu-

184 3793 209 3861 ᾗ.
228 3797 271 3846 35.
308 3793 438 3862 dostram]
464 3794 607 3845 donarem
630 3791 712 3844 Bern.
728 3792 755 3844 A
788 3791 867 3846 niana
887 3799 916 3845 et
933 3791 1098 3846 coniecturae
1122 3793 1210 3863 potius
1227 3793 1297 3846 Iunii
1332 3810 1393 3844 uam

149 3858 224 3915 Flor.
244 3857 303 3914 OG.
788 3859 885 3914 veteris
902 3860 963 3913 libri
985 3859 1120 3914 collationi
1143 3861 1270 3930 originem
1287 3811 1392 3914 videtur

185 3927 252 4000 Gap
266 3933 310 3996 29,
328 3932 351 3995 ς.
366 3933 388 3980 1.
406 3937 459 3981 tam
476 3929 585 3982 consilio
603 3929 753 3996 amicorum,
789 3929 893 3982 debere.
931 3928 985 3983 Sed
1010 3928 1047 3982 sio
1072 3929 1126 3982 fere
1152 3937 1213 3998 post
1239 3929 1392 3983 Ciceronem

150 3998 195 4051 oui
218 4006 305 4050 tameo
330 3996 463 4064 Philotos]
498 3997 586 4049 Ausus
608 4014 666 4049 sum
688 3997 713 4050 h.
735 3997 754 4051 Ι.
788 3999 948 4068 loquuntur,
979 4015 1040 4057 curu
1070 3996 1115 4050 ille
1145 3996 1208 4050 olim
1237 3997 1392 4050 iactantiam

149 4062 265 4137 aliquid,
291 4065 362 4136 quod
379 4065 414 4118 ad
431 4064 577 4118 orationem
594 4065 756 4119 constituen—
790 4066 879 4136 potius
897 4064 1015 4119 dixisset.
1454 4070 1456 4075 ⁴

149 4135 212 4187 dam
236 4131 411 4187 necessarium
437 4133 537 4203 putavi.
572 4133 669 4187 Editur
686 4133 756 4188 enim
825 4145 910 4188 tomen
927 4152 983 4188 esse
1000 4137 1157 4203 suspectum]
1184 4132 1274 4202 Vulgo
1293 4131 1393 4186 omitti-

149 4202 233 4272 vulgo
250 4205 377 4256 advocato
395 4211 480 4255 tamen
501 4233 535 4243 —
557 4204 601 4255 cul
626 4212 679 4255 tum
704 4204 756 4256 Pl.
790 4210 835 4257 tur
857 4221 921 4257 esse.
956 4203 1032 4256 Duae
1058 4210 1119 4255 sunt
1144 4201 1281 4256 lectiones:
1308 4211 1394 4254 tamea

151 4271 226 4342 quod
250 4288 304 4324 non
330 4286 489 4341 magnopere
514 4270 708 4340 improbarem,
735 4271 756 4324 si
791 4290 847 4325 esse
864 4271 958 4342 optimi
975 4272 1074 4325 habent
1091 4270 1165 4324 Laid.
1184 4270 1260 4324 Voss.
1280 4276 1292 4322 l
1311 4270 1392 4323 Bern.

151 4349 203 4393 torn
221 4337 250 4392 in
266 4337 560 4410 codicibuslegeretur.
578 4339 678 4393 Verum
695 4339 756 4395 libri
790 4341 816 4394 A
832 4340 903 4394 Flor.
921 4339 995 4394 ABG
1014 4356 1075 4392 oum
1092 4338 1156 4393 edit.
1173 4338 1315 4405 Modiana,
1339 4348 1393 4392 tom

150 4424 212 4463 msa
230 4413 346 4479 utroque
362 4407 422 4463 loco
439 4417 526 4463 tomen
542 4408 651 4464 habent.
668 4409 701 4463 Id
710 4425 756 4462 au·
790 4407 859 4479 (sine
870 4410 938 4480 esse)
954 4409 982 4464 in
995 4406 1103 4480 rahquis
1120 4416 1170 4477 est,
1187 4414 1295 4481 praeter
1311 4425 1393 4464 unum
