2984 5176
452 285 502 334 nn
529 284 656 337 essars
682 284 792 338 arax.
819 286 870 357 111,
901 284 944 334 aa.
1272 269 1319 342 55

69 470 207 542 litteras
235 468 283 540 ad
307 466 559 541 Alexandrum
598 495 622 540 a
646 471 825 566 praefecto
851 470 1019 546 Damasci
1053 471 1182 545 missas
1208 471 1321 548 tradit

10 616 34 663 s,
69 581 113 672 ei,
154 605 221 653 nee
256 579 422 653 dubitare
458 603 551 669 eum,
585 579 671 674 quin
704 606 846 654 omnem
886 584 1021 681 regiam
1059 585 1319 682 supellectilem

10 710 48 773 „a
69 717 154 764 cum
180 692 331 788 pecunia
356 689 530 778 traderet,
557 688 695 762 adiecit.
734 691 933 785 Parmeni0,
959 695 1137 769 asservari
1151 721 1194 769 eo
1208 697 1316 790 iussa,

10 818 44 887 fi.
67 804 208 876 litteras
236 803 368 901 aperit:
393 801 432 872 in
459 800 538 895 quis
565 810 643 873 erat
669 802 851 900 scriptum,
876 814 918 876 ut
941 816 1082 879 mature
1108 805 1318 892 Alexander

10 928 35 999 μ’
68 915 226 1010 aliquem
253 939 303 986 ex
328 911 482 989 ducibus
508 910 582 982 suis
613 913 773 986 mitteret
804 939 887 986 cum
916 939 1026 989 manu
1056 917 1196 1015 exigua.
1249 920 1318 996 Ita·

29 1045 140 1122 sque
166 1023 337 1096 Mardum
364 1020 458 1093 datis
491 1021 681 1095 comitibus
716 1022 764 1094 ad
793 1023 1014 1120 proditorem
1043 1030 1202 1103 remittit.
1254 1031 1318 1107 Ille

10 1180 30 1227 χ
68 1161 90 1208 ε
116 1136 286 1208 manibus
315 1130 594 1204 custodientium
614 1132 749 1229 lapsus,
774 1121 993 1207 Damascum
1018 1147 1101 1211 ante
1126 1141 1244 1214 lucem
1268 1144 1318 1216 in·

10 1292 30 1341 ᾗ
68 1255 157 1318 trat.
211 1243 440 1315 Turbaverat
477 1266 520 1314 ea
556 1267 616 1314 res
643 1241 891 1318 Parmenionis
925 1246 1084 1321 animum
1107 1248 1253 1324 insidias
1277 1254 1319 1324 ti·

10 1388 25 1455 ’Ξ
68 1355 216 1444 mentis,
244 1364 282 1426 et
306 1353 468 1454 ignotum
491 1353 561 1424 iter
587 1355 663 1426 sine
691 1353 783 1427 duce
808 1380 882 1429 non
909 1355 1069 1430 audebat
1092 1358 1248 1455 ingredi:
1273 1364 1320 1435 fe·

71 1464 200 1535 licitati
225 1474 346 1536 tamen
372 1465 464 1561 regis
491 1465 550 1536 sui'
573 1465 739 1555 confisus,
766 1478 939 1562 agrestes,
967 1470 1027 1565 qui
1053 1468 1164 1549 duces
1182 1470 1320 1546 itineris

70 1584 204 1665 essent,
231 1574 347 1672 excipi
372 1574 482 1646 iussit.
537 1571 676 1662 Quibus
715 1577 878 1651 celeriter
901 1579 1063 1676 repertis,
1103 1590 1234 1675 quarto
1261 1582 1318 1656 die

10 1748 13 1755 .
65 1684 118 1756 ad
145 1685 270 1757 urbem
308 1684 484 1783 pervenit,
514 1685 586 1757 iam
612 1696 796 1761 metuente
828 1691 1020 1786 praefecto,
1059 1714 1105 1762 ne
1132 1691 1200 1764 sibi
1226 1692 1317 1769 fides

16 1814 42 1863 a
62 1795 192 1867 habita
223 1821 298 1868 non
332 1805 439 1869 esset.
490 1794 605 1892 Igitur
638 1799 740 1893 quasi
772 1824 902 1895 parum
932 1800 1164 1873 munimentis
1195 1803 1324 1901 oppidi.

61 1905 194 1997 fidens,
221 1917 307 1980 ante
339 1908 426 1980 solis
461 1916 582 1980 ortum
616 1908 806 2004 pecuniam
839 1911 985 2006 regiam,
1018 1909 1162 2007 (gazam
1185 1911 1319 1986 Persae

60 2015 227 2116 vocant)
254 2044 338 2091 cmn
371 2018 637 2116 pretiosissimis
670 2042 792 2091 rerum
824 2020 941 2092 efferri
975 2019 1085 2110 iubet,
1125 2021 1249 2119 fugam
1275 2022 1318 2095 si·

59 2129 218 2219 mulans,
246 2154 286 2202 re
312 2155 411 2220 vera,
437 2139 479 2201 ut
504 2128 678 2226 praedam
703 2129 800 2201 hosti
825 2131 979 2203 offerret.
1279 2218 1285 2228 Ι

10 2258 41 2308 (i
171 2238 287 2343 Multa
313 2240 411 2312 milia
435 2241 596 2312 virorum
621 2238 903 2338 feminarumque
929 2240 1163 2316 excedentem
1184 2244 1368 2342 oppido34

63 2350 323 2446 sequebantur,
351 2350 517 2423 omnibus
545 2349 755 2423 miserabilis
781 2350 898 2441 turba,
925 2363 1069 2450 praeter
1095 2380 1188 2447 eum,
1216 2357 1320 2429 cuius

61 2460 152 2533 fidei
179 2463 369 2535 commissa
396 2471 483 2535 erat.
538 2457 677 2559 Quippe
705 2486 775 2557 quo
801 2461 915 2534 maior
939 2463 1152 2560 proditionis
1179 2489 1316 2538 merces

61 2573 172 2661 foret,
200 2572 353 2645 obiicere
379 2573 476 2644 hosti
513 2573 665 2670 parabat
696 2573 890 2669 gratiorem
915 2575 1013 2645 omni
1038 2577 1190 2672 pecunia
1215 2601 1317 2673 prae·

63 2683 170 2772 dam,
202 2683 340 2756 nobiles
372 2683 487 2772 viros,
513 2694 730 2780 praetorum·
751 2681 860 2756 Darei
901 2686 1070 2781 coniuges
1104 2688 1317 2780 liberosque,

11 2813 41 2862 ἰ
61 2804 214 2893 praeter
240 2794 307 2866 hos
335 2789 553 2866 Graecarum
578 2794 721 2867 urbium
746 2794 895 2890 legatae,
932 2820 1021 2891 quos
1049 2794 1189 2868 Dareus
1216 2794 1319 2864 velut

103 2999 128 3064 ξ.
148 3002 173 3048 3.
196 3012 253 3047 cum
270 3011 352 3046 mauu
370 2996 478 3066 eaipua]
514 2994 633 3047 Additur
649 2992 678 3045 in
713 2993 797 3059 cauo,
814 3006 857 3057 w,
876 2998 907 3043 21
925 2992 1014 3057 filiam
1037 2990 1168 3056 (Statirae
1192 2998 1249 3040 erat
1272 3006 1318 3039 uo-

63 3063 193 3118 omnibus
211 3062 285 3114 codd.
303 3079 363 3115 mss.
386 3078 493 3132 cumque
519 3080 566 3114 rea
589 3073 677 3114 teneas
713 3062 794 3126 meu),
822 3065 915 3123 1v,8t
943 3072 1044 3109 amnem
1067 3056 1204 3123 (Boumelo
1228 3071 1321 3105 norrea

65 3135 160 3202 ipsum
189 3129 342 3196 (deteriores
368 3134 437 3197 eum)
464 3132 622 3200 reliquisset,
650 3128 678 3181 in
714 3129 776 3195 est),
794 3141 836 3193 V1,
854 3133 887 3179 26
906 3127 944 3177 ad
951 3125 1070 3194 fratrem
1099 3122 1241 3191 (Cebalino
1263 3129 1320 3173 erat

89 3199 170 3252 uibus
188 3197 274 3251 verbis
291 3198 443 3252 coniectura
460 3199 619 3269 experienda
628 3204 677 3250 est.
713 3195 830 3263 nomeu),
855 3208 897 3260 vr,
916 3200 948 3247 31
973 3192 1077 3243 Arabes
1099 3199 1217 3243 sectant
1240 3189 1320 3257 (Tro-

66 3219 147 3324 luto
166 3265 228 3320 olim
244 3266 334 3320 luisse:
354 3269 397 3320 eui
415 3271 530 3320 traderet
547 3284 677 3336 quaecun-
711 3266 827 3334 plodytis
845 3278 985 3332 copnomeu
1003 3261 1063 3328 est).
1123 3259 1199 3313 aad
1224 3272 1265 3325 1v,
1285 3263 1318 3312 56

66 3355 120 3408 que
138 3354 186 3388 rea
198 3352 281 3406 penes
299 3337 386 3405 ipsum
403 3337 560 3404 reliquisset.
584 3333 678 3404 Sequi·
713 3340 783 3386 extr.
801 3347 842 3398 VI,
863 3338 904 3399 10,
924 3337 949 3384 6.

66 3417 116 3460 tur
134 3407 231 3473 Itaque
249 3404 378 3457 Mardum
398 3408 470 3471 (nam
488 3402 516 3456 in
532 3401 607 3455 Leid.
625 3420 680 3455 non
750 3401 814 3471 Cap.
833 3408 876 3468 34,
897 3402 931 3521 Ιξ
950 3405 974 3452 6.
1010 3398 1128 3451 omnibus
1145 3397 1317 3464 miserabilis]

65 3491 128 3528 esse
149 3475 239 3542 itaque
256 3471 302 3524 vix
323 3472 424 3539 eredo),
449 3473 496 3524 sed
516 3470 680 3524 interiiciunt
715 3472 798 3524 amuis
816 3469 888 3523 Flor.
926 3465 1025 3534 EFHI,
1044 3468 1174 3520 mirabilis
1192 3466 1274 3519 Bern.
1292 3467 1319 3518 A

68 3543 191 3596 editores
208 3541 302 3606 eodem
319 3557 457 3607 consensu,
475 3558 528 3620 quo
545 3539 680 3609 superiora
714 3537 786 3591 Flor.
804 3538 854 3590 AB
883 3537 942 3604 (sed
959 3536 1058 3588 factum
1075 3534 1221 3589 recentiore
1237 3551 1318 3587 manu

67 3613 118 3666 illa
144 3609 329 3674 sustulerunt,
357 3625 386 3661 re
413 3619 528 3677 capuita,
555 3607 627 3688 quod
652 3607 681 3659 in
714 3608 875 3660 mirantibus
891 3606 986 3670 turbis)
1015 3602 1066 3657 OG
1091 3604 1172 3672 (corr.
1194 3603 1242 3656 alt.
1260 3607 1317 3669 nu).

66 3677 193 3798 margipe
209 3678 268 3732 cod.
285 3677 310 3728 Ε
328 3676 434 3746 legitur,
460 3694 477 3729 a
493 3685 588 3730 cetum
604 3693 680 3747 pror·
715 3673 798 3728 Vides
824 3691 859 3727 ne
884 3672 998 3745 optimos
1015 3671 1122 3742 quidem
1146 3670 1248 3725 mendis
1275 3687 1317 3724 ca-

69 3765 119 3801 sus
137 3765 154 3798 a
172 3753 220 3798 est.
715 3760 782 3796 rere.

108 3818 132 3883 ς.
161 3820 184 3866 5.
217 3833 315 3884 gazam
341 3814 441 3867 Persae
472 3813 576 3883 vocant]
608 3811 677 3865 Edd.
747 3811 885 3864 commissa
904 3808 972 3876 e'rat]
1009 3807 1053 3861 Sic
1076 3807 1136 3862 libri
1153 3825 1214 3859 mss.
1233 3804 1318 3856 nostri

88 3891 181 3937 raeter
198 3882 353 3937 Medianum
370 3899 386 3934 e
410 3881 583 3935 deterioribus
605 3879 679 3934 libris
714 3879 842 3945 etSnak.;
860 3893 950 3930 omnes
967 3876 1032 3929 editi
1049 3884 1156 3946 praeter
1163 3870 1319 3950 Medianum

66 3905 169 4006 ductae
196 3969 290 4019 quam
320 3968 417 4019 gazam
447 3951 548 4003 Persae
578 3957 678 4002 vocant.
714 3948 805 4000 eadem
856 3944 967 3998 rtinacia
975 3946 1089 4014 fuerat,·
1116 3958 1191 4010 quasr
1208 3955 1261 4014 ram
1278 3954 1319 3989 sc·

67 4021 204 4102 Ignorant
228 4018 438 4071 additamentum
461 4034 495 4071 ex
518 4017 580 4071 olim
600 4016 679 4070 colla·
714 4015 772 4069 luto
789 4034 807 4068 ο
835 4013 883 4067 cio.
918 4014 988 4066 Item
1015 4010 1137 4077 deinceps
1159 4005 1319 4083 proditionis

67 4099 105 4143 trs
123 4090 186 4141 Bon
207 4127 213 4140 .
232 4086 307 4139 Leid.
328 4088 401 4140 Voss.
422 4096 445 4152 1,
464 4103 479 4139 ε
497 4085 594 4140 nostris
607 4085 679 4138 Flor.
715 4100 812 4137 maces
830 4100 890 4134 mss.
910 4080 1017 4162 quidem
1040 4092 1139 4155 omnes,
1162 4091 1190 4124 m
1207 4071 1317 4150 Voss32

69 4155 179 4212 ABOG
221 4173 276 4208 ern.
294 4155 327 4207 A.
346 4155 421 4208 Solet
441 4155 549 4208 Curtius
566 4154 594 4207 in
612 4158 680 4206 eius·
716 4152 789 4204 cuius
824 4168 877 4202 non
912 4151 943 4202 at
973 4152 1074 4198 mentre
1099 4155 1239 4194 numerare
1264 4157 1318 4217 ντες

68 4225 146 4280 modi
172 4222 391 4295 explicationibus
427 4223 550 4276 omittere
580 4238 678 4293 prono·
714 4220 779 4272 editi
797 4215 988 4288 praeteritlod.
1002 4211 1159 4280 proditoris,
1175 4207 1245 4259 male
1263 4224 1319 4259 sine

69 4311 148 4348 men:
166 4307 207 4360 1v,
228 4301 242 4346 9
251 4295 363 4362 ferreae
381 4309 475 4345 atauus
495 4294 680 4361 (harpagonas
716 4287 806 4340 dubio.
1271 4341 1276 4351 ⁸

69 4364 189 4430 erucam),
209 4377 249 4429 vr,
268 4367 300 4415 31
311 4362 416 4431 sontem
435 4362 512 4430 (solis
530 4374 679 4428 equumve·
752 4355 848 4409 Graec.
866 4345 1093 4416 urbiurnlegatos]
1112 4341 1202 4412 Vulgo
1216 4341 1320 4394 urbam
