2926 5174
384 380 387 388 ,
469 327 519 379 nr
546 315 672 380 onsrrs
697 325 807 381 mss.
833 328 883 398 1v,
911 325 953 374 os·
1260 311 1332 385 159

105 510 198 600 acies,
224 534 334 606 quam
359 509 425 584 hae
451 510 680 584 tumultarise
705 533 844 600 manus,
857 510 1105 587 vehementius
1131 512 1241 589 iniere
1260 540 1334 589 cer·

91 630 223 695 sumen.
276 618 438 693 Tandem
462 621 616 710 barbari,
643 645 726 692 cum
751 621 904 696 obscura
928 624 1008 697 luce
1033 624 1146 697 tutior
1170 625 1257 722 fuga
1282 625 1333 699 vi·

109 730 238 805 deretur
264 755 477 828 esse-*quam
501 757 633 831 pugna,
648 731 818 831 dispersis
844 734 1045 832 agminibus
1071 735 1201 808 abiere.
1241 735 1333 826 Rex,

110 839 377 916 extraordinario
411 843 568 940 periculo
595 843 802 935 defunctus,
837 844 1032 919 incolumes
1070 872 1154 919 suos
1187 845 1334 920 reduxit

110 951 282 1026 incastra.

91 1082 100 1130 s
195 1060 364 1136 Cecidere
390 1061 599 1156 Persarum,
640 1090 793 1161 quorum
827 1092 1016 1140 numerum
1049 1067 1205 1142 victores
1232 1068 1383 1142 finire63

113 1184 304 1272 potuerunt,
329 1175 428 1246 milia
454 1197 521 1265 xn,
556 1173 795 1248 Macedonum
820 1177 937 1249 minus
965 1201 1072 1273 quam
1099 1198 1169 1251 cco
1197 1177 1333 1253 deside·

92 1287 164 1357 trati
195 1296 288 1358 sunt.
343 1283 511 1358 Ceterum
540 1285 634 1358 hanc
666 1286 854 1359 victoriam
885 1311 952 1359 rex
985 1288 1120 1360 maiore
1157 1313 1204 1360 ex
1230 1301 1333 1388 parte

114 1396 222 1488 virtuti,
251 1422 360 1493 quam
386 1397 551 1469 fortunae
577 1420 664 1470 suae
691 1395 835 1471 debuit:
871 1398 1009 1489 animo,
1035 1424 1119 1489 non,
1146 1408 1188 1472 ut
1214 1410 1330 1492 antea,

93 1505 173 1579 slooo
195 1508 290 1581 vicit.
344 1504 439 1580 Nam
472 1517 508 1580 et
540 1508 653 1582 aciem
678 1507 892 1605 peritissime
918 1509 1106 1599 instruxit,
1142 1519 1187 1582 et·
1212 1537 1331 1609 prom·

115 1618 248 1713 ptissime
276 1619 354 1716 ipse
380 1619 573 1716 pugnavit,
610 1629 647 1692 et
682 1643 813 1717 magno
850 1619 996 1693 consilio
1023 1619 1197 1694 iacturam
1225 1623 1329 1699 sarci·

115 1751 215 1801 nsrum
250 1728 659 1827 impedimentorumque
695 1731 926 1828 contempsit,
961 1755 1043 1803 oum
1074 1731 1113 1802 in
1144 1732 1224 1830 ipso
1255 1736 1331 1814 soie

116 1835 247 1915 summae
274 1840 328 1913 rei
354 1839 494 1914 videret
519 1864 598 1914 esse
625 1839 825 1932 discrimen,
840 1840 1020 1938 dubioque
1045 1841 1163 1915 adhuc
1188 1871 1331 1943 pugnae

91 1964 106 2013 tl
117 1962 222 2024 eventu
248 1977 317 2050 pro
344 1951 481 2023 victore
508 1975 547 2024 se
572 1952 702 2049 gessit,
728 1951 912 2050 perculsos
939 1950 1068 2026 deinde
1094 1953 1253 2027 hostium
1278 1956 1330 2029 fu-

117 2058 167 2151 dit,
196 2064 390 2160 fugientes,
427 2061 523 2158 quod
547 2063 584 2135 in
610 2063 670 2136 illo
697 2061 826 2135 ardore
853 2062 960 2135 animi
987 2064 1051 2135 vix
1077 2062 1174 2137 credi
1199 2077 1331 2164 potest,

91 2171 303 2266 lprudentius
341 2198 449 2268 quam
484 2172 623 2245 avidius
661 2183 872 2271 persecutus
908 2183 972 2246 est.
1037 2172 1130 2247 Nam
1166 2176 1196 2247 si
1227 2188 1330 2275 parte

116 2285 267 2355 exercitus
295 2282 415 2355 adhuc
439 2283 477 2354 in
503 2284 576 2357 acie
604 2294 741 2372 stante,
767 2283 903 2356 instare
929 2283 1138 2359 cedentibus
1165 2312 1328 2384 perseve-

115 2403 213 2485 rasset,
239 2405 305 2466 aut
333 2394 437 2490 culpa
463 2419 527 2466 sua
554 2395 670 2466 victus
698 2404 810 2482 esset,
838 2405 901 2466 aut
927 2397 1042 2470 aliena
1067 2398 1202 2470 virtute
1228 2399 1329 2471 vicis-

116 2512 161 2574 set.
205 2504 282 2576 Iam
311 2505 343 2576 si
368 2504 632 2577 multitudinem
664 2505 824 2600 equitum
859 2509 1121 2581 occurrentium
1148 2509 1329 2581 extimuis-

115 2626 162 2704 set,
185 2616 309 2690 victori
339 2626 401 2688 aut
426 2613 531 2687 foede
556 2614 775 2713 fugiendum,
790 2627 854 2688 sut
866 2617 1114 2690 miserabiliter
1128 2617 1329 2690 cadendum

136 2851 154 2916 l.
167 2857 204 2904 25.
234 2850 368 2920 dispersis
385 2849 533 2918 aymioibus
552 2848 690 2919 quominus
725 2867 784 2903 curn
801 2854 861 2901 τῶν
877 2847 944 2920 ἀμφ’
961 2846 1147 2922 Ἀλέξανδρον
1163 2857 1270 2902 centum
1287 2864 1329 2903 oe·

112 2917 149 2970 rso·
165 2936 228 2973 erem
244 2937 296 2990 pro
315 2917 387 2986 vulg.
406 2919 517 2971 diversis
526 2934 691 2987 c9m.·csusa
725 2918 818 2973 cidisse
834 2917 924 2970 refert.

111 2936 165 3039 md
187 2996 258 3055 erat,
289 3001 381 3040 omnes
406 2984 478 3038 enirn
507 2985 690 3056 manuscripti,
761 2989 783 3065 ᾗ.
802 2989 844 3038 28.
879 3001 995 3038 summae
1012 2986 1052 3036 rei
1069 3015 1103 3024 —
1121 2986 1263 3038 discrimen
1289 2983 1329 3038 in·

111 3056 203 3124 exceptis
234 3058 350 3110 fortasse
384 3053 540 3123 quibusdam
578 3053 691 3107 extremi
725 3053 830 3106 fimtum
865 3061 994 3122 quantum
1028 3053 1152 3121 vulgatae
1184 3052 1330 3123 scripturae

113 3121 198 3191 ordinis,
214 3134 244 3178 ut
266 3125 350 3178 Voss.
372 3129 386 3175 2
414 3120 461 3201 qui
489 3121 594 3189 siletur,
625 3121 691 3174 illud
726 3139 853 3176 sommum
871 3122 911 3173 rei
918 3122 1104 3173 —dz'scrimm
1120 3129 1249 3190 praestet,
1268 3137 1330 3172 nam

103 3189 221 3246 'exhibent
258 3192 350 3246 Miror
374 3199 464 3261 potrus
490 3189 594 3259 agmina
621 3207 692 3243 nunc
726 3192 767 3243 rei
793 3188 830 3242 sic
855 3188 976 3242 absolute
1000 3187 1116 3259 positum
1146 3189 1196 3242 hoc
1223 3188 1329 3260 quidem

113 3262 229 3331 essequod
246 3278 330 3331 supra
347 3277 428 3312 unum
445 3257 496 3311 fuit
513 3274 615 3328 agmen.
726 3258 784 3312 loco
811 3256 894 3327 magis
921 3273 1058 3309 numerum
1084 3258 1224 3310 verborum
1249 3274 1329 3329 quam

101 3325 188 3458 filltp.
204 3337 252 3397 63,
277 3332 305 3451 g.
324 3334 367 3380 26.
408 3344 515 3393 quorum
537 3345 606 3380 num.
632 3327 691 3378 vict.
726 3343 830 3380 sensum
856 3333 974 3395 sugeret.
1023 3324 1093 3378 Rem
1127 3326 1232 3380 conficit
1257 3325 1329 3397 quod

120 3413 165 3449 rurs
195 3409 227 3452 ot.

106 3401 357 3530 ramelmi-inire,
375 3464 446 3533 quod
453 3463 539 3530 finire
556 3481 691 3516 numnam
743 3481 777 3516 ue
794 3470 822 3516 et
839 3462 910 3516 Flor.
929 3463 963 3516 ad
980 3479 1061 3515 unum
1079 3463 1199 3516 omnibus
1219 3463 1327 3534 legitur.

104 3527 181 3586 latine
205 3552 260 3587 non
290 3532 430 3586 diceretur.
465 3530 605 3584 Refirtavit
631 3547 692 3583 eum
725 3481 808 3585 duali.
826 3531 859 3582 de
881 3531 934 3584 suis
951 3548 1032 3583 unum
1049 3530 1124 3584 Leid.
1142 3538 1329 3586 commemorat

103 3596 209 3656 Heinsius
227 3601 338 3656 laudato
354 3600 412 3653 loco
428 3599 519 3653 Valer.
536 3598 610 3651 Max.
620 3613 650 3666 ν,
664 3606 690 3666 3,
725 3607 832 3653 nostrae
849 3599 995 3669 scripturae
1013 3607 1155 3653 auctorem.

104 3671 122 3734 2,
135 3670 176 3724 ubi
191 3678 234 3724 est
252 3670 400 3739 quindecim
417 3669 492 3721 milio
514 3670 599 3720 aeris:
624 3669 691 3720 conti
760 3673 784 3735 S.
802 3675 845 3721 29.
873 3670 1012 3788 perculsos
1035 3671 1146 3722 bostium
1173 3686 1226 3722 non
1243 3667 1328 3722 minus

104 3752 196 3808 nomque
209 3755 301 3809 poena
308 3738 392 3804 finita
410 3746 455 3789 est.
474 3737 690 3788 Inirenumerum
723 3745 796 3790 recte
814 3743 842 3789 et
859 3735 1006 3806 eegantius
1028 3735 1109 3789 etism
1132 3753 1211 3807 quam
1222 3737 1329 3806 percul-

105 3819 153 3858 nne
167 3807 294 3860 dicuntur
310 3804 390 3874 vulgo
407 3804 452 3876 qui
469 3810 622 3870 numerant,
644 3804 690 3856 sed
724 3823 768 3858 sos
793 3808 878 3858 hostes
905 3804 970 3870 dici,
1002 3821 1062 3857 cum
1092 3811 1219 3883 sequatur
1244 3803 1329 3855 altera

105 3872 149 3940 quis
163 3875 320 3928 'numerasse
341 3888 403 3925 vere
423 3888 558 3926 caesorum
575 3871 690 3926 hostium
724 3890 785 3944 pars
793 3874 940 3942 sopientes,
959 3872 1034 3925 tscile
1050 3871 1217 3940 intelligitur.
1234 3872 1330 3938 Itaque

107 3955 197 4012 corpora
221 3943 338 3996 victores
367 3941 484 4011 putarit?
533 3940 604 3994 Satis
639 3940 690 3994 fuit
723 3940 829 3995 restitui
859 3958 935 3994 suum
970 3939 1107 4010 scriptori,
1143 3938 1329 3991 auctoritatem

108 4010 226 4065 reumate
244 4026 381 4064 summum.
414 4011 506 4080 Atque
528 4009 556 4063 in
573 4009 631 4066 bac
647 4025 690 4061 ae·
724 4009 851 4064 librorum
877 4025 995 4064 meorum
1021 4007 1136 4061 omnium
1166 4005 1276 4058 aliorum
1295 4020 1329 4083 ue

109 4075 239 4134 tinctione
261 4077 380 4132 sobrium
401 4095 429 4131 se
445 4078 554 4148 praebet
572 4076 690 4145 Curtius,
743 4078 898 4132 lurimorum
915 4085 1029 4132 secutus.
1056 4074 1135 4138 Quod
1152 4072 1180 4126 in
1197 4091 1268 4127 nonn

109 4148 302 4202 unniodorus
319 4146 470 4215 nonaginta,
480 4145 608 4198 Arrianus
625 4146 691 4199 adeo
725 4097 799 4201 libris
826 4147 872 4201 sed
894 4164 950 4199 non
971 4144 999 4197 in
1022 4143 1104 4195 Bern.
1121 4142 1193 4219 Aet
1210 4141 1282 4195 Flor.
1303 4141 1329 4192 A

111 4215 211 4270 teano
235 4215 311 4268 milia
341 4213 454 4267 hostium
477 4230 609 4268 caesorum
635 4220 691 4267 tra·
724 4214 823 4286 legitur
851 4231 1009 4284 percussos,
1040 4211 1068 4263 id
1097 4225 1230 4262 nemmem
1258 4224 1329 4261 nuno
1354 4238 1363 4257 .

113 4276 163 4334 dunt
176 4285 260 4337 fuisse.
278 4282 455 4336 Macedonum
471 4299 609 4336 numerum
624 4282 691 4336 Dio·
724 4283 849 4338 movebit.

115 4343 174 4402 lorus
188 4353 221 4404 sd
237 4350 398 4422 quingentos
415 4350 477 4404 dicit
493 4350 581 4418 luisse,
598 4350 690 4404 Arria·
759 4358 783 4420 s.
810 4359 852 4406 30.
892 4361 938 4405 out
973 4351 1049 4419 οαῐρα
1075 4365 1125 4400 suo
1154 4347 1236 4400 victos
1263 4352 1329 4397 esset

115 4426 151 4468 nu
167 4419 196 4473 de
211 4419 287 4491 regis
306 4425 412 4472 tantum
428 4418 470 4472 ala
485 4418 558 4490 loqui
575 4419 689 4488 videtur,
725 4437 814 4475 omnes
837 4419 899 4473 libri
920 4420 1002 4473 Bern.
1030 4423 1058 4469 et
1087 4415 1160 4468 Flor.
1189 4422 1218 4468 et
1246 4410 1328 4467 Susk.

302 3395 400 3450 oniecit
421 3394 528 3447 Modius
553 3402 582 3447 et
608 3393 692 3447 edidit
726 3411 841 3449 summae
858 3393 886 3447 in
904 3394 966 3447 edit.
976 3392 1050 3446 Mod.
1067 3402 1096 3447 et
1113 3393 1141 3447 in
1155 3395 1235 3447 Bern.
1254 3403 1328 3448 utro-
