2926 5174
411 313 461 366 11
487 312 615 366 cnsrrs
640 311 749 363 Anax.
774 312 825 382 rr,
850 310 895 363 a.
1210 290 1281 365 135

69 503 177 598 ignem,
193 509 238 572 ut
262 497 325 570 illis
351 495 493 595 dignam
517 507 641 570 vetere
666 497 781 593 gloria
805 496 1050 591 maiorumque
1075 519 1283 567 monumen·

31 613 102 685 atis
129 607 371 682 fortitudinem
403 607 628 705 inspirarent.
686 605 734 678 Et
766 607 944 704 profecte,
976 605 1007 679 si
1038 630 1110 702 qua
1140 603 1283 677 divinae

67 723 127 818 opis
152 718 303 816 auguria
325 718 479 790 humana
503 728 624 792 mente
649 718 787 814 concipi
811 726 969 814 possent,
995 715 1082 790 deos
1108 725 1205 788 stare
1229 740 1284 789 se·

65 857 139 903 curn.
197 829 284 901 Ilios
315 853 427 925 nuper
458 827 695 902 Macedonum
735 828 861 900 animis
899 828 1056 901 subitam
1093 827 1285 900 incussisse

63 940 290 1012 formidinem:
321 937 436 1024 adhuc
462 939 667 1037 lymphatos
693 939 777 1011 ferri
804 939 948 1036 agique,
974 962 1075 1010 arma
1099 936 1284 1011 iacientes:

63 1061 219 1148 expetere
255 1049 432 1148 praesides
463 1046 657 1122 Persarum
687 1049 824 1147 imperii
856 1049 995 1122 debitas
1023 1075 1043 1123 e
1069 1047 1284 1122 vecordibus

19 1179 50 1227 14
61 1184 192 1257 poenas.
249 1158 323 1233 Nee
346 1160 474 1258 ipsum,
488 1158 616 1231 ducem
642 1160 819 1232 saniorem
836 1180 943 1233 esse:
981 1159 1112 1256 quippe
1138 1160 1211 1232 ritu
1235 1159 1284 1232 fe-

60 1296 168 1342 rarum
194 1269 367 1367 praedam
391 1269 510 1360 mode,
524 1294 630 1366 quam
657 1272 853 1368 expeteret,
872 1271 1082 1358 intuentem,
1107 1270 1145 1342 in
1171 1269 1286 1366 perni-

61 1382 145 1472 ciem,
173 1405 269 1476 quae
296 1391 377 1455 ante
402 1380 572 1479 praedam
598 1381 716 1479 posita
741 1393 846 1472 esset,
871 1381 1061 1453 incurrere.

148 1489 286 1564 Similis
317 1493 412 1589 apud
436 1491 650 1566 Macedones
686 1516 827 1588 quoque
862 1490 1063 1564 sollicitudo
1096 1501 1190 1564 erat:
1224 1514 1286 1562 no·

59 1613 230 1699 ctemque,
273 1603 372 1675 velut
402 1603 439 1675 in
474 1628 554 1676 eam
590 1603 781 1675 certamine
816 1600 961 1691 edicto,
992 1612 1091 1674 metu
1126 1611 1286 1699 egerunt.

12 1730 47 1778 1⁵
58 1712 263 1788 Alexander
270 1767 279 1802 ,
313 1738 384 1784 non
417 1714 503 1786 alias
538 1714 651 1812 magis
687 1714 849 1802 territus,
884 1710 932 1783 ad
966 1721 1054 1784 vota
1093 1723 1130 1785 et
1163 1737 1287 1810 preces

56 1823 307 1897 Aristandrum
331 1824 450 1896 vocari
476 1823 584 1896 iubet.
636 1823 701 1896 Ille
725 1823 762 1895 in
789 1819 941 1894 candida
966 1833 1083 1913 veste,
1110 1823 1287 1896 verbenas

56 1960 154 2008 nanu
181 1934 400 2032 praeferens,
427 1934 543 2030 capite
569 1936 689 2008 velato
716 1933 880 2031 praeibat
906 1956 1029 2029 preces
1056 1934 1141 2030 regi,
1154 1932 1289 2022 Iovem,

13 2060 42 2110 1⁶
53 2043 323 2140 Minervamque
347 2054 385 2117 et
408 2041 606 2118 Victoriam
631 2043 848 2144 propitianti.
889 2041 989 2116 Tunc
1015 2042 1158 2140 quidem
1184 2043 1289 2115 sacri·

52 2287 127 2341 solem
144 2305 163 2341 a
180 2285 277 2340 Persis
287 2285 401 2338 Mithrae
417 2286 523 2339 nomine
540 2286 592 2340 coli
609 2303 654 2338 ve·
723 2295 747 2356 §-
777 2294 816 2341 15.
861 2287 984 2340 verbenas
1014 2304 1094 2340 manu
1114 2289 1215 2356 praefi]
1258 2288 1291 2338 In

51 2362 113 2409 teras
140 2357 297 2409 traderent.
340 2353 460 2407 Tradunt
476 2369 559 2423 tsane,
587 2354 655 2408 sicut
688 2359 768 2412 Bern.
787 2358 814 2410 A
830 2373 910 2426 supra
927 2354 972 2407 lin.
990 2354 1151 2426 adscriptum
1168 2362 1221 2407 est:
1247 2371 1292 2407 sa-

51 2422 145 2479 Strabo
164 2424 218 2476 lib.-
235 2437 289 2487 XV,
307 2439 334 2490 p.
353 2429 413 2486 732,
438 2424 485 2475 sed
506 2423 655 2477 accuratior
689 2446 749 2480 cras
780 2428 884 2491 rondes,
903 2434 931 2477 ut
948 2425 1161 2490 laurum,oteam,
1172 2432 1291 2502 myrtum.

51 2493 232 2546 recentiorum
253 2489 372 2543 doctrina
388 2491 554 2544 nihilominus
572 2492 656 2545 inter·
688 2497 740 2549 Est
756 2427 808 2547 Mc
826 2511 884 2546 sum
904 2500 961 2545 tum
978 2509 1012 2545 ex
1031 2490 1291 2546 commentanoser·

50 2577 100 2614 esse
117 2560 227 2631 aliquid
245 2557 319 2611 inter
332 2557 399 2611 sidus
416 2558 482 2612 illud
491 2568 518 2612 et
527 2560 655 2613 Mithram
688 2564 723 2617 vii
742 2564 778 2616 ad
795 2562 851 2615 Ver
871 2561 896 2614 '.
913 2562 981 2613 Aen.
998 2575 1057 2628 xn,
1084 2567 1149 2613 120:
1173 2560 1291 2614 Verbera

50 2631 97 2684 τὸν
115 2635 243 2698 μεσίτην
263 2627 349 2679 doaet-
683 2633 795 2702 proprie
813 2640 850 2683 cst
868 2631 946 2682 herba
965 2646 1053 2696 sacro,
1071 2630 1244 2693 rosmarinus,
1262 2636 1292 2680 nt

79 2701 267 2775 maiorumque
284 2698 461 2767 monumentis]
485 2696 655 2750 Monumenta
689 2703 764 2754 multi
781 2701 877 2765 nolunt,
896 2699 914 2751 i.
927 2714 947 2749 e.
966 2695 1126 2764 λιβανωτίς,
1139 2706 1242 2764 sumpta
1260 2698 1292 2748 de
1338 2755 1341 2760 ,

49 2766 106 2819 h.L
130 2773 199 2819 sunt
221 2779 300 2834 ipsae
322 2779 362 2815 res
385 2781 401 2815 a
421 2763 561 2818 maioribus
597 2782 655 2818 rse-
690 2772 721 2822 de
740 2771 795 2821 ioco
813 2783 889 2819 sacro
910 2766 948 2819 Co
967 2767 1043 2830 stolii,
1062 2782 1113 2833 qua
1131 2764 1293 2817 coronaban-

49 2834 115 2888 dare
132 2841 240 2904 gestae,
252 2830 322 2884 sicut
337 2829 427 2886 Cicero
444 2849 493 2912 pro
511 2849 564 2902 reg.
602 2833 657 2887 eio·
691 2848 734 2890 tur
758 2837 873 2889 Fetiales
896 2843 920 2886 et
943 2783 1025 2886 Mater
1036 2841 1162 2900 patratus
1176 2833 1294 2898 foedera

50 2908 107 2955 turo
126 2919 150 2955 c.
166 2909 202 2955 14
221 2901 258 2952 dc
273 2898 385 2951 Caesare
403 2901 479 2954 dicit:
498 2905 577 2955 multa
596 2912 657 2955 sunt
681 2905 789 2976 facturi
806 2905 845 2954 vel
863 2904 929 2955 bella
947 2902 1080 2953 indicturi.
1117 2900 1231 2952 Abusire
1252 2907 1294 2950 ta-

53 2980 109 3023 tuae
126 2970 283 3023 clementiae
298 2979 466 3036 monumenta,
486 2973 533 3022 sed
545 2972 657 3023 maxime
691 2991 749 3025 men
780 2972 941 3022 verbenas
973 2970 1027 3020 iam
1059 2985 1179 3020 vocamus
1206 2983 1293 3019 omnes

55 3055 140 3090 111111
156 3037 361 3103 incolumitates,
379 3039 469 3105 quibus
486 3041 595 3092 salutem
614 3042 658 3091 de·
681 3043 799 3112 frondes
822 3046 952 3099 sacratas,
978 3046 1006 3089 ut
1024 3045 1061 3088 est
1088 3038 1197 3100 laurus,
1225 3036 1294 3087 oliva

60 3106 131 3156 disti.
147 3104 202 3157 Sed
216 3105 351 3158 maiorum
368 3104 463 3173 primus
482 3106 556 3160 dedit
572 3107 658 3160 Aldus
692 3111 731 3161 nel
748 3115 857 3175 myrtus.
896 3105 1047 3157 Terentius:
1072 3104 1121 3156 Ea
1139 3121 1197 3155 ora
1215 3103 1295 3155 binc

62 3172 96 3224 de
112 3173 262 3226 coniectura
288 3178 322 3223 ut
343 3171 448 3241 opinor.
474 3181 547 3227 certe
572 3174 658 3228 nostri
692 3179 859 3230 verbenas
876 3189 979 3226 sume.
1001 3173 1075 3225 Nom
1089 3171 1297 3240 myrtumfuisse

59 3247 89 3292 et
104 3239 181 3293 Suak
200 3257 297 3294 omnes
316 3241 658 3309 praeterFlor.GetV0ss.
693 3246 843 3298 Mamuda
867 3251 991 3304 testatur,
1023 3244 1054 3293 de
1086 3259 1134 3310 quo
1160 3240 1297 3292 Terentius

59 3316 71 3361 1
91 3308 123 3376 (si
133 3308 385 3363 fidesesthabenda
401 3310 517 3380 silentio)
535 3313 658 3387 maiorerp
694 3313 836 3367 transtulit.
854 3310 929 3363 Infra
945 3324 986 3377 IV,
1006 3314 1038 3362 59
1058 3310 1218 3362 Aristander
1235 3308 1297 3360 alba

54 3377 190 3447 exhibent,
212 3376 360 3429 deteriores
377 3377 455 3431 etiam
471 3382 591 3448 ploriam.
694 3381 1003 3436 oesteindutnsetdeatra
1010 3379 1297 3447 praeferenslauream.

55 3511 62 3520 ο
84 3450 106 3516 ξ.
126 3453 170 3500 13.
205 3446 351 3516 praesides
377 3446 520 3500 Persarum
545 3449 659 3518 imperii]
729 3451 787 3519 rapi
811 3449 896 3501 Iovem
927 3448 1125 3516 Mineruamque
1151 3456 1175 3500 et
1212 3446 1298 3501 Victo·

50 3516 164 3568 Addunt
193 3513 266 3566 editi
290 3521 394 3582 praeter
410 3515 565 3568 Medianum
589 3520 660 3584 deos,
695 3521 764 3571 riam
777 3517 946 3586 propitiante]
983 3515 1068 3569 Codd.
1095 3523 1124 3568 et
1148 3521 1214 3568 vett.
1238 3513 1298 3566 edd.

48 3584 94 3636 sed
111 3601 173 3636 eam
193 3598 295 3635 vocem
312 3580 434 3650 ignomin
451 3584 535 3637 nostri
551 3593 579 3638 et
594 3584 660 3637 Sua·
695 3588 822 3640 mendose
856 3586 927 3653 repis
960 3583 1100 3650 exhibent,
1140 3599 1301 3655 quamquam

50 3650 196 3732 kenburgii
221 3649 393 3728 manuscripti
414 3660 519 3722 praeter
544 3651 661 3706 riost}
691 3655 852 3735 propinanti
875 3661 989 3706 servant.
1026 3652 1150 3707 Consrdt
1166 3653 1219 3705 hoc
1237 3649 1300 3703 Aci·

50 3729 76 3773 et
91 3721 129 3788 E,
155 3738 190 3773 m
210 3735 269 3788 quo
287 3717 338 3769 alra
354 3736 431 3771 manu
448 3720 578 3774 adiectum
595 3721 661 3790 legi·
697 3724 790 3788 dahus,
808 3739 870 3774 nam
886 3721 982 3773 tertius
1000 3737 1075 3774 casus
1093 3720 1121 3773 in
1134 3722 1184 3774 hac
1197 3717 1302 3772 dicendi

50 3797 100 3855 tur,
117 3803 226 3859 neque,
248 3784 367 3852 sidesit,
385 3788 520 3858 quisquam
536 3789 662 3860 requiret.
698 3791 811 3845 formula
829 3789 953 3844 obtinuit.
991 3789 1133 3842 Praeterea
1157 3787 1255 3856 legitur
1272 3785 1302 3864 in

50 3856 101 3911 Pro
123 3873 160 3910 eo
194 3853 275 3925 quod
297 3861 338 3905 est
359 3859 536 3921 everardibus
553 3857 662 3910 Modius
698 3860 761 3913 olim
770 3858 848 3912 editis
859 3859 919 3911 Ione
930 3858 1101 3925 Mineruaque
1119 3857 1262 3918 victoriam,
1272 3870 1302 3904 111

49 3926 193 3996 vulgarem
213 3939 294 3974 usum
312 3930 412 3976 secutus
429 3924 503 3977 dedit
520 3928 662 3979 uaecordi·
697 3935 854 3981 mssautem
864 3921 1301 3991 IovemMineroomquevictariam.

52 3994 102 4058 tu,
122 3992 211 4064 quod
228 3988 330 4058 legitur
346 3989 372 4041 in
388 3992 458 4046 Flor.
476 3993 580 4060 DFGI,
609 4002 663 4046 est·
699 3997 782 4061 Quod
797 3994 904 4048 Modius
921 3993 1020 4074 primus
1039 3991 1112 4044 dedit
1130 3992 1223 4051 Ionem,
1243 3987 1302 4039 Mi-

53 4079 101 4131 que
125 4061 186 4114 alia
218 4073 303 4110 uranu
328 4057 454 4113 adiectum
479 4061 507 4113 in
531 4063 602 4116 Flor.
627 4062 662 4130 E,
698 4081 805 4118 nervam
828 4065 1019 4129 Victoriamque
1044 4059 1126 4138 vulgo
1149 4057 1235 4110 adhuc
1252 4054 1303 4108 cir-

51 4147 107 4182 cum
125 4126 270 4184 abfuisset
286 4127 451 4196 praepositio,
470 4129 537 4184 sicut
555 4133 631 4185 abest
647 4148 665 4184 a
699 4134 852 4186 cumscrtur.
870 4129 944 4183 Nihil
953 4138 1041 4182 autem
1049 4125 1213 4180 verisimilius
1223 4140 1304 4192 quam

53 4196 120 4252 Flor-
138 4198 173 4251 H
193 4195 283 4248 Bem·
300 4192 334 4246 Β·
699 4203 770 4272 quod
789 4218 825 4252 nu
859 4198 937 4251 rrime
955 4196 1036 4249 etiam
1053 4194 1206 4248 Miitzellius
1223 4208 1304 4244 exco-

83 4271 177 4334 914.
205 4271 278 4315 metu
295 4269 408 4333 eperunt]
425 4265 482 4320 Liv.
500 4281 552 4333 vn,
571 4275 614 4333 21,
631 4275 663 4323 la
699 4269 805 4339 gitavit,
852 4266 1138 4331 ‘sseMinerrompueet
1152 4261 1304 4318 Victoriam.

56 4341 185 4404 monsque
207 4347 270 4383 eam
287 4339 382 4383 nonen
399 4352 454 4387 cum
470 4353 564 4404 mapno
579 4337 664 4390 animi
699 4341 796 4416 Itaque
820 4336 857 4389 sie
883 4332 961 4387 edidi.
988 4331 1110 4384 Minerva
1131 4338 1159 4384 et
1182 4327 1305 4383 Victoris

53 4413 117 4456 netu
129 4399 284 4472 perpetuis
301 4398 396 4466 ripiliis
413 4405 470 4472 epit.
700 4412 900 4474 comunguntur
916 4399 998 4454 etism
1015 4414 1078 4466 vm,
1093 4405 1118 4468 2,
1129 4406 1160 4454 32
1171 4405 1199 4451 et
1210 4404 1251 4463 11,
1261 4402 1305 4450 24.
