2984 5176
176 282 249 351 446
645 301 678 364 Q.
707 301 829 353 curru
854 304 939 354 num

174 483 333 557 Puberes
365 484 540 558 interfecti
566 495 666 575 sunt,
702 486 810 558 ceteri
836 487 1033 560 venierunt.
1088 487 1256 561 Alteram
1287 485 1422 560 deindet

172 596 299 668 urbem
325 621 533 694 expugnare
558 594 722 687 adortus,
749 623 949 696 magnaque
976 599 1013 671 vi
1041 599 1316 676 defendentium
1338 600 1399 697 pul·

173 733 252 797 sus,
296 707 428 779 multos
463 707 701 781 Macedonum
734 709 861 783 amisit.
923 708 996 784 Sed
1034 740 1117 787 cum
1153 713 1191 784 in
1232 709 1399 784 obsidione

171 830 453 916 perseverasset,
486 819 670 917 oppidani,
705 819 894 916 desperata
919 822 1034 897 salute
1041 881 1050 915 ,
1082 825 1208 922 ignem
1236 821 1401 894 subiecere

172 929 291 1019 tectis,
325 954 363 1002 se
390 955 530 1026 quoque
558 957 599 1003 ac
625 932 755 1006 liberos
783 932 1021 1030 coniugesque
1048 933 1219 1008 incendio
1248 942 1402 1006 cremant.

173 1039 277 1129 Quod
305 1066 386 1113 cum
411 1041 479 1138 ipsi
505 1055 693 1137 augerent,
725 1042 848 1115 hostes
875 1044 1147 1142 extinguerent,
1178 1070 1281 1117 nova
1303 1044 1426 1116 format

170 1178 312 1250 pugnae
339 1162 426 1224 erat.
478 1151 656 1225 Delebant
681 1153 817 1227 incolae
839 1155 982 1246 urbem,
1010 1158 1136 1232 hostes
1156 1153 1403 1228 defendebant:

172 1264 262 1337 adeo
290 1263 397 1336 etiam
422 1274 572 1337 naturae
597 1264 676 1337 iura
701 1264 834 1338 bellum
859 1266 896 1338 in
923 1269 1143 1341 contrarium
1168 1277 1301 1340 mutat.
1334 1266 1426 1339 Arxr

171 1387 249 1449 erat
274 1373 396 1473 oppidi
420 1375 571 1466 intacta,
603 1376 639 1447 in
667 1401 738 1472 qua
763 1375 980 1472 praesidium
1007 1378 1216 1476 dereliquit,
1253 1380 1329 1478 ipse
1352 1404 1403 1451 na·

169 1488 272 1586 vigiis
300 1488 557 1560 circumvectus
584 1512 712 1559 arcem.

121 1604 166 1673 15
273 1597 412 1697 Quippe
437 1622 478 1671 1u
503 1599 649 1671 flumina
675 1608 753 1671 tota
778 1597 880 1672 India
904 1609 1047 1697 praeter
1065 1599 1235 1701 Gangem
1260 1601 1404 1673 maxima

169 1712 390 1784 munimento
424 1712 513 1784 arcis
551 1710 732 1808 applicant
769 1709 894 1783 undas.
946 1709 981 1783 A
1014 1710 1273 1812 septentrione
1305 1711 1403 1785 lndus

169 1824 284 1914 alluit,
321 1821 516 1895 aMeridie
550 1820 721 1894 Acesines
747 1819 912 1921 Hydaspi
946 1822 1190 1896 confunditur.
1247 1823 1425 1898 Ceterumt

167 2024 368 2090 incommodum,
386 2031 443 2076 tum
461 2023 585 2077 librorum
602 2040 664 2076 mss.
681 2031 771 2078 aucto·
805 2021 999 2093 snakenburgii
1025 2031 1054 2077 et
1079 2023 1166 2078 nostri
1189 2042 1284 2079 omnes
1310 2032 1403 2096 praeter

168 2094 249 2147 ritate
267 2111 373 2163 prorsus
391 2101 462 2163 eget.
804 2091 874 2144 Flor.
885 2093 937 2145 ΕΗ
950 2093 1029 2145 Bern.
1040 2093 1063 2145 B
1076 2093 1211 2173 pluralem
1221 2110 1358 2147 numerum
1366 2094 1403 2146 lu·

202 2170 224 2230 ᾗ.
242 2169 264 2215 6.
301 2164 386 2227 innam
404 2160 543 2230 adiecere]
568 2158 662 2214 Nostri
680 2177 770 2214 omnes
804 2161 882 2224 bent,
902 2177 950 2214 nec
962 2172 1000 2215 est
1013 2161 1063 2214 nisi
1075 2180 1103 2214 m
1117 2161 1215 2214 iisdem
1229 2170 1257 2216 et
1270 2163 1404 2217 Vasatet

186 2239 275 2283 raeter
287 2219 436 2283 Flor.DGI
452 2231 575 2282 subicere.
599 2228 770 2282 Snalr.unum
804 2228 907 2283 Flore
927 2230 1029 2300 (inquo
1044 2238 1134 2283 tamen
1152 2232 1345 2285 circumventas
1361 2233 1402 2309 est)

168 2249 275 2351 bosel
299 2297 365 2350 citat
387 2297 414 2349 in
437 2316 489 2368 quo
511 2297 545 2349 sit
566 2299 697 2364 subicere,
724 2299 770 2351 sed
804 2297 908 2366 legitur.
945 2297 1051 2352 Curtius
1077 2298 1144 2351 nihil
1170 2299 1246 2354 aliud
1273 2299 1339 2353 dicit
1361 2298 1401 2352 nia

168 2383 247 2433 aegre
260 2366 345 2419 credo.
368 2365 427 2417 Nec
441 2374 530 2418 tamen
542 2365 679 2435 vulgatam
687 2373 769 2419 muto.
806 2366 987 2419 Alexandrum
1008 2366 1207 2437 navigationem
1224 2378 1335 2450 recepta
1349 2383 1402 2421 aree

202 2441 223 2500 ξ.
235 2443 258 2486 7.
292 2437 376 2487 hostes
394 2434 576 2514 defendebant]
609 2434 653 2488 sic
670 2434 769 2503 primus
803 2434 976 2502 continuasse,
994 2453 1049 2488 non
1066 2435 1149 2506 igitur
1163 2454 1220 2490 uno
1233 2440 1348 2507 nantem,
1364 2436 1401 2489 sed

168 2502 252 2555 edidit
269 2501 387 2568 Modius,
406 2519 465 2555 cum
482 2501 508 2554 in
531 2502 660 2572 prioribus
676 2502 769 2555 fuisset
803 2503 891 2556 classe.
926 2503 1076 2557 Secundum
1097 2504 1253 2558 Diodorum
1278 2513 1342 2560 citt
1362 2521 1401 2557 arx

168 2572 357 2640 extinguebant.
385 2570 464 2634 Quod
478 2570 595 2640 quamvis
613 2579 704 2642 aperte
720 2570 769 2623 lal-
802 2579 831 2624 et
848 2573 910 2624 urbs
932 2571 978 2624 illa
994 2571 1130 2642 aliquanto
1152 2573 1264 2644 longius
1282 2592 1299 2627 a
1315 2573 1401 2628 couflu-

168 2657 224 2693 sum
243 2639 290 2707 sit,
312 2639 407 2693 nititur
424 2647 514 2691 tamen
531 2657 591 2692 mss.
610 2640 662 2692 fide
683 2656 768 2709 paene
802 2639 905 2693 entibus
922 2639 1001 2692 trium
1017 2640 1157 2693 fluminum
1174 2643 1280 2696 aberat.

167 2707 289 2761 omnium.
323 2709 394 2761 Nam
411 2715 517 2777 praeter
533 2708 685 2775 Medianas,
703 2725 768 2778 quos
837 2708 901 2778 Cap.
913 2715 953 2774 15,
972 2715 994 2774 ξ.
1004 2714 1027 2761 8.
1049 2720 1160 2778 praeter
1173 2711 1310 2782 Gangem]
1332 2711 1400 2764 Bera

166 2776 240 2829 illum
258 2794 315 2830 esse
333 2784 458 2843 secutum,
481 2775 621 2829 verisimile
638 2777 677 2843 fit,
699 2794 767 2830 unus
801 2776 827 2829 A
845 2777 915 2830 Flor.
933 2776 1000 2830 DGI
1020 2777 1142 2847 Gangen.

165 2845 272 2898 Flor.A
286 2846 402 2913 exhibet,
420 2846 489 2916 quod
506 2862 575 2898 nunc
587 2844 682 2898 editur.
709 2844 768 2897 Me·
836 2848 992 2899 munimento
1027 2849 1099 2899 arcis
1135 2848 1280 2916 applicant
1314 2846 1399 2915 eadm]

165 2914 292 2968 morabile
312 2914 391 2968 etiam
436 2932 466 2966 ro
487 2930 519 2967 eo
540 2914 611 2984 quod
638 2922 679 2966 est
701 2915 767 2966 dele·
803 2912 869 2967 Com
888 2914 957 2967 lures
974 2913 1085 2981 codices,
1103 2914 1210 2969 voest
1229 2915 1315 2970 Pal.1
1334 2916 1400 2969 Bern

166 2985 227 3036 bont
248 2982 275 3036 in
294 2983 365 3038 Flor.
386 2983 412 3034 D
453 2982 480 3034 H
503 2983 582 3043 Bem.
601 2982 624 3034 Β
648 2983 767 3049 arebant,
802 2932 914 3036 BFldr.
937 2999 1027 3036 omnes
1043 2990 1152 3054 praeter
1170 2983 1222 3036 AB
1245 2987 1400 3047 inanimato,

165 3050 192 3104 in
210 3055 285 3105 Voss.
304 3059 318 3105 2
342 3053 494 3118 adolebant,
520 3050 548 3103 in
565 3050 677 3103 FloaB
701 3067 767 3102 am.
803 3050 871 3104 sicut
893 3051 999 3105 Modius
1021 3067 1036 3103 e
1057 3050 1110 3104 suis
1131 3053 1302 3106 membranis
1323 3050 1401 3106 edidit

165 3137 216 3173 see.
231 3122 400 3173 incendebant
415 3135 480 3186 esse,
498 3135 566 3189 quae
579 3118 667 3172 omnia
682 3135 768 3172 aeor-
802 3117 909 3172 Nemini
927 3119 1038 3189 placuit,
1064 3138 1126 3173 nam
1144 3120 1169 3172 si
1187 3120 1227 3174 sic
1245 3122 1355 3176 deberet
1368 3119 1400 3172 in·

165 3188 311 3242 rectoribus
329 3189 447 3258 profecta
483 3197 539 3255 uto,
559 3187 604 3257 qui
621 3186 768 3257 oppositio·
801 3187 900 3257 telligi,
927 3196 957 3240 ut
973 3187 1081 3240 Modius
1098 3187 1202 3257 voluit,
1230 3191 1318 3243 verba
1337 3188 1400 3242 dte

166 3274 226 3309 nem
244 3258 326 3310 verbo
344 3206 525 3326 extinguebant
541 3263 711 3326 quaererent.
801 3264 867 3326 puto
885 3255 965 3309 fuisse
982 3256 1137 3323 ordinanda,
1162 3275 1223 3311 aa
1242 3262 1341 3325 undae,
1356 3274 1398 3310 ns·

199 3335 309 3378 naturae
332 3327 405 3396 iura]
441 3325 548 3378 Modius
570 3341 599 3376 se
621 3324 767 3395 repperisse
801 3327 915 3377 nimenta
933 3326 1019 3390 arcis,
1056 3343 1077 3377 s.
1096 3326 1157 3378 arci
1179 3334 1213 3379 ut
1235 3334 1281 3380 est
1297 3325 1326 3380 in
1341 3325 1397 3379 un.

164 3403 276 3445 naturae
293 3411 353 3446 vera
368 3392 517 3447 contendit:
535 3393 605 3445 idem
615 3391 766 3446 Gronovius
801 3392 864 3462 FG)
883 3395 1023 3462 applicant.
1078 3395 1213 3447 enimenta
1223 3393 1397 3449 codiculum

164 3460 192 3513 in
210 3461 323 3515 diatriba
339 3463 373 3514 ad
391 3461 470 3515 Statii
488 3461 605 3514 Silvasc.
616 3469 645 3514 61
665 3462 693 3514 in
702 3463 767 3515 duo·
801 3478 878 3515 causa
895 3468 996 3515 certum
1013 3468 1055 3514 est
1071 3468 1102 3514 et
1118 3462 1277 3533 explicatur
1296 3461 1397 3517 munim·

165 3530 223 3595 bus,
242 3547 353 3599 quorum
370 3529 426 3599 ipse
443 3531 554 3583 haberet
567 3539 701 3600 excerpta,
720 3547 766 3582 ex·
800 3530 850 3582 dae
862 3528 924 3593 arci,
941 3529 997 3582 sive
1010 3529 1044 3581 ad
1056 3545 1145 3583 aroem
1158 3530 1342 3599 muniendam,
1356 3546 1397 3584 aaa

154 3592 248 3650 ‘hiberi
265 3597 382 3669 scripsit3
409 3615 496 3668 neque
513 3606 603 3651 tamen
619 3610 666 3652 aut
684 3598 765 3652 Snak.
800 3605 831 3651 ut
848 3597 981 3651 Acidalius
998 3596 1097 3664 voluit,
1115 3598 1264 3654 munitioni
1283 3600 1396 3667 arciaut

163 3665 192 3718 in
208 3666 260 3719 suis
277 3667 395 3737 repperit
404 3675 450 3719 aut
460 3683 511 3737 ego
519 3666 765 3747 quicquameFlor.
800 3684 848 3737 pro
864 3667 1029 3720 munimentis
1045 3665 1165 3736 positum
1182 3676 1266 3722 esset.

164 3753 195 3788 ac
216 3735 296 3788 Bern.
318 3744 461 3789 enotatum.
497 3735 556 3788 Nec
582 3753 605 3788 s1
631 3735 766 3788 inventum
835 3735 972 3805 Acesines]
996 3733 1069 3787 Libri
1078 3734 1179 3805 partim
1189 3739 1396 3807 Μακέων

164 3810 233 3856 esset
249 3803 405 3874 reciperem,
428 3821 487 3858 cum
503 3803 568 3856 mihi
584 3821 638 3856 non
659 3820 766 3874 persua-
799 3801 849 3855 tim
862 3804 999 3869 acestinea,
1012 3809 1074 3855 sunt
1082 3811 1177 3857 tamen
1185 3812 1216 3858 et
1223 3804 1293 3859 boni
1304 3800 1396 3860 aad

163 3873 247 3935 deam,
265 3872 382 3943 quamvis
396 3882 534 3925 vernmest
551 3871 701 3941 saepissime
716 3890 766 3952 pro
799 3870 877 3942 pauci
895 3871 940 3941 qui
956 3886 1050 3923 rerum
1070 3888 1171 3925 nomen
1188 3872 1328 3928 exhibent
1354 3870 1395 3925 Ce-

164 3958 273 4010 aequum
291 3951 328 3994 est
345 3941 457 4005 dicatur,
481 3941 571 3994 eodem
589 3948 668 4010 pacto
686 3949 766 3994 etiam
799 3947 888 3992 terum
905 3939 1080 3993 conferendus
1098 3947 1141 3993 est
1159 3958 1222 3995 curn
1232 3938 1395 3997 Curtiollie·

163 4019 275 4062 naturae
293 4027 354 4062 vera
371 4027 421 4078 pro
437 4008 467 4062 iis
483 4025 551 4079 quae
565 4017 660 4062 natura
676 4017 766 4079 postu·
799 4008 879 4061 dorus
905 4024 927 4061 c
946 4014 977 4062 97
1010 4007 1083 4061 euius
1108 4024 1163 4079 ope
1193 4008 1269 4065 illius
1294 4022 1395 4065 errem

163 4076 217 4144 let,
244 4076 303 4129 diei.
344 4077 470 4131 Ceterum
496 4087 596 4131 metant
622 4078 690 4130 male
716 4095 766 4147 pro
799 4076 934 4143 emendes,
960 4077 1033 4146 quod
1048 4075 1191 4131 Aoesinem
1207 4084 1241 4131 et
1256 4078 1287 4132 H

163 4155 245 4198 mutat
270 4144 344 4197 Leid.
371 4154 401 4198 et
426 4145 511 4199 nostri
541 4163 630 4199 omnes
661 4154 766 4226 praeter
799 4144 882 4212 dixit,
907 4162 968 4198 oum
984 4144 1017 4197 de
1034 4143 1094 4197 Indi
1116 4152 1147 4198 et
1164 4144 1326 4201 Acesinisd
1359 4160 1394 4197 ιιιιι

163 4213 234 4268 Flor.
252 4213 288 4266 D.
323 4214 454 4267 Nimirum
473 4216 543 4285 quod
561 4214 686 4268 orationis
703 4216 764 4268 sub·
798 4213 928 4283 Hydaspe
948 4212 1021 4265 aucti
1040 4213 1242 4269 confluentibus
1268 4214 1351 4269 dicere
1371 4216 1394 4263 el

163 4280 261 4335 ieetum
278 4291 347 4336 esset
363 4282 485 4337 librarios
501 4282 602 4336 fefellit.
797 4281 880 4335 vellet
905 4288 934 4334 et
958 4281 1077 4334 deberet
1112 4280 1157 4335 Os.
1175 4282 1261 4337 etiam
1277 4298 1344 4349 vm,
1358 4285 1393 4335 8⁰·

197 4358 219 4417 ᾗ.
229 4356 253 4404 8.
280 4352 336 4419 epse
353 4353 750 4421 noviqiiscircnmneetnsorcem
798 4349 853 4403 Sed
874 4367 953 4404 causa
973 4349 1070 4403 erroris
1090 4364 1126 4403 ex
1151 4367 1187 4405 eo
1211 4367 1274 4405 eme
1293 4350 1392 4411 naar,

162 4416 231 4474 Eae.
253 4420 359 4490 naeipio
381 4451 417 4463 -
433 4423 616 4475 circumvectus
638 4429 690 4488 est,
717 4437 729 4472 s
799 4419 869 4489 quod
885 4417 929 4473 alii
946 4425 1078 4488 auctores,
1096 4436 1165 4490 quos
1173 4418 1391 4485 Anianmlilavt
