2926 5174
394 727 442 832 Q.
480 726 710 815 caeru
747 704 943 815 nuri

624 938 673 991 nn

529 1094 780 1163 GESTIS

94 1310 756 1476 ,annuarum
811 1309 1144 1430 unani

431 1554 560 1610 REGIS
586 1554 870 1611 MACEDONUM

547 1743 689 1808 LIBER
707 1744 767 1810 VI.

574 1987 729 1996 ----

488 2217 811 2278 ARGUMENTUM.

85 2386 159 2444 actor,
176 2385 319 2445 postquam
337 2377 487 2428 Alexandri
503 2376 640 2428 historiam
658 2393 738 2444 usqae
756 2378 794 2428 ad
810 2377 896 2428 Darei
913 2387 1018 2430 cuntem
1036 2378 1180 2444 enarravit,
1198 2393 1272 2446 repe-

85 2456 180 2506 srebas
199 2455 303 2527 interim
317 2455 350 2517 ,in
370 2454 486 2505 Graecia
503 2455 599 2522 pestis,
622 2455 770 2506 tradiderat
792 2456 824 2506 de
840 2450 978 2507 rebellione
995 2455 1271 2521 Lacedaemoniorum,

98 2548 162 2584 anno
180 2549 206 2583 a.
228 2530 291 2583 ear.
309 2540 364 2583 nat.
383 2536 442 2584 331.
460 2532 599 2599 incipiente
616 2540 723 2596 aestate,
743 2531 830 2599 Apide
848 2548 908 2599 repe
925 2548 972 2584 sao
990 2533 1063 2598 duce,
1074 2531 1272 2600 Peloponnesio·

85 2610 237 2677 aplerisqne
255 2608 283 2658 in
299 2616 390 2675 partes
403 2609 550 2674 perductis,
569 2624 645 2658 arma
664 2609 791 2660 adversas
808 2608 968 2662 Macedones
986 2618 1126 2660 moveram.
1160 2609 1195 2661 Et
1213 2626 1271 2661 cam

85 2685 110 2737 tio
126 2703 178 2737 rem
191 2701 320 2753 prospere
335 2686 489 2752 gessissent,
507 2701 539 2736 aa
557 2683 753 2752 Megalopolim,
772 2686 870 2737 sociam
878 2685 1069 2737 Macedonibus
1087 2685 1184 2752 arbem,
1203 2686 1272 2737 ohsi-

85 2778 98 2813 ἐ
112 2763 262 2829 coepissent,
276 2771 415 2830 postquam
435 2761 585 2829 Antipater,
599 2762 751 2830 praefectus
770 2763 928 2828 Alexandri,
947 2778 978 2814 ea
990 2761 1106 2813 Thracia
1124 2777 1181 2812 cnm
1199 2777 1272 2812 eser·

85 2841 223 2904 radoenit,
248 2839 307 2890 belli
321 2841 436 2907 fortuna
459 2846 558 2889 mislata
583 2847 628 2889 est.
674 2838 716 2905 (1)
737 2837 819 2907 Apud
835 2835 1031 2906 Megalopolim
1055 2834 1112 2889 acie
1135 2835 1271 2904 congressi

85 2914 237 2968 cedaemonii
249 2922 277 2966 et
285 2914 450 2967 Macedones
470 2912 515 2965 diu
534 2912 643 2982 ancipiti
653 2913 743 2966 Marte
760 2923 921 2983 pugnarunt,
939 2929 1027 2984 neque
1045 2912 1093 2979 illi,
1113 2929 1272 2982 quamquam

85 3000 169 3044 aerato
193 2989 282 3060 Agide
305 3007 383 3061 rege,
407 2988 540 3059 proelium
559 2989 721 3055 amiserunt,
751 2994 790 3056 (2)
809 2991 906 3053 donee,
932 2995 1074 3058 superante
1091 2988 1272 3041 Macedonum

84 3066 213 3135 ltitudine,
238 3069 332 3120 cedere
354 3066 441 3120 coacti
467 3074 536 3119 sunt.
579 3067 642 3135 lpse
663 3065 745 3135 Agis,
769 3065 807 3118 sie
824 3082 915 3135 regem
932 3065 1207 3119 Lacedaemoniorum
1225 3067 1272 3117 de-

85 3159 97 3194 e
113 3153 193 3211 ratus,
213 3144 327 3215 repetito
347 3142 501 3210 certamine,
520 3142 626 3210 cecidit,
645 3159 696 3195 nec
713 3142 852 3195 incruenta
869 3142 1065 3196 Macedonibus
1082 3140 1195 3195 victoria
1212 3140 1270 3194 filit.

95 3220 132 3273 Ea
148 3230 238 3273 tamen
255 3220 375 3288 victoria,
395 3219 487 3273 fractis
505 3220 621 3273 hostium
639 3218 741 3287 animis,
760 3236 815 3289 pax
831 3217 860 3271 in
879 3217 994 3272 Graecia
1011 3218 1146 3287 restituta,
1165 3219 1199 3271 de
1217 3206 1287 3271 La·⁸

85 3296 209 3350 daemoniis
227 3315 268 3350 res
288 3298 424 3368 adipsum
441 3298 626 3350 Alexandrum
643 3297 743 3349 reiecta
761 3305 810 3349 cst.

102 3378 139 3441 (4)
157 3375 258 3428 Verum
280 3374 429 3428 Alexandri
455 3389 545 3425 mores
562 3382 625 3444 post
643 3373 724 3427 Darei
746 3381 860 3426 mortem
882 3373 979 3427 mutari
997 3381 1158 3444 coeperunt,
1186 3373 1268 3426 etad

85 3451 161 3502 uriam
182 3452 322 3504 Persarum
344 3450 494 3521 depravari.
539 3454 581 3519 (5)
605 3450 775 3505 Conviviales
799 3451 876 3503 ludos
899 3453 1037 3505 celebrans
1060 3450 1131 3504 inter
1148 3449 1268 3520 captivas

85 3528 149 3581 ¹n‘tu
168 3536 291 3581 canentes
308 3538 416 3598 neptem
435 3526 521 3595 Ochi,
541 3528 605 3580 olim
621 3527 692 3597 regis
710 3528 866 3594 Persarum,
886 3527 1001 3595 invenit,
1027 3544 1139 3599 eamque
1159 3527 1267 3581 commi-

85 3611 132 3656 stus
151 3605 178 3657 in
195 3604 332 3674 pristinam
348 3606 483 3658 fortunam
501 3604 624 3658 restituit.
655 3605 724 3657 Item
742 3614 846 3658 eeteros
865 3605 985 3674 captivos
1004 3603 1172 3676 recognovit,
1192 3623 1268 3656 suum

85 3679 200 3733 ›ilissimis
223 3683 351 3734 honorem
373 3698 490 3734 servans.
532 3685 571 3748 (6)
594 3680 627 3733 In
649 3682 715 3734 urbe
738 3681 897 3735 Parthienen
921 3682 1120 3752 Hecatompylo
1138 3681 1270 3733 tumultus

85 3754 142 3808 itum
159 3758 188 3810 lit
205 3767 314 3827 propter
330 3759 426 3812 falsum
443 3775 585 3825 rumorem,
604 3759 674 3810 velle
693 3775 785 3829 regem
801 3759 961 3829 propediem
979 3758 1008 3810 in
1025 3756 1140 3827 patriam
1157 3755 1269 3820 reverti,

85 3849 112 3884 m
127 3842 156 3886 ut
174 3835 286 3902 sedaret,
305 3834 375 3887 iussu
393 3835 591 3905 praefectorum
607 3836 763 3888 Alexander
781 3836 838 3906 ipse
858 3837 1007 3890 orationem
1024 3833 1127 3899 habuit,
1157 3835 1196 3897 (7)
1217 3848 1270 3901 qua

85 3908 124 3961 tuit
141 3911 174 3962 ad
193 3919 290 3964 certam
307 3921 446 3979 terrarum,
466 3929 531 3981 quas
551 3911 692 3982 cepissent,
712 3912 910 3983 possessionem
929 3931 995 3983 opus
1015 3927 1074 3964 csse
1093 3907 1183 3975 aliquo
1200 3914 1269 3959 tem-

85 4001 113 4052 ·e,
136 3989 176 4055 (8)
194 4004 279 4057 neque
298 3991 359 4044 dum
378 4005 470 4043 omnes
492 3996 601 4058 gentes,
625 4007 693 4060 quae
710 3990 800 4043 Dareo
819 3989 982 4060 paruissent,
1005 3988 1039 4039 ab
1057 3983 1122 4054 ipsis
1142 3982 1267 4035 subactas

85 4077 105 4127 e,
121 4081 195 4132 quae,
216 4064 237 4116 si
254 4066 352 4120 liberae
370 4073 523 4133 manerent,
541 4084 606 4119 mox
623 4067 724 4119 bellum
741 4075 918 4120 renovaturue
937 4073 1039 4131 essent,
1064 4066 1105 4130 (9)
1125 4073 1268 4126 superesse

85 4136 147 4208 rique
165 4141 282 4210 Bessum,
301 4144 328 4196 in
344 4144 496 4214 propinquo
516 4142 623 4195 sceleris
641 4143 766 4213 praemiis
784 4145 926 4212 fruentem,
945 4158 1024 4213 quem
1036 4146 1066 4191 ut
1075 4134 1268 4188 ulciscerentur

87 4213 201 4268 virtutem
219 4226 246 4270 ct
262 4219 339 4272 fidem
356 4221 501 4291 postulare.

109 4294 161 4360 (10)
180 4293 301 4348 Tumultu
324 4297 404 4367 igitur
425 4296 539 4349 militum
562 4300 670 4366 sedate,
693 4301 850 4354 Alexander
866 4315 916 4369 per
933 4296 1098 4350 Parthienen
1115 4292 1142 4344 in
1160 4291 1267 4360 Hyrca-

85 4379 111 4416 m
124 4377 218 4423 monet.
251 4372 351 4428 Natura
368 4375 455 4444 vallis,
476 4393 529 4446 qua
547 4393 606 4430 eam
622 4386 721 4431 terram
740 4379 852 4448 adeunt,
876 4383 904 4428 et
922 4372 1004 4428 amnis
1023 4368 1144 4427 Ziobetis
1164 4366 1266 4421 descri-
