2926 5174
577 319 773 373 10000010.
1218 295 1298 377 593Ι

147 508 177 581 5.·
192 507 220 564 9.
257 508 355 566 deinde
370 511 452 565 etiam
470 508 551 583 donn]
576 509 674 566 deinde
695 507 766 565 hom.
792 505 926 582 81000,
954 509 1052 566 deinde
1072 512 1150 568 etiam
1173 519 1199 568 et
1222 512 1291 570 nom.

59 594 138 652 Flor.
155 593 213 651 ΕΗ
231 593 316 651 Bern.
334 593 371 652 B.
419 594 489 652 Tum
507 605 532 652 et
549 596 656 671 oppid]
675 611 735 651 cum
753 602 778 650 et
795 596 925 669 oppidum
942 595 1023 653 Flor.
1042 595 1073 652 H
1091 596 1177 654 Bern.
1195 597 1231 655 B.

145 681 171 753 5.
191 680 239 736 10.
274 683 323 757 qui
340 682 498 757 discrimen]
518 682 625 756 quidem
643 683 728 738 discr.
747 680 826 737 Flor.
844 679 875 738 H
892 680 980 739 Bern.
997 682 1024 738 B
1042 681 1131 740 Voss.
1149 683 1179 740 2.

145 763 285 841 00036,
304 768 329 841 5.
351 767 400 825 15.
434 768 547 842 similes]
566 770 662 826 similis
677 767 759 824 Leid.
776 765 866 825 Voss.
885 769 901 825 1
926 767 1014 825 Bern.
1033 767 1275 828 00100000.

146 852 171 925 5.
191 853 239 908 16.
281 855 391 927 m'ontis]
411 864 512 910 montes
529 853 608 911 Flor.
627 851 650 910 C
669 851 759 910 Voss.
779 853 808 925 2,
826 853 918 910 omitt.
936 854 1015 912 Flor.
1032 853 1093 911 ΕΗ
1109 854 1198 914 Bem.
1216 855 1254 920 Β.

145 938 170 1011 5.
191 937 239 993 17.
278 941 432 1013 aversatus]
452 941 611 997 adversatus
628 939 707 997 Flor.
725 936 886 997 BEFGHI
903 940 989 997 Bem.
1007 940 1034 996 B
1053 939 1142 999 VosS.
1161 942 1190 1000 2.

99 1089 106 1100 ⁰
146 1023 239 1096 5.18.
283 1027 345 1098 quis
363 1026 451 1100 nepet]
470 1028 533 1100 quis
549 1034 629 1099 nepot
645 1025 725 1083 Flor.
743 1022 858 1083 DFGI.
902 1029 1141 1101 comissantesque]
1160 1030 1294 1085 comisan-

38 1106 151 1184 'tecque
166 1107 248 1166 Laid.
265 1108 355 1168 Voss.
375 1113 390 1166 1
410 1111 499 1168 Bem.
517 1111 549 1169 A
566 1131 609 1186 pr.
626 1130 676 1184 10.,
694 1121 949 1190 commessantesque
966 1113 1045 1171 Flor.
1063 1112 1139 1170 DEI
1151 1112 1238 1171 Born.
1256 1114 1292 1187 Β,
1394 1110 1397 1115 ’

56 1202 287 1270 comessantesque
303 1196 408 1272 reliqui
423 1197 523 1255 nostri.
558 1195 602 1255 Cf.
621 1198 658 1255 sd
674 1196 715 1271 V,
733 1198 784 1270 23,
804 1198 853 1255 10.

146 1272 217 1356 000.
237 1282 293 1355 37,
315 1284 340 1357 5.
364 1283 416 1340 22.
464 1283 600 1358 Choaspe]
623 1283 730 1359 Conspe
757 1283 838 1340 Leid.
861 1281 951 1342 Voss.
977 1287 1006 1342 1.
1031 1285 1049 1340 2
1069 1284 1156 1342 Bern.
1177 1284 1251 1359 AB,
1276 1303 1292 1341 e

56 1366 138 1425 Flor.
156 1367 261 1426 nostris
278 1368 350 1426 nihil
367 1378 497 1427 notatum
515 1378 559 1428 est
575 1369 631 1427 nisi
653 1369 762 1427 Cohane
779 1369 858 1427 Flor.
877 1370 903 1427 I.

35 1492 40 1502 .
144 1454 170 1527 5.
189 1453 239 1510 24.
281 1463 307 1512 et
320 1474 349 1512 -a
370 1456 495 1531 meridie]
525 1456 617 1514 omitt.
647 1467 672 1514 et
695 1446 773 1513 Floi.
797 1454 890 1530 DGI,
919 1465 944 1514 et
968 1459 1105 1515 meridiem
1132 1458 1212 1516 Flor.
1237 1457 1291 1515 EF

55 1539 148 1598 Voss.
168 1539 203 1612 2,
225 1549 250 1596 et
266 1543 393 1599 orientem
412 1542 492 1600 Flor.
510 1543 541 1600 H
559 1542 645 1600 Bern.
663 1543 698 1600 B.
745 1539 878 1600 Ceterum
896 1543 929 1600 ob
947 1545 1080 1601 occidente
1105 1553 1129 1601 ct
1146 1563 1164 1600 a
1180 1545 1292 1601 meridie

55 1625 129 1684 Ald.
151 1624 218 1682 Iun.
235 1625 329 1699 Mod„
352 1629 450 1687 nullus
473 1630 570 1686 codex.
615 1628 756 1703 admotita]
784 1629 908 1685 obmolita
932 1629 1010 1686 Flor.
1028 1627 1130 1688 DGH.
1171 1631 1289 1705 quaque]

56 1729 112 1787 qno
122 1709 295 1771 sionem
308 1713 431 1772 Born.B
449 1715 539 1773 Voss.
560 1715 588 1772 2.
607 1715 721 1789 obiecta]
735 1715 850 1773 obducta
860 1715 938 1773 Flor.
953 1715 1011 1774 ΕΗ
1029 1716 1149 1773 Bern.B
1163 1716 1289 1776 Voss.2.

143 1799 168 1872 5.
186 1798 236 1856 25.
279 1802 476 1877 interposuere]
501 1805 651 1876 imposuere
667 1801 746 1858 Flor.
765 1800 826 1858 ΕΗ
843 1802 929 1860 Bern.
947 1801 1000 1859 B..

71 1877 77 1888 ’
144 1885 168 1958 5.
187 1885 237 1942 29.
275 1888 393 1963 uulnus]
417 1888 510 1946 omitt.
528 1888 607 1946 Flor.
624 1887 684 1944 ΕΗ
702 1886 789 1945 Bem.
807 1887 858 1952 Β.

143 1971 168 2044 5.
187 1971 237 2028 30.
271 1975 447 2049 nontamen]
472 1994 520 2032 nec
542 1983 630 2032 tamen
654 1973 734 2031 Flor.
756 1973 816 2030 ΕΗ
840 1974 970 2032 Bern.B
995 1973 1084 2033 Voss.
1103 1975 1132 2031 2.
1175 1975 1288 2051 recepit]

55 2057 153 2131 recipit
169 2056 248 2114 Flor.
265 2059 291 2116 F
308 2059 395 2118 Bern.
412 2060 439 2117 B

161 2140 233 2219 Cap.
257 2145 313 2219 38,
338 2148 363 2221 5.
382 2148 433 2205 30.
469 2167 558 2222 mapn.
582 2147 657 2221 arb]
677 2148 736 2205 arb.
760 2165 849 2220 mapn.
867 2147 946 2205 Flor.
964 2144 1079 2205 DFGI.
1116 2149 1144 2205 in
1162 2166 1292 2215 caomnas

42 2230 151 2305 'deiic.]
171 2247 286 2288 cavema
302 2233 451 2292 deiciebant
467 2234 546 2292 Flor.
564 2233 621 2309 DI,
638 2235 761 2292 cavernis
778 2234 845 2290 deic.
864 2234 953 2292 Voss
970 2234 987 2290 2
1006 2234 1086 2292 Flor.
1104 2234 1174 2308 ΕΗ,
1201 2234 1293 2292 omitt--

57 2317 85 2372 in
104 2333 162 2374 coo.
180 2315 266 2374 Bern.
283 2317 319 2374 B.

144 2403 170 2476 5.
189 2403 240 2463 33.
275 2406 440 2481 concessere]
459 2407 635 2465 conscendere
659 2407 738 2466 Flor.
756 2407 817 2465 ΕΗ
842 2406 972 2465 Bern.B
997 2406 1087 2466 Voss.
1106 2407 1143 2482 2,
1168 2425 1229 2466 cum
1245 2408 1280 2465 de

56 2489 183 2547 senone
199 2487 278 2548 Flor.
297 2489 331 2550 Ο.

144 2575 170 2648 5.
189 2576 241 2633 36.
271 2579 333 2653 suit·
346 2580 454 2654 nomen]
473 2598 568 2637 nornen
578 2582 638 2655 suit
659 2578 727 2638 edit.
745 2581 826 2639 Mod.

144 2657 217 2738 Cap.
235 2663 293 2737 39,
322 2665 347 2739 5.
367 2667 396 2723 1.
436 2667 511 2741 vicit]
537 2669 619 2725 uincit
642 2666 721 2723 Flor.
746 2667 778 2724 H
802 2666 889 2723 Born.
907 2665 944 2722 B.
987 2667 1164 2741 munimenta]
1189 2667 1294 2743 moenia

58 2744 149 2805 Voss.
169 2748 198 2805 2.
221 2751 249 2806 in
267 2751 410 2826 dicionem]
424 2753 452 2809 in
466 2754 626 2810 deditionem
639 2752 717 2809 Flor.
730 2751 806 2809 EHI
817 2751 904 2811 Bern.
923 2750 950 2806 Β
969 2749 1072 2823 (Voss.
1091 2752 1124 2827 2)
1144 2750 1213 2807 edit.
1223 2749 1289 2806 Iun.

143 2835 168 2908 5.
188 2836 216 2893 6.
249 2837 405 2913 pleraeque]
428 2841 552 2914 plerique
569 2838 647 2895 Flor.
666 2835 751 2895 CEH
769 2837 856 2894 Bern.
871 2836 898 2892 B
915 2834 1006 2894 Voss.
1019 2836 1048 2909 2,
1066 2838 1197 2910 pleraque
1213 2835 1288 2894 Flor.

55 2919 139 2978 DFI.
183 2922 283 2981 altiora
299 2927 328 2981 in
346 2927 434 2983 artius
452 2924 559 2999 cotnnt]
582 2924 664 2982 Haec
687 2926 775 2984 verba
798 2924 902 2981 desunt
925 2921 956 2979 in
979 2922 1058 2980 Flor.
1076 2921 1134 2979 ΕΗ
1158 2921 1246 2978 Bem.
1264 2919 1291 2975 Β

54 3005 146 3066 Voss.
165 3007 194 3065 2.

142 3095 167 3167 5.
187 3092 216 3152 7.
252 3094 373 3177 asperis]
391 3099 513 3174 aspersis
536 3097 616 3155 Flor.
633 3094 744 3155 BCEH
762 3095 851 3155 Voss.
869 3095 906 3170 2,
930 3093 1062 3170 praealtis
1087 3124 1122 3136 -
1143 3101 1169 3152 et
1186 3093 1293 3168 asperis

142 3269 168 3341 5.
187 3267 217 3325 8.
252 3270 417 3346 iacermtur]
436 3272 555 3329 iacerent
570 3271 649 3328 Flor.
667 3270 698 3327 H
717 3269 804 3327 Bern.
826 3269 863 3327 B.
891 3268 976 3343 rami]
996 3266 1087 3325 omitt.
1105 3266 1187 3329 Flor.
1208 3263 1293 3326 OEH

55 3351 143 3411 Bern.
161 3353 197 3410 B.
233 3355 407 3433 detrectante]
426 3359 593 3416 detractante
609 3357 687 3413 Flor.
707 3352 873 3414 CDFGHI
889 3355 954 3412 Pal.
975 3353 1074 3412 ledd.
1092 3373 1135 3432 pr.
1153 3353 1228 3412 Mer.

142 3437 218 3517 Cep.
237 3442 289 3516 40,
311 3444 337 3518 §.
358 3443 386 3500 9.
421 3462 482 3502 cum
503 3443 566 3518 rec]
585 3452 641 3500 tum
658 3461 709 3498 rec
725 3443 805 3501 Flor.
822 3442 882 3499 ΕΗ
900 3441 986 3500 Bern.
1003 3440 1030 3501 B
1048 3440 1138 3501 Voss.
1162 3442 1190 3500 2.

142 3527 168 3601 5.
188 3526 238 3585 10.
257 3530 405 3605 commune]
424 3529 515 3588 omitt.
532 3529 612 3588 Flor.
629 3529 687 3586 ΕΗ
699 3529 785 3588 Bern.
803 3529 830 3586 B
848 3529 937 3588 Voss.
951 3528 1062 3606 2.·quia
1074 3530 1141 3604 tam]
1158 3528 1296 3606 quinium

56 3609 134 3671 Flor.
153 3612 238 3672 DFI.

144 3700 170 3774 5.
190 3701 240 3756 11.
284 3705 407 3778 corporis
423 3703 557 3778 custodes]
577 3703 701 3761 custodes
717 3705 840 3778 corporis
856 3702 935 3761 Flor.
953 3701 1011 3760 ΕΗ
1034 3701 1120 3760 Bern.
1139 3700 1175 3758 B.

144 3786 169 3860 5.
190 3787 240 3844 12.
283 3806 346 3846 nero
363 3791 463 3866 alieno]
482 3808 544 3848 vero
559 3807 611 3863 nec
628 3789 716 3846 alieno
732 3789 811 3847 Flor.
828 3789 886 3848 ΕΗ
903 3789 992 3846 Bern.
1010 3788 1037 3845 B
1055 3786 1145 3844 Voss.
1163 3785 1192 3841 2.

144 3868 218 3949 Cep.
238 3875 289 3948 41,
307 3876 332 3949 5.
352 3876 401 3934 19.
438 3887 525 3934 tomen
542 3876 668 3950 speciem]
695 3877 799 3933 tantum
816 3876 895 3933 Flor.
912 3871 971 3932 FG
988 3872 1054 3934 Pal.
1076 3873 1104 3944 1,
1122 3888 1196 3946 spem
1214 3868 1293 3926 Flor.

53 3952 116 4016 ἘΗ
123 3958 214 4016 Bern.
223 3959 260 4018 B.
277 3963 306 4018 in
314 3961 462 4039 obsidione]
475 3964 504 4020 in
518 3962 680 4019 obsidionem
691 3961 773 4020 Flor.
781 3960 900 4020 ACEH
916 3960 1003 4017 Bern.
1012 3954 1071 4016 AB
1083 3955 1257 4015 Leid.Voss.
1267 3956 1295 4012 1.

146 4046 171 4120 5.
190 4046 243 4104 24.
286 4048 484 4124 Victoriaeque]
510 4049 645 4109 Victoriae
662 4047 742 4109 Flor.
760 4048 820 4106 ΕΗ
837 4046 924 4104 Bern.
942 4045 968 4101 B
987 4044 1076 4103 Voss.
1095 4043 1124 4100 2.
1337 4062 1341 4069 ²

144 4132 222 4206 5.1.
262 4131 361 4209 Coeno]
392 4137 477 4194 Poeni
505 4135 585 4193 Flor.
603 4133 678 4192 DFI
699 4131 766 4193 Pul.
794 4135 829 4207 1,
856 4133 950 4191 Poeno
973 4138 1024 4189 aut
1047 4131 1125 4189 Peno
1149 4127 1252 4205 reliqui
1268 4134 1298 4188 et
1323 4204 1326 4208 ι

61 4217 122 4277 odd.
140 4225 213 4278 vett.
232 4238 325 4296 usque
342 4223 378 4282 ad
394 4223 462 4280 Iun.

143 4307 168 4381 5.
187 4304 218 4364 3.
255 4312 401 4385 caputque]
421 4317 503 4386 caput
519 4306 609 4366 Voss.
628 4307 646 4364 2
665 4302 1007 4366 F101.EFHBern.B.

59 4470 100 4535 Be
143 4389 218 4537 0100.
237 4393 295 4468 42,
319 4398 347 4467 5.
373 4398 402 4456 6.
438 4395 597 4471 admensus]
616 4395 707 4455 omitt.
730 4396 810 4453 Flor.
830 4389 915 4451 CEH
936 4389 1026 4449 Voss.
1045 4390 1080 4464 2,
1098 4391 1299 4479 ministraverat

99 4495 142 4538 m,
189 4517 198 4538 ,
648 4514 651 4519 .

1087 4560 1121 4612 38
