2926 5174
193 265 269 337 384
667 284 700 348 o.
725 284 848 336 ouaru
873 286 959 337 auur

192 468 390 566 tingentem
422 467 571 540 humum
602 493 666 565 per
697 466 890 540 ludibrium
922 467 1048 565 coepit
1069 468 1229 560 hortari,
1268 480 1312 542 ut
1335 470 1430 543 vehe-

193 578 347 652 mentius
374 576 411 650 id
437 588 602 676 quateret
628 579 674 652 ad
700 593 847 669 terram,
888 579 1075 676 elicuitque
1106 581 1202 653 iram
1229 579 1427 671 Alexandri,

193 714 300 786 quam
340 690 423 764 olim
459 691 577 763 animo
613 716 740 789 capere
775 716 848 763 non
882 700 1033 789 poterat.
1091 689 1225 790 Itaque
1259 716 1342 781 reX,
1380 691 1426 765 Tu
1439 710 1457 759 a

192 813 316 907 cunm,
351 801 481 898 inquit,
515 802 813 877 annumeraberis
844 802 922 876 me?
973 803 1032 876 Aa
1057 801 1116 875 uti
1139 802 1206 876 ani
1231 802 1331 902 dt‘pni
1351 804 1424 878 arile-

191 937 269 984 mur
294 936 364 1001 esse
396 913 563 986 ludibrio?
614 912 694 1005 llle,
729 937 795 984 nec
827 937 950 1010 regem
980 909 1150 1004 ludibrio,
1184 937 1255 986 nec
1289 939 1327 988 se
1357 941 1423 989 con·

193 1032 333 1120 temptu
359 1022 507 1121 dignum
533 1048 621 1113 esse,
647 1021 841 1121 respondit,
895 1021 988 1094 Tum
1005 1022 1211 1098 detractum
1239 1049 1323 1097 eum
1345 1026 1422 1099 lecto
1434 1043 1457 1090 a

192 1157 259 1205 rex
290 1135 502 1234 praecipitat
532 1135 569 1207 in
602 1145 743 1208 terram.
796 1133 844 1206 Et
875 1159 957 1206 eum
994 1135 1023 1206 is
1057 1162 1197 1234 pronus
1238 1137 1419 1224 corruisset,

204 1243 356 1337 Videsne,
382 1247 507 1345 inquit,
535 1247 624 1320 idem
649 1260 678 1320 te
694 1246 826 1348 fecisse,
852 1246 942 1346 qaod
967 1247 1093 1321 laelio
1116 1248 1228 1347 paulo
1255 1259 1329 1321 ante
1351 1247 1419 1321 ride·

140 1385 142 1389 ⁷
192 1355 277 1430 bus?
328 1355 376 1430 Et
407 1358 501 1432 tradi
533 1385 576 1432 eo
610 1359 648 1429 in
686 1356 884 1431 custodiam
921 1356 1033 1447 iusso,
1072 1360 1286 1433 convivium
1323 1358 1415 1431 solvit

192 1465 446 1566 Polyperconti
473 1469 616 1567 quidem
642 1481 779 1568 postea,
805 1469 980 1566 castigato
1007 1467 1077 1560 diu,
1104 1471 1270 1568 ignovit:
1297 1471 1334 1543 in
1356 1467 1443 1544 (ld-u

190 1579 368 1654 listhenen
385 1583 470 1656 olim
487 1583 729 1656 contumaciae
752 1591 957 1679 suspectum
982 1581 1237 1679 pervicacioris
1264 1583 1338 1655 irae
1360 1580 1409 1653 nit

194 1686 302 1764 (iuius
330 1693 528 1791 explendae
554 1705 695 1766 matura
722 1693 869 1767 obvenit
895 1693 1044 1766 occasio.

141 1802 186 1875 21
293 1802 373 1876 Mos
400 1818 487 1897 erat,
514 1815 555 1878 ut
580 1805 841 1904 supradictum
859 1814 924 1894 est,
950 1803 1169 1903 principibus
1187 1801 1424 1891 Macedonunt

192 1912 334 1989 adultos
366 1917 497 1991 liberos
532 1918 675 2015 regibus
710 1915 870 2006 tradere,
910 1915 957 1988 ad
991 1915 1112 1987 munia
1147 1913 1253 1988 haud
1287 1916 1405 1988 multrn

194 2027 381 2101 servilibus
407 2028 609 2102 ministeriis
637 2029 897 2103 abhorrentia..
927 2025 1169 2099 Excubabant
1197 2027 1346 2100 servatis
1365 2038 1421 2097 not

194 2139 304 2211 ctium
330 2140 467 2213 vicibus
493 2141 648 2238 proximi
673 2141 808 2214 foribus
835 2141 911 2213 eius
938 2138 1046 2229 aedis,
1072 2137 1204 2233 inqua
1231 2163 1298 2211 rex
1322 2133 1403 2232 acqui

122 2284 126 2293 ·
195 2252 348 2325 escebat.
401 2250 471 2324 Per
496 2251 563 2323 hos
589 2255 731 2350 pellices
758 2251 1077 2324 introducebantur
1100 2248 1172 2321 alio
1193 2247 1306 2341 aditu,
1330 2268 1402 2346 quum

121 2443 124 2449 ,
192 2389 298 2461 quem
332 2364 460 2436 armati
496 2362 718 2438 obsidebant.
776 2361 888 2436 Iidem
929 2371 1093 2459 acceptos
1134 2359 1182 2432 ab
1221 2359 1417 2459 agasonibus*

192 2499 318 2572 equos,
353 2499 434 2547 cum
459 2500 526 2547 rex
553 2499 763 2548 ascensurus
790 2484 899 2564 esset,
932 2471 1192 2561 admovebant,
1220 2471 1399 2545 comitabar

163 2594 322 2683 ·turque
349 2597 386 2660 et
411 2596 614 2680 venantem,
642 2596 678 2660 et
703 2586 740 2657 in
765 2584 918 2682 proeliiS,
945 2583 1108 2658 omnibus
1136 2581 1277 2656 artibus
1302 2577 1397 2656 studio
1455 2639 1457 2683 ᾖ

191 2722 272 2770 rum
297 2698 495 2774 liberalium
523 2699 665 2773 exculti.
717 2695 934 2794 Praecipuus
959 2695 1075 2768 honor
1093 2693 1311 2792 habebatur,
1334 2682 1413 2788 quoll

190 2808 320 2883 licebat
346 2809 553 2884 sedentibus
579 2810 676 2883 vesci
703 2834 784 2881 cum
809 2831 903 2905 rege.
956 2804 1164 2903 Castigandi
1191 2831 1255 2879 eos
1279 2795 1396 2877 verberi·
1452 2798 1457 2837 ²¹

189 2919 258 2997 bus
299 2921 431 2994 nullius
471 2930 633 3020 potestas
674 2928 816 3019 praeter
855 2918 972 3017 ipsum
1015 2925 1101 2992 erat.
1161 2912 1265 2988 Haec
1304 2911 1411 2985 cohors
1455 2996 1457 3028 ÷

184 3165 188 3172 '
225 3171 246 3232 ξ.
265 3170 307 3218 24.
343 3166 471 3235 costiyato
498 3165 554 3234 dia]
598 3164 663 3218 Non
688 3163 795 3217 videtur
830 3162 874 3217 Sic
891 3162 959 3216 iufra
976 3180 997 3217 0.
1011 3170 1054 3232 22,
1074 3172 1104 3220 13
1128 3168 1167 3220 ad
1185 3167 1266 3236 fores
1287 3156 1394 3218 adad

188 3231 233 3285 hic
251 3231 323 3286 locus
341 3250 398 3286 esse
415 3241 560 3304 corruptus.
596 3233 648 3287 Diu
662 3233 794 3288 hominem
828 3234 857 3284 ia
875 3250 926 3301 quc
944 3249 990 3284 rea
1007 3236 1169 3296 vescebatur,
1199 3234 1245 3306 qui
1267 3216 1394 3287 10000111ἀ
1455 3247 1457 3296 j

190 3301 329 3369 castigavit
355 3319 417 3369 rex,
444 3301 461 3353 i.
477 3319 500 3354 e.
522 3301 550 3355 in
572 3319 675 3356 carcere
697 3301 793 3367 tenuit,
828 3303 924 3370 probat
950 3318 1025 3354 usum
1049 3303 1121 3356 vocis
1144 3306 1223 3357 aedes
1245 3319 1293 3374 pro
1309 3288 1393 3354 abab

186 3377 281 3439 ,postea
297 3386 361 3423 vero
378 3369 481 3441 ignovit
498 3378 581 3441 atque
598 3369 709 3424 iniuriae
728 3369 795 3423 obli·
828 3369 883 3422 sive
902 3369 1026 3423 conclavi.

187 3444 232 3497 ,tus
250 3446 298 3491 est.
335 3438 415 3502 Quod
424 3437 557 3492 Acidalius
565 3438 650 3493 voluit
668 3441 794 3508 coelipeta
863 3445 884 3517 5.
894 3445 919 3491 4.
954 3442 1081 3507 acceptos]
1116 3447 1188 3492 actos
1206 3438 1278 3493 Flor.
1294 3428 1394 3490 Dmltt

185 3508 265 3576 prius
283 3523 336 3559 non
355 3507 463 3574 dignum
481 3515 522 3560 est
537 3507 641 3575 Curtio,
658 3508 794 3560 Heumau-
828 3506 892 3558 edrt.
916 3504 1056 3574 Modiana,
1082 3506 1209 3561 omittrmt
1232 3497 1392 3561 varunna
1454 3560 1457 3567 ,

189 3592 238 3627 nus
256 3590 362 3645 quoque
379 3576 479 3628 frustra
500 3574 631 3645 gloriatur
655 3576 729 3648 qussi
751 3591 794 3629 re·
827 3574 856 3628 H
874 3574 953 3628 Bern.
963 3575 996 3628 Β.

188 3651 340 3714 pertavera
353 3643 467 3697 lectione
480 3653 587 3713 postero
605 3649 732 3714 castiqato
751 3646 793 3697 die
862 3650 883 3710 ς.
898 3649 922 3696 5.
958 3631 1391 3712 00.οτ0’900010”οο0υενόιενῢιιῌ(ι
1455 3698 1457 3703 ,

188 3711 234 3782 qui
252 3730 285 3766 00
308 3711 381 3764 illum
398 3712 455 3765 iure
473 3713 642 3782 reprehendit
659 3713 792 3767 Snakenb.
826 3713 907 3765 verba
925 3710 1018 3764 ordine
1035 3711 1197 3766 collocantur
1214 3711 1243 3764 in
1259 3704 1390 3764 sanat*
1449 3736 1457 3749 ·

189 3730 316 3835 infelicius
335 3780 793 3850 001000002190000000000000-
847 3779 862 3832 'i
880 3778 1030 3850 nostrisque
1047 3780 1176 3835 ommbua
1203 3778 1292 3849 Vulgo
1306 3782 1389 3831 ece*
1446 3806 1457 3840 ι

189 3850 270 3904 davit.
295 3849 359 3902 Non
372 3847 557 3910 animadvertit
570 3859 612 3902 sat
629 3867 722 3904 vocem
739 3868 793 3902 non
826 3798 939 3902 1100ίὸ00.
966 3847 1045 3913 Quod
1062 3848 1180 3918 sequitur
1196 3849 1294 3902 callim

189 3935 246 3972 esse
274 3917 467 3972 historicorum.
510 3918 611 3972 Verum
642 3938 695 3972 non
726 3935 792 3989 opus
827 3928 883 3971 erat
909 3917 1044 3971 Scheffero
1071 3916 1211 3970 videbatur
1235 3931 1251 3968 0

189 3995 230 4040 est
246 3985 439 4041 emendatione.
826 4002 884 4039 esse
905 3987 971 4039 nulli
1019 3995 1113 4039 oteetos
1135 3993 1206 4050 erat,
1229 3980 1329 4036 Heinsio
1343 3967 1386 4027 fi
1441 4004 1457 4047 ιζ

225 4055 343 4126 Gap.2l‚
362 4063 418 4122 §.3.
436 4055 704 4126 foribuseiasaedis]
727 4055 792 4108 Pot-
825 4056 866 4107 ius
883 4064 948 4120 erut,
967 4004 1055 4107 (1011000
1068 4052 1142 4124 quasi
1155 4069 1190 4107 ex
1205 4041 1383 4122 interpraete·

189 4131 247 4176 erat
264 4126 355 4178 abesse
372 4126 435 4186 eius,
458 4123 504 4175 sed
520 4131 631 4193 propter
648 4123 791 4177 auctorita·
825 4130 890 4176 usto
918 4122 1045 4176 vocabulo
1067 4132 1194 4202 potestas.
1226 4119 1320 4173 Neutro
1337 4118 1380 4178 ll*
1448 4132 1457 4189 ²,

189 4199 244 4245 tem
264 4192 334 4247 Flor.
352 4192 402 4244 AB
430 4191 510 4244 Bern.
528 4193 553 4245 A
579 4191 653 4245 Mod.
682 4192 790 4262 (quibus
825 4198 875 4258 est,
897 4208 958 4243 nam
975 4208 1035 4244 cum
1051 4191 1165 4244 dicamus
1180 4205 1236 4243 mea
1313 4176 1379 4235 ΙΝ
1455 4246 1457 4255 ,

189 4260 319 4314 accedunt
336 4259 411 4312 Flor.
428 4260 442 4312 1
460 4260 540 4312 Bern.
558 4258 593 4324 B)
612 4258 791 4330 recipiendum
824 4261 872 4312 boc
893 4263 932 4312 vel
955 4261 1023 4312 illud
1038 4261 1172 4330 fucandi,
1197 4274 1215 4327 q
1280 4258 1315 4305 αθ
1330 4234 1377 4313 'Pd
1443 4266 1449 4271 '

187 4327 244 4379 fuit
280 4327 372 4382 Etiam
388 4327 521 4381 Snalcenb.
542 4325 570 4379 in
587 4327 787 4382 Leid.Voss.1
825 4326 978 4382 Ciceronem
986 4326 1166 4397 epistadAtt
1174 4314 1373 4389 linuatdtm
1435 4390 1438 4395 Ι

189 4393 297 4450 videtur
314 4395 454 4463 invenisse,
473 4396 518 4448 sed
535 4394 643 4467 insuper
660 4395 789 4450 habuisse.
823 4394 915 4450 licebit
932 4395 1011 4449 etiam
1026 4395 1112 4452 dicere
1124 4395 1229 4448 0100100
1239 4380 1371 4460 potum
1432 4408 1457 4464 ‘t'
