2926 5174
124 303 195 374 526
590 319 624 381 o.
652 318 775 370 cunrn
800 320 885 371 num

117 505 262 601 quaein
283 503 381 575 nudo
404 504 480 575 solo
503 500 747 598 deprehendit,
774 503 979 599 extinguam
1010 514 1140 577 tantus
1167 514 1221 577 est
1243 530 1334 603 vapor

118 615 202 687 solis
235 624 271 687 et
302 614 404 702 coeli,
444 638 514 709 quc
552 621 680 685 cuncta
716 615 817 686 velut
852 612 936 709 igne
974 625 1175 688 torrentur.
1225 615 1335 688 Fontes
1349 634 1368 680 11

117 749 290 821 aquarum
315 737 352 796 et
376 725 447 797 rari
474 734 568 813 sunt,
595 733 631 796 et
656 724 884 797 incolentium
909 723 1043 799 fraude
1067 726 1243 817 celantur;
1266 727 1335 824 ipsis

118 859 203 907 usus
229 844 347 931 patet,
386 835 529 932 ignotus
562 844 618 906 est
648 832 804 907 advenis.
856 833 908 908 Ut
946 835 1102 909 tandem
1134 863 1255 910 curare
1277 857 1369 910 cor-12

117 970 184 1042 pus
212 944 415 1017 exanimum
442 945 562 1017 amicis
589 945 746 1034 vacavit,
778 945 876 1018 nulla
901 946 1005 1037 tabe,
1043 974 1092 1021 ne
1118 948 1260 1020 minimo
1282 949 1339 1044 qui·

118 1054 199 1128 dem
231 1057 343 1128 livore
376 1066 583 1154 corruptum
608 1053 730 1128 videre
757 1056 816 1152 qui
841 1056 1084 1133 intraverant
1138 1059 1249 1156 Vigor
1272 1083 1338 1154 quo·

119 1192 197 1263 que,
225 1167 284 1263 qui
311 1176 452 1238 constat
478 1192 524 1239 ex
550 1167 686 1264 spiritu,
712 1191 786 1239 non
806 1166 1022 1242 destituerat
1044 1170 1198 1243 vultum.
1235 1169 1340 1265 Itaque
1353 1188 1372 1234 13

117 1277 288 1375 Aegyptii
311 1274 560 1373 Chaldaeique,
586 1278 672 1350 iussi
700 1302 829 1374 corpus
856 1301 922 1350 suo
949 1305 1057 1353 more
1085 1305 1221 1371 curare,
1246 1282 1340 1378 primo

115 1412 189 1458 non
216 1397 300 1460 sunt
325 1387 401 1459 ausi
427 1388 618 1461 admovere
643 1390 745 1460 velut
770 1389 917 1484 spiranti
944 1414 1098 1463 manus:
1134 1390 1259 1465 deinde
1280 1416 1341 1489 pre

118 1498 204 1587 cati,
239 1507 280 1569 ut
309 1498 365 1570 ius
396 1500 520 1594 fasque
552 1509 647 1572 esset
677 1498 886 1572 mortalibus
918 1509 1124 1574 attrectare
1151 1527 1247 1592 eum,
1278 1526 1341 1599 pur·

116 1633 247 1705 gavere
279 1635 425 1707 corpus;
466 1611 711 1706 repletumque
743 1619 799 1681 est
831 1608 1005 1683 odoribus
1041 1637 1197 1686 aureum
1227 1613 1342 1701 solium,

119 1727 155 1790 et
180 1719 286 1815 capiti
319 1719 457 1793 adiecta
488 1722 653 1792 fortunae
685 1720 760 1793 eius
794 1719 956 1816 insignia.
1012 1721 1175 1796 Veneno
1200 1733 1343 1797 necatum
1355 1740 1375 1787 14

117 1853 196 1902 esse
231 1829 412 1905 credidere
451 1831 625 1929 plerique3
666 1831 777 1902 filium
808 1830 994 1928 Antipatri
1033 1832 1135 1906 inter
1174 1835 1342 1922 ministros,

117 1938 241 2012 Iollam
272 1943 430 2033 nomine,
467 1941 579 2040 patris
616 1942 715 2014 iussu
749 1939 900 2014 dedisse.
954 1939 1079 2041 Saepe
1113 1956 1213 2018 certe
1243 1943 1345 2017 audita

118 2062 196 2123 erat
220 2078 295 2125 vox
314 2053 522 2143 Alexandri,
549 2050 780 2148 Antipatrum
804 2051 940 2148 regium
968 2055 1149 2128 affectare
1176 2056 1344 2154 fastigium,

116 2162 357 2259 maioremque
389 2188 467 2236 esse
499 2161 668 2261 praefecti
700 2161 841 2259 opibus,
876 2185 918 2232 ac
944 2164 1057 2239 titulo
1086 2163 1286 2264 Spartanae
1307 2165 1344 2236 vi-

118 2274 250 2345 ctoriae
281 2273 458 2364 inflatum,
504 2273 621 2345 omnia
653 2296 675 2343 a
706 2296 744 2344 se
777 2270 862 2345 data
887 2286 1119 2350 asserentem
1153 2279 1231 2350 sibi.
1280 2273 1343 2350 Cre
1356 2290 1375 2337 ¹⁵

117 2380 251 2456 debant
282 2385 405 2474 etiam,
441 2384 627 2459 Craterum
657 2408 739 2455 cum
770 2393 934 2456 veterum
972 2386 1135 2461 militum
1174 2415 1279 2479 manu
1308 2385 1342 2459 ad

116 2491 399 2567 interficiendum
430 2522 511 2568 eum
542 2496 698 2567 missum.
751 2493 834 2565 Vim
861 2503 984 2566 autem
1012 2500 1168 2590 veneni,
1204 2499 1296 2597 quod
1316 2498 1375 2569 ins

115 2599 324 2678 Macedonia
349 2607 520 2704 gignitur,
553 2605 661 2678 talem
687 2630 765 2678 esse
791 2613 948 2694 constat,
985 2617 1027 2679 ut
1057 2609 1201 2683 ferrum
1226 2632 1344 2709 quoque

118 2724 261 2805 exurat,
298 2717 469 2814 ungulam
506 2717 654 2790 iumenti
689 2715 878 2789 dumtaxat
915 2716 1124 2812 patientem
1165 2747 1245 2796 esse
1278 2717 1343 2794 suci.

116 2913 157 2958 eet
173 2908 283 2976 regioni,
302 2915 348 2961 aut
367 2910 438 2978 quod
454 2907 481 2961 in
498 2925 580 2979 marg.
598 2908 672 2965 Flor.
688 2909 713 2961 D
748 2910 847 2961 τίθεσο
878 2905 1027 2980 καλυπτὴρ
1065 2918 1204 2983 χρυσοῦς,
1233 2911 1344 2984 ἁρμόζων

116 2991 166 3044 pro
183 2978 246 3029 aliis
264 2984 304 3029 est
321 2978 393 3029 alibi.
750 2975 872 3049 ἀκριβῶς
890 2981 937 3028 καὶ
958 2974 1200 3049 περιλαμβάνων
1218 2983 1269 3048 τὴν
1285 2979 1344 3035 ἀνω-

150 3050 223 3110 §.ln
257 3054 296 3098 ert
312 3046 432 3114 advenis]
467 3044 536 3098 Post
552 3047 617 3098 haec
633 3046 715 3098 verba
748 3045 825 3098 τσίτω
844 3049 1040 3117 περιφέρειαν.
1078 3048 1205 3104 Aureum
1222 3058 1344 3104 wtemrc

116 3109 144 3162 in
161 3111 251 3165 multis
269 3114 344 3167 codd.
364 3113 437 3166 Leid.
455 3114 554 3167 Vosal
575 3114 646 3167 Flor.
663 3112 715 3167 AG
748 3113 813 3165 lium
829 3111 925 3198 rapuit,
944 3112 1066 3167 vitreum
1081 3117 1257 3186 substitimus,
1273 3115 1345 3170 Ptole·

116 3186 251 3249 tamquam
267 3181 380 3236 auctoris
391 3182 473 3234 verba
489 3181 616 3252 leguntur
633 3185 715 3236 tradi·
750 3197 839 3233 maeus
858 3202 873 3234 o
890 3178 1003 3245 Κόκνηε
1023 3189 1075 3234 καὶ
1094 3190 1286 3259 Παρείσσκτσι
1301 3189 1345 3236 rm·

116 3257 168 3300 tam
186 3251 271 3318 magis
289 3267 365 3321 qaam
388 3252 513 3303 creditam
534 3253 625 3320 refert,
648 3267 715 3320 quae
750 3247 871 3313 κληθείς,
890 3247 934 3318 qui
945 3264 981 3301 ex
991 3248 1077 3318 Syria
1086 3254 1240 3309 advenerat
1248 3250 1343 3324 etpmb

115 3315 207 3368 eadem
229 3319 309 3370 verbe
331 3318 358 3370 in
380 3317 498 3388 margine
522 3318 602 3372 Bern.
621 3319 645 3371 A
669 3321 715 3372 ad·
749 3325 810 3439 post
828 3317 981 3397 Aegyptum
1006 3319 1168 3391 relinquere
1189 3331 1293 3378 coactus
1306 3326 1344 3373 est

115 3382 213 3451 scripta
230 3394 291 3438 sunt
307 3404 386 3439 manu
404 3387 555 3440 recentiore.
591 3387 652 3441 Non
667 3390 714 3440 du·
770 3385 848 3439 trabe
865 3384 997 3452 hb.xv11,
1017 3405 1044 3456 p.
1059 3395 1123 3443 794.

115 3448 173 3503 bito
196 3451 259 3520 quin
281 3455 314 3507 ad
337 3471 382 3520 ea,
409 3470 476 3527 quae
499 3454 578 3526 paulo
599 3463 660 3526 post
681 3457 715 3508 de
783 3461 851 3520 §.lt
869 3454 1343 3528 crediderepleriqaelFlor.CEFGH

113 3517 260 3572 Alexandri
292 3540 401 3592 corpore
432 3523 577 3593 putredinis
612 3523 715 3596 experti
748 3520 862 3574 BemB
880 3527 908 3573 et
922 3521 997 3590 quod
1010 3523 1250 3581 mirorIaeidensis
1264 3529 1343 3582 Veneno

114 3587 265 3656 traduntur,
282 3591 443 3660 pertineant.
748 3600 865 3643 necatam
883 3605 938 3642 esse
962 3591 1110 3660 dixeram,
1135 3597 1267 3650 credidere
1278 3593 1343 3664 pta·-

149 3659 171 3721 §.
188 3662 228 3709 13.
264 3669 402 3713 attrectare
420 3662 488 3728 eam]
523 3659 643 3714 Raderus
661 3677 715 3714 non
748 3675 804 3738 que.
836 3656 1002 3711 varietatem
1020 3659 1181 3730 scripturae
1198 3666 1231 3718 de
1247 3660 1342 3732 margine

113 3723 204 3793 inepte
230 3726 342 3780 coniecit
373 3727 515 3807 legendum
541 3745 600 3782 esse
632 3733 713 3783 deam.
748 3744 775 3779 m
793 3733 897 3780 textum
912 3725 1019 3791 venisse
1037 3738 1122 3797 puto.

112 3792 296 3848 Veruntamen
317 3813 375 3849 eum
398 3814 426 3848 1n
447 3814 507 3849 mss.
533 3796 634 3850 nullum
659 3796 714 3851 eius
782 3801 804 3861 ς.
823 3799 863 3847 15.
903 3809 961 3845 cam
988 3805 1111 3851 aetenam
1138 3802 1249 3855 militum
1272 3796 1341 3871 mord

112 3859 187 3913 verbi
212 3862 351 3933 vestigium
377 3863 426 3932 sit,
452 3871 571 3934 praestat
597 3866 713 3936 cogitare
748 3862 818 3917 Vide
834 3878 913 3933 supra
930 3861 964 3912 ad
984 3877 1009 3915 c.
1021 3869 1047 3916 8.

112 3943 192 3998 quam
208 3931 363 4000 exprimere.
782 3937 855 3998 §.lt
890 3929 1097 4009 taliae-edonis
1114 3937 1253 4017 yiynr'tar]
1274 3934 1340 3988 Immo

165 4013 272 4051 auream
297 4002 401 4067 solium]
457 3999 537 4053 Diod.
566 4000 610 4054 lib.
628 4015 712 4069 xvm,
747 4015 832 4068 prope
840 3997 974 4051 Nonamn
992 4015 1023 4050 m
1037 4000 1291 4076 Arcadiastygmm
1304 4002 1341 4053 se

111 4066 145 4116 26
163 4070 350 4136 πρῶτονμὲν
371 4069 424 4140 γὰρ
442 4074 483 4134 τῷ
503 4068 613 4136 σώματι
631 4088 712 4122 κατε·
746 4082 876 4119 venenum
904 4081 938 4117 ex
963 4073 1047 4133 petra
1076 4069 1220 4126 destillare
1244 4078 1339 4126 auem

113 4134 257 4197 σκευάσθη
280 4142 402 4206 χρυσοῦν
425 4135 605 4207 σφυρήλατον
628 4137 713 4211 ἁρμό·
746 4142 809 4188 sunt
826 4132 983 4187 Plutarchus
1006 4133 1036 4187 in
1054 4137 1141 4192 Alex.
1160 4157 1184 4194 c.
1199 4148 1229 4194 77
1247 4148 1273 4194 et
1286 4137 1340 4191 ΡΝ]-

114 4200 176 4260 ζον,
208 4206 255 4252 καὶ
271 4202 346 4256 τοῦτ’
367 4202 422 4256 ἀνὰ
440 4210 528 4271 μέσον
546 4204 713 4279 ἐπλήρωσαν
746 4203 832 4256 sanias
848 4201 877 4255 in
893 4199 1032 4255 Arcadicis
1053 4211 1100 4259 18.

113 4263 275 4384 ἀρωμάτων
300 4278 360 4324 τῶν
384 4270 443 4340 ἅμα
467 4269 635 4342 δυναμένων
660 4273 713 4338 τὴν
780 4273 903 4351 ungulam
920 4299 954 4308 ·-
967 4273 1124 4337 patientem
1143 4293 1202 4330 esse
1218 4278 1289 4396 ωειλ
1306 4269 1339 4325 sil

113 4333 169 4414 υύρυ
189 4339 236 4386 ίαν
253 4343 299 4389 καὶ
315 4339 369 4405 τὴν
384 4336 524 4461 διαριυνὴν
540 4344 713 4414 παρέχεσθαι
745 4354 805 4392 mes.
824 4337 877 4416 mei·
889 4337 959 4416 quod
975 4335 1005 4389 in
1024 4335 1167 4398 Floram
1180 4344 1260 4398 Bern.
1302 4358 1338 4393 ra·

112 4419 154 4466 τω
174 4401 290 4469 σώματι,
310 4406 407 4461 ἐπάνω
443 4412 522 4474 ἐνῆς
539 4409 629 4476 θήκης
647 4415 711 4463 ἐπε·
744 4408 808 4477 μυῖα
826 4420 921 4461 omissa
937 4403 1038 4460 lineola
1055 4407 1171 4481 legitur,
1191 4412 1231 4482 (in
1246 4405 1337 4466 Flore
