2926 5174
444 305 494 357 nn
521 305 647 359 cnsms
673 305 782 358 Anax.
808 307 873 377 vn,
891 304 917 358 a
1233 287 1307 362 301

91 488 191 588 lipsius
216 491 362 590 sepelire
387 491 654 590 permitterent,
680 493 928 590 precabantur.
979 489 1052 564 Diu
1076 491 1115 564 id
1139 503 1309 590 negatum

105 614 150 694 est,
173 601 333 678 Cleandri
357 615 466 694 metu,
479 628 524 677 ne
551 603 751 678 offenderet
775 629 906 703 regem.
946 600 1167 677 Pertinacius
1182 603 1310 679 deinde

103 715 321 810 precantibus,
356 714 540 789 materiem
567 716 864 789 consternationis
892 712 1173 788 subtrahendam
1198 724 1309 806 ratus,

101 826 189 923 capite
223 824 341 900 deciso
366 837 533 901 truncum
566 827 715 920 humare
746 827 917 925 permisit.
969 825 1030 900 Ad
1054 850 1177 925 regem
1202 837 1311 925 caput

100 937 219 1012 nissum
245 949 309 1012 est.

175 1048 243 1124 Hic
278 1051 395 1126 exitus
429 1048 674 1124 Parmenionis
709 1049 795 1139 fuit,
835 1048 984 1122 militiae
1025 1048 1193 1147 domique
1228 1050 1314 1124 clari

99 1159 153 1232 viri
199 1159 316 1235 Multa
341 1161 416 1235 sine
442 1186 527 1260 rege
552 1185 739 1260 prospere,
765 1185 845 1234 rex-
861 1160 938 1234 sine
963 1160 1024 1233 illo
1050 1161 1139 1234 nihil
1162 1187 1316 1262 magnae

98 1271 135 1344 rei
161 1283 329 1370 gesserat.
379 1272 597 1347 Felicissimo
623 1274 714 1371 regi,
749 1282 787 1346 et
816 1273 939 1346 omnia
964 1271 1011 1346 ad
1037 1274 1202 1348 fortunae
1229 1299 1315 1348 suae

99 1382 230 1482 exigenti
255 1383 413 1476 modum,
440 1385 619 1458 satisfecit.
658 1407 736 1457 axx
761 1395 871 1458 natus
898 1410 1023 1477 annos,
1048 1385 1187 1460 iuvenis
1214 1385 1314 1459 ducis
1334 1402 1337 1411 '

98 1503 124 1566 et
142 1519 243 1594 saepe
270 1496 378 1570 etiam
403 1496 559 1594 gregarii
583 1496 704 1569 militis
730 1495 854 1568 munia
878 1497 1059 1596 explevit:
1092 1522 1175 1570 acer
1201 1497 1314 1571 consi·

95 1601 264 1696 iamenu
291 1617 467 1699 strenuus,
494 1632 598 1680 carus
629 1606 868 1705 principibus,
903 1608 1014 1705 vulgo
1040 1609 1192 1682 militum
1218 1635 1315 1683 acce·

96 1716 176 1810 ptiar.
213 1717 316 1793 Haec
340 1720 545 1818 impulerint
569 1719 667 1792 illum
694 1716 741 1791 ad
766 1719 869 1816 regni
895 1719 1137 1817 cupiditatem,
1164 1747 1212 1796 an
1237 1733 1314 1794 tan·

95 1835 153 1903 tum
176 1842 382 1929 suspectum
408 1831 571 1923 iecerint,
607 1830 740 1929 ambigi
765 1841 902 1928 potest,
938 1833 1022 1928 quia
1046 1829 1208 1906 Philotas
1234 1833 1313 1905 ulti·

94 1939 143 2014 nis
172 1942 386 2017 cruciatibus
418 1943 535 2017 victus
568 1966 703 2017 verane
735 1939 884 2032 dixerit,
918 1967 1009 2038 quae
1040 1944 1138 2017 facta
1168 1944 1313 2042 probari

93 2072 147 2141 nep
169 2064 348 2152 poterant,
374 2080 422 2127 an
446 2054 543 2128 falsis
569 2060 832 2127 tormentorum
857 2054 1000 2150 petierit
1025 2055 1143 2146 finem,
1161 2081 1201 2129 re
1227 2079 1312 2153 quo·

94 2185 144 2258 que
166 2167 313 2257 recenti,
340 2191 421 2239 cum
447 2165 560 2263 magis
586 2173 711 2262 posset
735 2163 880 2259 liquere,
909 2163 1111 2239 dubitatum
1138 2177 1202 2241 est

173 2276 397 2369 Alexander,
434 2302 524 2374 quos
556 2276 668 2350 libere
699 2284 853 2347 mortem
884 2274 1130 2351 Parmenionis
1159 2280 1362 2376 conque-10

94 2393 149 2460 atos
179 2414 258 2463 esse
294 2398 532 2487 compererat,
567 2385 786 2485 separandos
813 2412 836 2460 a
862 2397 981 2460 cetero
1015 2390 1172 2464 exercitu
1200 2399 1312 2480 ratus,

92 2493 243 2574 inunam
269 2500 454 2572 cohortem
480 2500 648 2590 secrevit,
676 2495 874 2596 ducemque
899 2499 954 2572 his
980 2497 1177 2574 Leonidam
1203 2500 1312 2592 dedit,

94 2618 120 2680 et
144 2613 259 2710 ipsum
285 2611 514 2685 Parmenioni
540 2608 722 2708 quondam
748 2609 874 2685 intima
904 2611 1143 2685 familiaritate
1169 2613 1313 2685 coniun-

94 2730 179 2796 ctum.
231 2722 322 2797 Fere
348 2721 456 2795 iidem
483 2732 585 2796 erant
592 2778 601 2813 ,
633 2745 724 2818 quos
751 2721 907 2821 alioquin
932 2747 999 2796 rex
1024 2723 1200 2796 habuerat
1225 2724 1312 2796 invi·

94 2853 146 2906 sos.
194 2834 289 2909 Nam
325 2859 406 2907 cum
432 2835 587 2933 experiri
612 2833 723 2907 vellet
748 2834 901 2908 militum
927 2834 1079 2925 animos,
1116 2832 1312 2925 admonuit,

93 2945 138 3038 qui
168 2946 306 3021 litteras
339 2947 376 3019 in
402 2945 649 3019 Macedoniam
676 2943 723 3017 ad
749 2967 834 3018 suos
861 2945 1078 3043 scripsisset,
1112 2946 1186 3036 his,
1223 2971 1312 3043 quos

93 3049 151 3151 ipse
174 3058 352 3151 mittebat,
379 3057 569 3157 perlaturis
596 3083 677 3131 cum
703 3054 784 3146 fide,
810 3056 979 3130 traderet.
1028 3052 1240 3154 Simpliciter
1267 3056 1314 3131 ad

92 3171 293 3246 necessarios
325 3194 411 3245 suos
447 3169 595 3268 quisque
631 3171 837 3271 scripserat,
874 3193 966 3265 quae
1007 3167 1200 3242 sentiebat:
1235 3167 1312 3241 aliis

116 3457 134 3524 ξ.
149 3465 188 3513 32.
222 3460 281 3512 Diu
300 3459 331 3512 id
346 3460 478 3540 nepotum]
514 3458 623 3514 Omittit
648 3461 679 3512 id
711 3456 739 3511 in
757 3456 851 3512 ceteris
869 3454 1014 3524 codicibus,
1042 3473 1108 3528 quor
1134 3456 1251 3511 nondum
1268 3472 1314 3530 ap-

92 3515 145 3579 Flor.
160 3529 193 3582 rt
234 3527 307 3580 Tum
333 3527 441 3584 Modius
466 3546 495 3581 m
520 3527 677 3581 membranis
711 3526 815 3598 pellavi,
833 3528 955 3582 militiam
972 3527 1102 3595 explicuit.
1123 3526 1314 3580 Verumtamen

91 3601 133 3646 tue
150 3596 280 3650 Cleandro
304 3606 428 3650 metuente
449 3597 576 3664 affirmat,
604 3596 677 3650 euius
711 3595 777 3649 nihil
792 3604 877 3663 muto,
896 3602 959 3649 sunt
976 3593 1046 3648 enim
1063 3593 1314 3667 ctiamintegerrimi

91 3652 189 3736 lationis
205 3665 235 3719 in
252 3663 362 3734 reliquis
389 3681 438 3718 nec
455 3665 514 3719 vola
531 3682 580 3719 nac
596 3664 678 3718 vesti·
712 3663 816 3718 codices
834 3663 957 3720 Curtiani
974 3664 1100 3744 mendose
1117 3662 1217 3733 scripti.

91 3726 588 3860 castrametatas}
605 3733 677 3855 ta
712 3733 882 3872 ..ta-..r
910 3738 1020 3855 tt.
1042 3733 1134 3854 ‘etat
1152 3741 1315 3852 aar...

91 3873 235 3926 raaudus
259 3871 288 3924 in
306 3870 379 3925 Flor.
397 3869 489 3924 DFGI
507 3888 559 3940 per
577 3871 677 3923 entibus
711 3886 801 3924 omnes
818 3877 974 3941 agnoscunt,
1001 3869 1112 3923 eandem
1128 3867 1193 3921 editi
1209 3875 1314 3939 praeter

91 3942 127 4004 lli,
142 3939 217 3994 etiam
234 3941 374 3993 materiem
391 3938 419 3992 in
437 3939 506 3993 Flor.
525 3939 551 3992 D
600 3938 650 3992 HI.
711 3938 785 3992 Mod.
804 3939 940 4005 omittunt,
958 3938 1027 3991 male
1044 3936 1072 3990 hi
1089 3937 1202 4008 quidem.
1400 3981 1403 3986 .

114 4008 133 4074 §-
148 4015 188 4064 33.
223 4010 315 4062 munia
330 4010 445 4077 explevit.
464 4006 536 4062 Olim
549 4008 679 4060 edebatur
747 4012 771 4074 s.
790 4014 832 4062 36.
876 4008 994 4077 alioquin
1019 4024 1075 4059 res.
1118 4005 1188 4057 Edd.
1215 4005 1315 4074 alioqui

91 4083 179 4131 maere
196 4078 323 4148 explicuit
340 4093 357 4129 a
376 4075 480 4130 Vindel.
498 4076 611 4143 Merula,
629 4075 678 4129 Al·
711 4083 803 4130 contra
820 4077 923 4131 codices
941 4082 1045 4128 nostros
1079 4072 1168 4126 uidem
1182 4088 1279 4126 omnes.

91 4135 128 4210 lo,
142 4145 234 4213 Iunio,
262 4143 360 4202 deinde
376 4144 482 4198 Modius
500 4145 573 4198 dedit
589 4147 678 4198 munio
746 4148 889 4200 admonuit.
931 4144 1043 4197 Praeter
1119 4141 1192 4194 Flor.
1224 4156 1315 4194 omnes

91 4215 203 4283 &plicuit
222 4213 263 4268 uti
281 4221 322 4267 est
338 4212 555 4267 innocuum.
573 4212 678 4266 Freiria
712 4215 833 4268 admovit.
868 4214 937 4268 Item
973 4219 1016 4266 ost
1033 4226 1122 4265 omnes
1139 4227 1188 4280 pro
1201 4209 1315 4290 eoquod

91 4271 172 4350 buius
197 4281 316 4353 denique
341 4283 432 4334 munia
458 4283 580 4352 explevit,
626 4281 679 4335 uod
711 4289 753 4336 est
773 4283 896 4353 hisquae
923 4281 957 4333 ha
991 4286 1021 4331 nt
1046 4279 1071 4332 si
1095 4295 1176 4349 quos,
1202 4279 1316 4349 demque

91 4346 132 4413 lite
150 4367 258 4424 quoque
281 4367 375 4405 rerum
403 4349 532 4404 existimo.
572 4300 626 4404 Sed
651 4350 679 4403 in
707 4352 861 4420 perlaturus
879 4349 922 4404 vel
934 4351 1085 4428 perlaturos
1103 4365 1152 4418 pro
1169 4346 1242 4419 vulg.
1254 4364 1318 4419 per-

91 4417 228 4476 lulomsto
242 4427 294 4490 est,
312 4419 393 4473 immo
409 4417 492 4474 maior
508 4427 550 4474 cst
566 4419 679 4474 varietas
713 4421 818 4490 lotarie,
836 4420 962 4476 mendose
979 4432 1075 4471 omma.
1115 4474 1119 4478 ,
