2984 5176
429 777 479 880 Q.
517 778 744 867 CURTII
782 786 938 871 RUFI

660 989 710 1041 Da

471 1134 473 1138 ¹
564 1143 817 1215 GESTIS

180 1356 791 1541 Anaxa-Noai
844 1365 1194 1490 mneri-

428 1602 431 1607 ’
461 1600 589 1659 REGIS
615 1605 901 1664 MACEDONUM

556 1793 699 1858 amna
716 1795 817 1876 mr).

518 2264 840 2326 ARGUMENTUM.

128 2417 172 2485 (1)
189 2412 350 2479 Alexander,
373 2420 513 2482 postquam
529 2413 667 2485 plerasque
683 2415 762 2469 urbes
781 2415 902 2480 Graecas,
927 2418 956 2471 in
977 2437 1024 2474 ora
1041 2421 1172 2476 maritima
1189 2423 1301 2494 Mysiae,

56 2491 168 2568 Lydiae,
191 2490 286 2544 Cariae
302 2489 374 2556 sitas,
397 2489 494 2558 partim
512 2491 716 2558 condicionibus,
740 2493 837 2562 partim
854 2493 880 2544 vi
899 2493 927 2547 in
948 2504 1110 2566 potestatem
1135 2517 1209 2552 suam
1225 2501 1301 2552 rede·

58 2568 109 2638 git,
136 2585 206 2622 anno
233 2585 256 2619 a.
281 2566 343 2620 Chr.
366 2573 420 2618 nat.
444 2573 493 2620 333
521 2567 628 2621 ineunte
655 2585 689 2620 ex
712 2568 791 2623 Caria
815 2570 843 2622 in
864 2569 1010 2642 Phrygiam
1034 2583 1124 2628 movet
1145 2576 1301 2642 exercitum,

58 2645 153 2697 urbem
171 2661 309 2714 arcemque
327 2643 500 2698 Celaenarum
518 2645 597 2714 capit.
632 2646 673 2714 (2)
691 2645 750 2698 Iam
771 2663 833 2699 vere
856 2665 946 2701 omnes
969 2649 1056 2719 copias
1074 2651 1108 2702 ad
1124 2650 1224 2703 bellum
1240 2667 1301 2720 per·

57 2721 222 2791 sequendum
240 2721 382 2774 contrahit:
406 2720 544 2790 Gordium,
563 2730 643 2792 caput
661 2720 724 2775 olim
740 2722 884 2793 Phrygiae,
903 2727 985 2792 venit,
1004 2733 1033 2778 et
1054 2726 1164 2780 celebris
1187 2726 1301 2780 vehiculi

57 2799 162 2850 nodum
183 2796 289 2850 fatalem
315 2798 403 2868 gladio
426 2798 513 2851 solvit.
549 2801 590 2868 (3)
612 2799 684 2852 Hinc
708 2800 844 2854 navalibus
871 2802 951 2871 copiis
982 2804 1106 2856 adversus
1132 2804 1302 2858 Memnonem

58 2873 148 2927 classis
164 2873 286 2927 Persicae
303 2875 464 2944 praefectum
482 2875 597 2943 (interea
614 2876 793 2941 demortuum)
817 2877 903 2945 parari
920 2878 1005 2943 iussis,
1028 2879 1083 2947 ipse
1100 2880 1238 2949 Ancyram,
1255 2896 1301 2949 pe-

59 2950 105 3018 tit,
122 2950 306 3020 Paphlagones
324 2951 351 3003 in
369 2951 532 3004 deditionem
549 2951 653 3020 accipit,
673 2951 867 3020 Cappadociam
884 2953 976 3004 intrat.

131 3027 172 3094 (4)
190 3027 290 3081 Contra
310 3029 414 3094 Darius,
433 3045 492 3080 cum
509 3027 566 3096 ipse
582 3026 683 3096 proelio
700 3025 842 3078 decernere
862 3025 1008 3092 statuisset,
1026 3026 1117 3078 castris
1135 3028 1169 3078 ad
1186 3027 1302 3096 Babylo·

60 3117 124 3154 nem
146 3101 245 3172 positis,
271 3122 410 3157 numerum
443 3103 576 3173 copiarum
610 3102 677 3156 iniit.
722 3102 866 3171 (Recenset
893 3097 1001 3155 Curtius
1033 3107 1136 3155 309200
1167 3108 1301 3170 armatos.)

60 3179 104 3248 (5)
123 3177 302 3249 Charidemus,
327 3181 389 3234 exul
405 3180 584 3247 Atheniensis,
611 3197 710 3250 regem,
739 3186 811 3231 certa
837 3177 963 3232 victoriae
989 3197 1035 3250 spe
1061 3179 1168 3248 elatum,
1196 3179 1301 3249 linguae

58 3254 212 3327 consiliique
233 3256 358 3311 libertate
380 3257 491 3311 offendit
519 3266 546 3311 et
569 3256 654 3328 capite
676 3273 788 3326 poenam
811 3255 870 3309 luit.
906 3258 948 3326 (0)
975 3257 1083 3310 Somnia
1109 3263 1198 3310 temen
1226 3256 1301 3310 illum

58 3333 128 3386 curis
146 3334 305 3403 distrahunt,
324 3354 435 3407 quorum
452 3344 554 3388 terrore
571 3353 587 3387 a
604 3333 708 3387 vatibus
726 3333 850 3403 prudenti
876 3333 1096 3404 interpretatione
1117 3335 1230 3402 sublato,
1258 3352 1300 3388 ea-

56 3418 117 3464 stra
131 3412 232 3464 moveri
248 3411 331 3465 iubet.
366 3413 409 3482 (7)
429 3413 471 3482 (8)
489 3411 610 3481 Agminis
627 3411 692 3464 ordo
710 3410 876 3478 describitur,
901 3410 980 3482 longe
1003 3411 1106 3464 diversa
1127 3412 1193 3466 facie
1209 3413 1299 3467 Maee-

58 3487 146 3541 donici
164 3488 304 3542 exercitus.

129 3564 171 3634 (0)
189 3565 342 3618 Alexander
360 3564 534 3636 Cappadocia,
553 3581 620 3635 quae
637 3564 674 3617 cis
691 3564 782 3634 Halyn
799 3571 849 3631 est,
867 3564 896 3617 in
913 3565 1042 3619 dicionem
1059 3574 1176 3636 accepta,
1201 3567 1235 3618 ad
1253 3583 1300 3620 an·

57 3639 160 3710 gustias
176 3642 273 3696 montis
292 3638 383 3708 Tauri,
402 3640 496 3713 quibus
515 3641 606 3694 Cilicia
623 3641 720 3709 aditur,
738 3641 869 3711 pervenit,
887 3641 974 3694 Persis
995 3650 1068 3695 retro
1087 3642 1299 3697 concedentibus.

58 3718 122 3786 (10)
142 3717 247 3772 Ciliciae
265 3719 330 3772 situs
348 3736 379 3772 ac
395 3726 491 3771 natura
513 3718 676 3771 describitur.
712 3720 770 3788 (ll)
788 3717 868 3787 Pylas
887 3717 993 3772 Ciliciae
1016 3727 1092 3777 caute
1113 3719 1206 3786 intrat,
1231 3719 1299 3771 Tar-

92 3861 118 3930 ’)
136 3867 215 3929 Vulgo
233 3870 261 3915 de
277 3870 344 3916 rebus
364 3869 440 3931 pestis,
464 3871 527 3929 quod
549 3870 575 3915 in
597 3870 664 3915 nullo
699 3875 835 3928 sequuntur,
863 3871 922 3916 adeo
947 3875 975 3915 ut
1000 3871 1118 3928 integrum
1136 3882 1194 3925 opus
1214 3880 1299 3913 novem

56 3939 112 3984 cod,
130 3953 175 3984 ms.
194 3944 237 3984 est.
263 3939 314 3986 Nos
329 3940 505 3997 inscriptionem
522 3940 664 3998 sumpsimus
698 3939 764 3984 libris
778 3938 917 3985 constiterit.
952 3937 1000 3984 Sed
1017 3938 1105 3983 tectim
1121 3937 1184 3980 hunc
1202 3947 1253 3980 esse
1269 3935 1299 3979 li-

58 4019 92 4052 ex
108 4006 211 4053 Flor.B
239 4012 263 4053 et
279 4007 350 4054 Bem.
372 4007 403 4054 A.
440 4008 474 4053 De
498 4007 566 4068 pestis
593 4008 664 4052 etiam
698 4008 774 4063 brmn,
794 4013 817 4052 et
835 4007 916 4053 decem
932 4008 1062 4061 universos,
1081 4018 1134 4050 cum
1151 4003 1247 4061 reliquis
1260 4017 1302 4049 co-

56 4073 122 4120 Flor.
141 4073 203 4121 Get
219 4075 253 4122 H.
287 4077 367 4136 Nepos
389 4078 415 4123 in
431 4076 534 4122 Datame
546 4076 587 4121 in.
605 4074 677 4135 qued.
699 4076 795 4131 dicibus,
815 4081 865 4121 tum
883 4075 945 4121 Flor.
959 4074 982 4120 A
999 4074 1103 4121 omnium
1116 4071 1204 4128 optimo
1221 4072 1299 4128 credo,

56 4150 81 4188 et
97 4142 234 4189 obscuriore
250 4152 302 4191 suat
319 4145 366 4190 eius
380 4151 447 4207 pecta
462 4144 579 4203 pleraque.
615 4143 664 4189 Ve-
698 4145 741 4203 qui
756 4145 785 4189 ab
811 4145 878 4190 initio
894 4144 992 4189 mutilus
1008 4141 1091 4198 incipit
1108 4140 1201 4184 demum
1219 4153 1300 4184 aver-

55 4225 111 4257 rum
130 4211 193 4258 Flor.
215 4212 237 4258 B
261 4220 285 4260 et
306 4212 377 4259 Bern.
399 4214 423 4261 A
445 4228 498 4259 cum
518 4212 612 4258 Flor.I
635 4213 663 4257 li·
698 4213 734 4259 bis
751 4212 790 4257 oie
805 4211 884 4272 pladie
900 4209 1010 4271 semmam
1035 4222 1091 4266 elate
1112 4222 1163 4266 cap.
1183 4207 1213 4251 25
1236 4205 1300 4252 med.

55 4280 127 4326 hrum
152 4281 275 4328 secandam
299 4289 435 4340 numerant,
460 4295 557 4340 eamque
579 4294 662 4326 nume·
697 4278 735 4343 (x,
756 4278 784 4341 6)
802 4281 899 4327 huiusce
914 4279 975 4324 libri.

56 4349 126 4394 randi
142 4350 258 4398 rationem
275 4365 350 4411 usque
368 4353 399 4397 ad
422 4353 493 4398 finem
515 4351 593 4409 operis
609 4363 663 4409 per·

1082 4430 1095 4473 l
