2984 5176
176 276 247 349 106
646 288 680 350 a.
709 285 833 337 cnara
857 286 943 337 surr

171 480 239 553 sibi
270 475 399 549 divinis
432 471 630 545 honoribus
663 469 802 543 colendi
834 494 938 543 suum
972 467 1120 566 regem?
1168 466 1251 541 Hoc
1279 491 1411 565 quoque

173 597 360 685 acceptum
385 586 462 656 fore
488 581 565 655 Iovi
593 591 694 654 vates
721 580 926 678 respondet.
965 579 1064 654 Vera
1089 597 1127 652 et
1152 580 1293 654 salubri
1319 580 1412 653 aesti-
1426 601 1445 648 a

172 701 329 773 motione
354 694 444 768 fides
472 692 604 765 oraculi
631 717 726 763 vana
751 693 912 787 profecto
939 693 972 765 ei
997 690 1111 764 videri
1130 691 1332 788 potuisset:
1358 689 1415 764 sed

171 813 327 898 fortuna,
354 829 443 902 quos
469 804 532 875 uni
558 803 625 876 sibi
651 801 796 875 credere
823 804 958 901 coe'git,
983 828 1115 901 magna
1141 813 1325 901 exparte
1351 804 1415 876 avi-

173 922 239 994 dos
266 917 400 1017 gloriae
426 915 558 1011 aragia,
594 939 702 1010 quam
727 938 876 1010 capaces
902 915 995 987 facit.
1047 912 1144 987 Iovis
1170 915 1286 1012 igitur
1311 915 1448 987 filiuma

174 1057 212 1106 se
238 1056 311 1103 non
338 1029 454 1100 solum
480 1026 651 1122 appellari
676 1049 803 1122 passus
831 1035 896 1115 est,
922 1023 987 1098 sed
1013 1025 1122 1098 etiam
1146 1025 1266 1116 iussit,
1288 1051 1416 1098 rerum·

173 1168 241 1239 que
275 1149 459 1237 gestarum
492 1138 643 1226 famam,
680 1134 766 1208 dum
801 1160 932 1231 augere
966 1136 1047 1208 vult
1077 1136 1141 1208 tali
1166 1136 1417 1232 appellatione,

172 1251 340 1350 corrupit.
393 1245 441 1319 Et
466 1244 695 1336 Macedones,
722 1248 855 1319 assueti
881 1245 1025 1343 quidem
1049 1247 1148 1345 regio
1175 1247 1345 1344 imperio,
1359 1245 1417 1320 sed
1428 1265 1447 1313 a

171 1365 209 1436 in
234 1362 368 1434 maiore
393 1357 570 1430 libertatis
597 1358 734 1451 umbra,
762 1383 871 1452 quam
896 1368 1036 1431 ceterae
1062 1368 1208 1456 gentes,
1238 1358 1417 1431 immorta-

171 1476 310 1546 litatem
334 1469 564 1541 affectantem
591 1468 845 1557 contumacius,
863 1493 971 1563 qaam
987 1480 1051 1542 aut
1076 1470 1162 1569 ipsis
1189 1468 1417 1566 expediebat,

171 1595 237 1656 aut
267 1578 359 1677 regi,
392 1578 549 1650 aversati
583 1589 677 1649 sunt.
736 1576 808 1650 Sed
839 1579 928 1651 haec
963 1605 1029 1653 suo
1061 1604 1227 1677 quaeque
1264 1581 1416 1678 tempori
1429 1598 1449 1646 a

172 1700 422 1767 reserventur:
448 1713 544 1760 nune
570 1698 689 1760 cetera
715 1688 845 1784 exequi
870 1714 1027 1787 pergam.

122 1808 171 1879 33
276 1797 501 1889 Alexander,
534 1801 580 1872 ab
612 1797 814 1873 Hammone
847 1799 1005 1892 rediens,
1039 1810 1082 1874 ut
1106 1799 1292 1875 Mareotin
1326 1803 1456 1899 palu-vn

208 1951 310 2005 colendi
327 1949 518 2029 saumureqem]
538 1949 588 2002 Sui
602 1949 776 2028 reyemBern.
806 1951 967 2072 potuissent..
1002 1949 1098 2031 Itaque
1121 1948 1159 2030 qic
1184 1949 1250 2029 plirn
1278 1950 1416 2016 edideram,

173 2023 200 2076 a
208 2017 779 2207 tlttttttfffi‘ltttttfftt
813 2018 975 2156 ..bestiti
991 2018 1418 2158 qlttelttttttttt

173 2157 245 2211 Flor.
263 2155 286 2208 Β
304 2157 457 2234 respondet,
531 2171 623 2225 amque
645 2155 779 2235 pertinere
813 2155 923 2209 servatis
945 2155 1052 2226 reliquis
1074 2173 1123 2227 pro
1139 2157 1166 2210 ai
1182 2157 1272 2210 videri
1290 2156 1416 2227 corrigere

173 2225 280 2278 videtur
306 2230 435 2292 scriptura
464 2240 507 2275 res
526 2226 621 2302 ondent
648 2242 688 2303 .¹.¹¹.
703 2223 778 2303 Lerd.
813 2227 966 2291 sabvertere,
982 2242 1145 2305 ⁸quamquam
1163 2224 1246 2278 etiam
1264 2226 1319 2280 hoc
1332 2241 1418 2296 parurn

174 2293 255 2346 Bern.
273 2292 299 2344 A
315 2290 386 2343 Flor.
404 2290 465 2343 AD.
520 2291 596 2343 ernde
613 2292 735 2345 adncrtur
751 2310 780 2344 m
814 2293 872 2345 lene
890 2293 1034 2345 remedium
1052 2294 1165 2346 videtur.

173 2360 254 2415 effiilfl
273 2359 366 2428 (etiam
380 2358 467 2426 M0d·)
486 2368 513 2411 ω
531 2360 584 2428 dm·
601 2361 721 2413 vl⁶l⁰r⁶m
739 2377 780 2412 ’θ’
849 2397 871 2463 ς,
889 2400 931 2449 3ο.
967 2397 1028 2448 dam
1050 2411 1147 2465 capere
1164 2396 1219 2447 vult
1237 2426 1274 2436 —
1294 2395 1416 2465 ampit]

250 2429 450 2548 tralatas
465 2429 780 2565 rttlalaalr
814 2463 905 2533 a..
1105 2464 1153 2517 se
1274 2463 1417 2531 aa..

175 2565 241 2619 satis
259 2562 395 2634 perspicue
413 2563 514 2615 dictum
532 2572 573 2616 est
595 2581 625 2616 ac
648 2564 735 2617 desint
752 2564 779 2617 in
815 2540 918 2612 tpml'us
931 2531 1109 2613 ‚Praeteritum
1127 2531 1254 2601 q¹¹⁰¹¹lam
1273 2547 1417 2604 limem·

176 2633 251 2687 Μὰ·
273 2631 353 2684 ΒΜ.
377 2633 403 2684 Α
425 2631 497 2684 Flor'
519 2631 594 2685 ABG
618 2641 645 2686 et
663 2651 679 2685 a
715 2633 780 2685 rima
814 2609 850 2653 rit
867 2611 946 2653 tussit
962 2600 1155 2655 restituendum
1173 2599 1288 2654 censuit.
1315 2601 1418 2655 Fecerat

177 2711 257 2754 manu
274 2701 302 2752 in
319 2699 370 2753 EG
388 2707 416 2751 et
433 2699 461 2752 in
478 2698 534 2753 aliis
551 2710 582 2752 ut
600 2701 681 2755 Pall
697 2652 779 2755 1l'oss.
813 2669 888 2790 {iffi
901 2667 1025 2790 {Qua
1043 2667 1418 2804 {lloffififfiffllgldilfflimfg

814 2805 1047 2858 tereaetVoss.1.
1063 2804 1162 2858 Parum
1175 2814 1304 2860 accurate
1386 2805 1418 2857 'e-

816 2874 895 2926 derus
909 2891 937 2926 se
949 2873 1034 2944 ipsum
1048 2890 1154 2944 quoque
1165 2882 1341 2944 recepturum
1347 2873 1418 2928 faisse

785 2952 793 2973 ²
817 2942 890 3009 dicit,
909 2941 934 2994 ni
949 2959 1072 3012 praesens
1083 2945 1136 2995 vait
1145 2943 1347 3012 praecessisset:
1362 2959 1419 2996 oon·

817 3017 872 3063 stat
895 3009 965 3063 enim
987 3010 1156 3091 elegantioris
1178 3011 1231 3064 hoc
1250 3028 1312 3065 esse
1327 3008 1420 3065 latini·

817 3079 895 3146 tatis,
923 3087 953 3131 ut
977 3078 1106 3149 particula
1127 3082 1189 3132 dam
1208 3097 1270 3133 eum
1290 3086 1421 3152 praesente

818 3147 899 3201 etiam
928 3146 998 3201 inter
1024 3155 1112 3201 cetera
1135 3155 1263 3218 tempora
1284 3146 1421 3230 praeterita

176 2778 193 2825 2
214 2770 253 2838 (in
270 2769 371 2822 Vossl
400 2768 480 2821 etiam
505 2768 583 2839 plura
609 2786 624 2822 e
649 2769 780 2839 prioribus

176 2839 239 2893 inde
256 2856 272 2890 a
288 2853 352 2890 vooe
370 2847 507 2907 acceptam·
519 2838 629 2906 desuntf,
657 2840 707 2892 hoc
723 2838 781 2909 qui-

178 2910 238 2961 dem
255 2906 407 2975 mendose),
430 2906 521 2959 addita
538 2922 594 2960 esse
612 2909 645 2960 ab
663 2906 781 2977 interpo-

178 2977 262 3030 latore
305 2975 483 3028 recensionem
521 2975 615 3028 horum
654 2975 782 3029 librorum

175 3048 275 3116 agente
293 3045 397 3097 abunde
414 3051 498 3115 patet.
534 3043 661 3102 Ceterum
679 3044 706 3096 in
724 3045 783 3124 qui-

178 3116 227 3168 bus
245 3112 317 3166 libris
334 3114 416 3166 verba
432 3111 478 3164 illa
495 3113 600 3179 adsunt,
619 3130 672 3166 non
685 3113 783 3182 legitur

177 3191 269 3236 tamen
286 3183 407 3234 victorem
424 3181 472 3232 sed
488 3183 606 3234 victores.
868 3215 874 3227 .
1051 3216 1057 3227 .
1119 3215 1125 3228 .

215 3253 238 3318 §-
256 3256 299 3302 29.
332 3266 395 3301 aera
419 3258 442 3300 et
464 3251 568 3301 salubri
591 3250 782 3328 aestimatione]
817 3223 1000 3285 ⁰⁰n¹u¹¹gat¹¹²
1025 3216 1208 3338 V¹de5¹f⁰pgs
1222 3218 1421 3288 ffiffllg‘mm'

179 3318 226 3371 Sic
243 3317 343 3386 legitur
359 3316 387 3368 in
403 3316 478 3369 mstis
493 3325 622 3387 quantum
635 3317 688 3371 scio
701 3335 784 3370 omm-
819 3292 937 3337 ¹¹⁰⁸t¹⁸³m
960 3287 983 3353 θ’
1003 3291 1061 3365 ⁵.⁰⁷·
1107 3354 1113 3365 .
1133 3322 1139 3335 ·
1157 3302 1173 3337 ²
1190 3299 1297 3368 .V¹¹¹⁹.
1310 3294 1344 3341 34
1360 3291 1421 3338 ω’·

180 3387 239 3439 bus.
278 3384 434 3453 Sequuntur
463 3384 544 3438 haee:
570 3387 656 3452 fidem
683 3386 786 3439 oraculi
819 3356 1040 3491 Ιηξὲῇξθέθῖοέῗ
1057 3352 1421 3477 ᾗζῗίῒωᾲίξῗὲᾜῖξέἒ

181 3471 251 3506 vana
302 3455 382 3505 o'ecto
399 3469 441 3504 res
461 3469 526 3506 ansa
544 3455 569 3505 si
586 3455 670 3506 videri
705 3456 785 3507 otais-
1018 3488 1024 3500 .
1379 3489 1384 3502 ι

181 3457 346 3587 aenaprude
369 3537 429 3573 eum
438 3470 504 3573 Idan
521 3526 616 3575 co'eant
633 3472 785 3592 eumpprae-
819 3488 936 3610 ἔξω·
955 3491 1075 3542 ⁰¹¹¹¹¹¹b¹¹⁸
1086 3498 1192 3560 Praeter
1203 3489 1235 3544 θ’
1253 3489 1422 3545 Βθῑΰθυεῑῠω

184 3589 288 3643 cedenti
308 3605 345 3652 ua,
364 3588 455 3641 Iunius
473 3589 572 3658 primus
590 3589 674 3643 edidit
691 3608 748 3643 aere
762 3600 786 3644 et
820 3585 866 3678 m
884 3557 1048 3679 ’Admitttil'
1063 3556 1267 3680 ’Θῗῇἱΐθξὲδίο
1282 3553 1421 3681 ἰῃεψξιιᾶ

183 3658 325 3712 salubriter
342 3659 500 3725 aestimanti,
518 3658 600 3712 secuti
619 3675 652 3711 aa
669 3666 731 3712 sunt
744 3676 786 3711 re·
831 3645 838 3677 ¹
866 3643 911 3679 em
947 3643 1010 3696 ecep
1024 3644 1062 3679 ⁰³·
1125 3643 1167 3678 ¹⁶
1237 3641 1290 3696 ω’
1311 3635 1355 3697 ²¹⁵
1389 3666 1395 3679 '

184 3725 264 3796 liqui,
287 3724 368 3778 etiam
384 3677 787 3796 Modiusquimd.0010nien-
858 3726 1028 3797 Cap.33‚§.
1048 3735 1071 3782 1.
1106 3737 1134 3780 at
1151 3728 1293 3782 Mareotin
1307 3729 1421 3801 paludem

183 3811 238 3848 sem
265 3792 352 3846 nescio
381 3812 461 3864 quam
493 3811 555 3848 vare
581 3796 664 3849 tradit
690 3796 788 3849 habere
822 3827 857 3836 -
874 3797 954 3866 venit]
991 3795 1067 3860 Quae
1088 3797 1169 3849 rerba
1190 3796 1220 3850 in
1246 3797 1311 3851 edd.
1329 3803 1422 3870 praeter

183 3881 246 3916 vera
264 3873 287 3915 et
305 3864 424 3916 salubria
442 3865 599 3917 aestimanti.
617 3864 650 3917 In
663 3863 787 3917 extremis
823 3863 976 3917 Modianam
1001 3864 1122 3919 omnibus
1143 3863 1187 3918 hic
1213 3865 1356 3920 adduntur
1370 3873 1421 3919 ata

183 3931 292 4003 quidem
320 3930 476 4002 particulam
509 3934 535 3985 si
564 3935 668 4002 omnef,
708 3932 789 3985 etiam
822 3934 908 3985 mari
929 3935 973 3984 ad
987 3933 1078 4000 Man,
1106 3950 1159 3986 non
1184 3931 1299 3988 inventa
1312 3931 1422 3989 ⁴suntin

182 4000 268 4071 princi
302 3999 454 4067 seditores,
472 3999 625 4054 omiserunt.
645 4001 716 4066 Quin
732 4018 789 4054 oar·
824 4001 899 4054 codd.
917 4000 1014 4054 nostris
1032 4001 1125 4055 necin
1144 4001 1423 4074 snakenburgianiaa

182 4069 259 4138 rigen
278 4087 322 4120 um
345 4068 380 4122 sit
397 4068 498 4149 aliquid
516 4069 623 4122 dubium
642 4069 724 4123 videri
743 4085 789 4121 ne·
825 4068 919 4139 quibus
936 4076 1025 4121 tamen
1043 4069 1130 4123 nescio
1147 4087 1229 4140 quam
1237 4087 1305 4124 vere
1319 4071 1422 4125 aaran

182 4136 250 4206 quit.
276 4138 367 4207 Atque
388 4137 452 4189 mihi
469 4136 575 4207 quidem
592 4156 645 4191 vox
662 4155 789 4218 responsa
825 4139 916 4190 abesse
934 4145 1053 4191 notatur.
1070 4139 1129 4192 Nec
1137 4155 1201 4191 sane
1210 4133 1422 4210 quisquamatud

183 4223 201 4257 a
217 4204 329 4257 librariis
346 4204 573 4275 interpretationis
591 4223 669 4258 causa
682 4206 790 4258 videba-
825 4205 1035 4258 additamentum
1049 4224 1066 4260 a
1079 4207 1150 4259 mari
1162 4207 1364 4262 desideraverit.
1379 4201 1423 4260 Sed

184 4281 230 4325 tur
246 4272 337 4326 addita
354 4290 424 4340 esse,
450 4290 504 4344 qua
523 4273 610 4326 eiecta
628 4273 710 4326 facilis
728 4273 791 4326 reli-
825 4274 961 4344 quaeritur
982 4292 1046 4326 num
1064 4275 1146 4328 etiam
1168 4274 1336 4346 praepositio
1353 4271 1423 4347 possit

183 4359 297 4461 quorum
318 4341 467 4395 emendatio
493 4350 576 4408 esset,
589 4344 678 4409 fides,
703 4349 731 4394 et
756 4343 789 4408 ei,
826 4342 926 4410 omitti3
949 4346 1090 4413 poetarum
1110 4343 1181 4395 enim
1207 4344 1252 4398 hio
1272 4362 1331 4398 mos
1347 4340 1422 4414 mua

205 4409 301 4479 eoique
317 4412 461 4478 potuisset,
493 4427 543 4480 pro
560 4411 646 4477 fidem
663 4441 697 4450 -
713 4411 740 4464 ai
755 4440 791 4450 —
826 4427 906 4480 quam
923 4409 1068 4480 castigatae
1091 4411 1218 4466 orauonis
1239 4411 1374 4483 proseriae
1392 4406 1423 4461 ri·
