2926 5174
89 281 164 350 432
550 297 585 359 o.
622 295 746 348 canrn
777 299 862 349 num

83 505 150 555 vm
166 481 307 581 milibus
325 476 471 552 suorum
491 479 639 572 amissis
659 481 696 552 in
714 478 885 578 oppidum
902 481 1134 578 refugerunt.
1181 479 1311 555 Postero
1325 502 1345 549 n

85 594 141 666 die
157 593 260 666 scalis
272 590 428 686 undique
443 591 596 664 admotis
611 592 704 664 muri
726 603 963 688 occupantur3
990 593 1120 690 paucis
1141 594 1311 690 pernicitas

85 704 191 777 saluti
209 703 285 775 fuit.
339 699 417 792 Qui,
444 703 587 799 cognito
606 703 703 775 urbis
727 701 875 792 excidio,
902 703 1081 800 paludem
1099 716 1314 777 transnavere

84 815 121 887 in
149 814 266 886 vicina
291 811 422 910 oppida
448 814 629 910 ingentem
650 813 803 887 intulere
820 823 1009 905 terrorem,
1037 815 1218 890 invictum
1234 841 1315 890 exer-

84 925 203 1014 citum,
230 934 266 997 et
293 922 441 996 deorum
466 926 637 1021 profecto,
665 923 852 997 advenisse
878 938 1141 1000 memorantes.

34 1036 58 1108 4
188 1034 404 1125 Alexander,
431 1034 479 1106 ad
504 1034 717 1108 vastandam
743 1060 823 1108 eam
847 1037 1035 1133 regionem
1054 1036 1232 1111 Perdicca
1251 1064 1317 1111 cum
1330 1058 1347 1105 n

84 1144 253 1243 expedita
276 1172 385 1218 manu
411 1147 530 1236 misso,
557 1156 697 1244 partem
719 1147 900 1243 copiarum
920 1145 1081 1220 Eumeni
1107 1148 1263 1240 tradidit,
1286 1165 1318 1221 ut

82 1256 112 1327 is
138 1283 279 1353 quoque
304 1257 477 1330 barbaros
505 1255 552 1328 ad
578 1255 797 1329 deditionem
815 1258 1068 1355 compelleret:
1095 1260 1176 1358 ipse
1195 1272 1315 1335 ceteros

84 1367 131 1438 ad
163 1369 289 1441 urbem
315 1369 486 1460 validam,
520 1369 557 1441 in
590 1395 697 1465 quam
729 1369 878 1440 aliarum
909 1394 1058 1466 quoque
1093 1373 1313 1470 confugerant

81 1478 227 1568 incolae,
260 1479 374 1553 duxit.
428 1478 622 1577 Oppidani,
655 1480 771 1552 missis
799 1481 858 1576 qui
883 1504 1009 1576 regem
1036 1479 1344 1580 deprecarentur

37 1610 40 1615 ’
81 1590 308 1663 nihilominus
335 1592 469 1664 bellum
494 1590 680 1689 parabant.
717 1588 856 1688 Quippe
875 1600 956 1663 orta
975 1589 1112 1665 seditio
1131 1594 1172 1667 in
1192 1593 1314 1666 diversa

83 1700 227 1772 consilia
263 1701 455 1787 diduxerat
488 1703 655 1800 vulgum:
701 1702 759 1774 alii
794 1701 912 1773 omnia
949 1699 1141 1778 deditione
1183 1705 1312 1803 potiora,

82 1810 227 1908 quidam
260 1814 395 1885 nullam
430 1837 535 1910 opem
570 1813 606 1884 in
641 1811 726 1909 ipsis
763 1837 841 1884 esse
876 1809 1072 1886 ducebant.
1138 1812 1212 1889 Sed
1245 1814 1340 1886 dumn

82 1924 169 1996 nihil
187 1924 224 1996 in
243 1950 429 1996 commune
447 1925 653 2014 consulitur,
682 1923 741 2020 qui
761 1921 933 1995 deditioni
952 1923 1207 2018 imminebant,
1232 1950 1312 2024 aper·

81 2034 128 2108 tis
154 2036 283 2133 portis,
317 2036 458 2108 hostem
490 2036 675 2133 recipiunt.
727 2031 952 2125 Alexander,
989 2062 1214 2137 quamquam
1243 2036 1338 2112 hellin

80 2146 286 2219 auctoribus
311 2146 388 2219 iure
413 2156 556 2244 poterat
581 2134 716 2236 irasci,
738 2155 858 2242 tamen
892 2148 1064 2223 omnibus
1092 2151 1202 2224 ve'nia
1233 2147 1308 2236 data,

81 2266 118 2329 et
149 2256 331 2331 obsidibus
364 2258 533 2355 acceptis,
574 2256 620 2330 ad
652 2256 852 2354 proximam
885 2255 1018 2332 deinde
1053 2262 1187 2336 urbem
1212 2269 1310 2334 castra

81 2367 203 2439 movit.
257 2364 410 2441 Obsides
446 2369 668 2443 ducebantur
703 2379 786 2440 ante
821 2393 959 2464 agmen.
1027 2367 1131 2460 Quos
1168 2398 1245 2445 cum
1274 2381 1338 2444 exa

81 2476 191 2548 muris
227 2480 472 2576 agnovissent,
511 2489 638 2577 utpote
671 2479 788 2577 gentis
820 2477 997 2571 eiusdem,
1026 2471 1080 2554 ⁴in
1114 2482 1309 2581 colloquium

114 2690 191 2753 §.lb
228 2686 280 2750 Qui
297 2719 331 2729 -—
348 2698 516 2742 transnavere
534 2691 572 2756 in]
598 2688 683 2741 Aldus
751 2689 779 2740 in
798 2687 864 2756 ipsis
882 2704 938 2741 esse
957 2691 1102 2760 ducebant]
1134 2686 1310 2748 Dicebantl'tl

79 2771 133 2809 non
156 2754 335 2810 animadversa
360 2756 462 2827 periodi
485 2756 683 2811 constructione
718 2763 730 2810 1
750 2757 851 2810 Voss2
870 2763 897 2808 et
914 2756 987 2811 Flor.
1007 2777 1104 2814 omnes
1122 2771 1230 2832 praeter
1245 2759 1292 2814 AB.

79 2825 113 2876 de
131 2824 280 2879 coniectura
297 2825 428 2880 adiecerat
445 2836 486 2879 et:
509 2837 532 2879 et
551 2829 579 2878 in
596 2828 682 2878 vicina
752 2828 775 2892 ς.
790 2831 831 2877 21.
866 2827 994 2878 deditioni
1022 2830 1207 2900 imminebant]
1241 2827 1310 2882 init

79 2895 188 2962 qrpida,
213 2910 296 2964 eaque
319 2894 449 2965 particula
467 2913 483 2947 a
499 2894 607 2964 reliquis
630 2911 683 2946 ser·
717 2910 786 2959 nere,
805 2892 872 2946 sicut
889 2894 1052 2949 naturaliter
1070 2897 1207 2968 significet
1222 2915 1266 2970 pro
1281 2894 1311 2947 in·

79 2969 140 3014 vata
163 2969 211 3015 est.
250 2963 458 3016 Transnatavere
487 2963 557 3016 Flor.
582 2961 682 3030 DFGI,
717 2979 797 3031 quum
809 2976 873 3027 esse,
891 2960 937 3028 ita,
957 2964 993 3014 ad
1012 2965 1134 3020 animum
1151 2967 1175 3021 si
1192 2914 1310 3021 mnndu-

79 3038 215 3083 trananere
236 3031 307 3085 Flor.
325 3031 353 3084 H
376 3033 456 3085 Bern.
479 3032 503 3085 B
527 3031 590 3084 edit.
613 3031 682 3098 lun,
717 3037 774 3096 tur,
797 3037 837 3081 eat
854 3028 988 3082 intentum
1006 3048 1066 3086 esse
1084 3034 1114 3087 in
1132 3036 1247 3106 aliquam
1260 3049 1310 3096 m,

79 3097 154 3152 Mod.
173 3098 206 3151 aL
243 3099 284 3153 cf.
303 3100 337 3152 ad
354 3114 418 3169 vm,
436 3106 480 3168 45,
501 3107 541 3153 15.
716 3114 819 3152 omnem
837 3115 926 3150 curam
943 3107 973 3152 et
991 3101 1188 3171 cogitationem
1203 3104 1230 3158 in
1243 3101 1311 3171 aliqu!

452 3221 458 3232 ‚
544 3221 549 3232 ,
573 3221 578 3232 ,
659 3217 665 3230 ,
716 3183 745 3219 re
770 3165 886 3235 positam
911 3167 1020 3221 habere.
1058 3170 1107 3226 Sic
1133 3187 1177 3239 ην,
1201 3180 1216 3228 8
1242 3178 1310 3224 natat

88 3270 91 3275 -
114 3217 178 3287 caP·
188 3221 315 3300 425192
343 3220 457 3299 Eum}
476 3220 600 3289 lradldll]
637 3217 682 3272 5¹⁰
715 3238 772 3304 spei
799 3236 906 3303 (regno)
925 3239 1075 3306 imminere,
1096 3247 1197 3307 V1‚39
1223 3237 1310 3309 imperto

77 3286 332 3351 mss.,ed1t1tradat.
359 3288 409 3340 Est
427 3289 608 3341 hrchmenes
626 3295 682 3339 tam
715 3305 843 3368 immines),
862 3317 889 3368 v,
900 3310 934 3358 30
953 3309 1094 3361 occagioni
1111 3311 1247 3363 ,mim
1261 3306 1310 3360 dp.

78 3353 181 3406 celeber
206 3360 267 3422 post
292 3354 361 3424 regis
387 3355 427 3407 sui
449 3363 580 3422 mortem,
609 3355 681 3408 errius
733 3368 813 3425 uendi
829 3388 857 3424 ,e
877 3373 909 3424 53,

77 3421 161 3499 vitam
175 3420 368 3501 descripserunt
376 3423 470 3492 Nepos
479 3433 506 3478 et
514 3424 680 3477 Plutarchus.
750 3445 826 3506 §.22
850 3391 1076 3497 hqelliaucwribu,
1115 3444 1310 3499 Lafineetm

77 3488 115 3540 Et
132 3489 175 3540 hle
203 3490 290 3542 uldem
306 3489 602 3562 ἀρχιγραμματέαθιιηη
611 3493 682 3562 apud
716 3508 742 3561 di
759 3508 780 3561 't
824 3507 948 3560 nimirum
994 3509 1022 3564 ui
1051 3513 1069 3566 b
1184 3513 1235 3568 fad
1263 3511 1309 3565 dm

78 3507 260 3610 Alexandrum
276 3558 353 3611 luisse
371 3560 465 3626 refert,
484 3579 539 3613 non
555 3581 682 3633 γραμμα-
716 3526 861 3630 ωἳεέωῃῃ,
975 3527 994 3579 q
1070 3529 1087 3565 e
1109 3532 1156 3567 um
1234 3530 1264 3567 en

77 3630 128 3677 τέα
145 3632 266 3678 tantum:
284 3627 329 3679 sed
339 3635 367 3680 et
379 3627 479 3681 scribas
496 3628 582 3698 regios
599 3629 682 3682 inter·
752 3648 774 3713 q,
790 3652 832 3698 23,
867 3663 924 3698 cum
942 3662 975 3698 εχ
999 3651 1100 3718 mum-,q
1135 3650 1227 3722 vulgo
1244 3662 1309 3703 m.

78 3693 186 3746 durnin
209 3693 363 3748 militaribus
381 3695 493 3765 negotiis
512 3698 608 3750 ducum
625 3716 682 3750 mn·
716 3715 774 3766 ,43-
791 3713 838 3765 ,ed
855 3730 886 3766 η
903 3713 980 3768 Βθῑᾱ,
999 3715 1108 3771 vosffl
1129 3727 1159 3772 et
1176 3729 1309 3774 omna

77 3778 140 3815 nere
158 3762 262 3816 functos
281 3780 352 3830 esse,
377 3763 437 3816 vide
454 3782 533 3845 supra
550 3780 615 3829 vm,
640 3772 681 3819 39.
717 3753 771 3834 „qri'
796 3789 904 3851 praeter
929 3779 963 3834 G,
1001 3783 1078 3838 Tum
1106 3789 1223 3842 ,imm
1245 3782 1309 3856 Μ’,

77 3830 119 3883 De
136 3832 186 3885 hac
203 3832 369 3903 expeditione
386 3832 510 3886 Eumems
529 3835 561 3887 cf.
577 3833 682 3887 Arrian.
717 3850 788 3903 Flo„
808 3849 884 3903 effi
900 3849 982 3902 Rem,
997 3851 1023 3904 Β
1042 3852 1161 3910 νοω,
1197 3856 1310 3923 quw

78 3913 107 3966 V,
127 3906 169 3967 al,
189 3906 212 3954 ⁰·
717 3935 750 3971 eo
777 3918 849 3987 quod
874 3924 914 3970 est
940 3933 1155 3978 convocaverant
1181 3923 1237 3978 Pal
1253 3913 1309 3989 lqw'

111 3988 186 4053 ΜΟ.
221 3987 361 4040 diduxerat
378 3987 493 4056 valqnm]
530 3986 574 4040 Sic
591 3984 682 4039 Iunius
718 3985 780 4040 alibi
797 3986 853 4057 fere
871 4001 931 4038 cum
947 3985 1023 4041 Flor.
1041 3989 1140 4044 DFGI
1159 3991 1200 4046 ire
1224 4000 1309 4046 eoum·

78 4059 107 4106 et
124 4053 239 4121 Modius,
267 4073 328 4107 nam
354 4055 413 4107 edd.
438 4062 542 4108 veteres
569 4062 596 4107 et
621 4071 682 4108 mss.
716 4055 770 4122 vit,
797 4055 847 4108 hoc
868 4061 957 4107 autem
980 4054 1045 4110 loco
1071 4059 1147 4114 solus
1170 4057 1308 4117 dentem

76 4121 154 4175 solita
179 4120 278 4176 incuria
309 4121 488 4176 discriminum
521 4126 683 4189 deducerem
716 4132 745 4177 et
762 4123 825 4176 edit.
835 4122 909 4176 Mod.
919 4137 1088 4191 vocaverant,
1106 4128 1187 4197 male,
1205 4140 1310 4182 namna

76 4191 123 4243 sed
136 4199 210 4244 certa
228 4208 270 4244 res
286 4192 391 4245 videtur
406 4208 461 4244 esse
476 4200 584 4261 propter
592 4208 684 4244 vocem
717 4210 809 4245 vocare
832 4192 865 4244 de
887 4190 917 4243 iis
941 4191 989 4260 qui
1012 4192 1043 4247 in
1066 4197 1210 4251 concilium
1226 4196 1308 4254 enimin

77 4260 189 4312 diversa.
224 4260 292 4313 Item
321 4259 424 4313 variant
453 4259 512 4313 libri
536 4277 596 4313 mss.
620 4259 683 4311 dum
716 4260 818 4314 etiamsi
845 4261 878 4314 ab
906 4259 993 4313 altera
1020 4272 1104 4332 parte
1130 4284 1187 4321 non
1207 4264 1257 4320 sint
1273 4261 1309 4313 (11⁸-

76 4324 119 4402 alii
144 4329 235 4406 vulqus
262 4328 388 4381 exhibent
415 4327 487 4381 Flor.
512 4327 588 4395 FGI,
616 4345 683 4380 unus
716 4329 794 4400 persi,
813 4328 931 4406 adeoque
948 4345 1019 4382 unus
1039 4332 1076 4385 sit
1094 4323 1307 4406 (videamus-t

77 4397 156 4444 etum
173 4397 287 4448 eiusdem
305 4406 394 4450 sectae
411 4397 437 4449 D
456 4399 554 4466 volans.
718 4397 889 4451 (licaretur
906 4414 935 4449 m
951 4395 1027 4452 Rull.
1047 4405 1135 4472 extr.)
1152 4403 1246 4458 Latine
1261 4396 1307 4453 dia
