2926 5174
200 297 273 368 342
670 316 705 378 o.
732 315 857 370 curun
881 316 966 369 num
1034 358 1039 363 .

198 502 359 596 aliusque
384 500 493 572 alium
519 498 710 591 adhortati,
736 502 772 573 in
789 502 932 575 hostem
950 500 1072 573 salutis
1088 500 1324 570 immemores
1339 521 1425 572 mere

200 620 404 709 coepemnt.
457 609 549 682 Tum
576 637 663 684 vero
688 639 761 685 non
788 637 867 702 ora,
902 636 975 683 non
1000 635 1116 699 arma,
1147 635 1228 682 non
1255 610 1453 682 clamoremr

198 723 356 796 hostium
375 721 519 796 barbari
538 722 691 797 tolerare
710 734 915 822 potuerrmt,
935 746 1129 818 omnesque
1148 721 1278 794 effusis
1296 722 1423 794 habenis

199 836 368 930 (namque
395 836 569 930 equestris
596 837 689 909 acies
716 835 809 932 erat)
836 845 1027 934 capessunt
1050 834 1190 929 sugam.
1243 829 1342 921 Quos
1364 859 1422 922 rex,

199 970 415 1042 quamquam
440 946 669 1019 vexationem
699 947 846 1020 invalidi
877 947 1034 1044 eorporis
1065 945 1145 1042 pati
1180 970 1259 1017 uon
1294 956 1421 1042 poterat,

199 1081 264 1155 per
292 1079 397 1128 rxxx
423 1067 542 1128 tamen
574 1057 690 1130 stadia
720 1059 858 1156 insequi
890 1057 1144 1155 perseveravit.
1201 1054 1348 1152 Iamque
1374 1056 1448 1128 lin-n

200 1179 331 1265 quente
357 1169 476 1240 animo
503 1170 575 1241 suis
602 1171 797 1267 praecepit,
835 1182 877 1243 ut
903 1169 1015 1242 donec
1039 1168 1130 1240 lucis
1158 1165 1302 1263 aliquid
1325 1179 1419 1264 super·

201 1291 314 1368 esset,
348 1280 560 1376 fugientium
591 1282 702 1378 tergis
732 1283 977 1354 inhaererent:
1011 1280 1089 1376 ipse
1116 1278 1312 1353 exhaustis
1337 1279 1417 1352 etiarn

200 1391 308 1464 animi
325 1390 471 1480 viribus,
498 1391 535 1461 in
553 1401 670 1464 cestra
688 1417 727 1465 se
744 1394 888 1490 recepit,
906 1393 1080 1487 reliquum
1099 1389 1279 1462 substitit
1317 1389 1413 1462 Trans
1422 1406 1439 1453 11

198 1505 315 1577 ierant
339 1504 410 1575 iam
427 1501 545 1575 Liberi
563 1502 681 1576 Patris
699 1505 889 1594 terminos3
917 1528 1067 1601 quorum
1092 1512 1335 1575 monumenta
1356 1500 1415 1598 lapi·
1447 1508 1450 1513 ⁴

201 1616 264 1688 des
291 1626 394 1687 erant
419 1615 552 1688 crebris
578 1617 774 1688 intervallis
801 1615 979 1714 dispositi,
1011 1615 1240 1711 arboresque
1266 1636 1415 1711 procerte,

199 1750 350 1824 quarum
385 1727 523 1824 stipites
563 1727 698 1801 hedera
738 1738 958 1801 contexerat.
1015 1723 1086 1799 Sed
1127 1722 1348 1798 Macedonas
1379 1723 1439 1794 irat

199 1838 340 1936 longius
366 1839 552 1936 provexit:
579 1841 709 1938 quippe
735 1838 852 1912 media
877 1840 951 1912 sere
972 1848 1076 1911 noete
1095 1836 1299 1926 redierimt,
1323 1834 1413 1908 multis

200 1951 409 2040 interfectis,
448 1951 609 2047 pluribus
641 1953 772 2050 captis,
810 1974 990 2048 equosque
1019 1973 1049 2021 M
1080 1959 1120 2022 et
1144 1971 1252 2023 Dece
1284 1949 1411 2046 abegere

202 2059 415 2135 Ceciderrmt
447 2073 568 2134 eutem
592 2062 831 2137 Macedonum
863 2064 999 2160 equites
1024 2085 1092 2151 Lx,
1134 2058 1283 2158 pedites
1310 2058 1410 2144 cfere,

199 2173 295 2245 mille
321 2174 431 2245 saucii
456 2174 609 2247 fuemnt.

114 2364 118 2375 ι
151 2287 198 2357 38
302 2281 402 2356 Haec
438 2285 618 2382 expeditio
659 2286 881 2359 deficientem
918 2309 1048 2382 magna
1087 2308 1137 2356 ex
1178 2295 1286 2383 parte
1318 2282 1410 2357 Asiam

200 2398 295 2468 fama
329 2406 404 2468 tam
435 2408 658 2494 opportunae
690 2398 860 2470 victoriae
894 2396 1039 2470 domuit.
1091 2393 1258 2469 invictos
1291 2393 1409 2494 Scythtt

201 2531 279 2581 esse
305 2506 547 2599 crediderant3
576 2510 704 2606 quibus
730 2509 851 2582 fractis
877 2510 1011 2581 nullam
1035 2516 1186 2605 gentem
1205 2505 1408 2581 Macedonum

199 2620 307 2694 armis
333 2643 457 2719 parem
480 2621 558 2693 fore
584 2621 855 2694 confitebantur.
884 2618 1024 2716 ,Itaque
1052 2615 1167 2690 Sacae
1195 2618 1323 2693 misere
1343 2620 1408 2714 legs

200 2788 248 2842 sed
269 2785 314 2840 vix
337 2785 435 2839 dixeris
457 2805 535 2857 quem
556 2787 612 2840 vim
629 2787 655 2840 h.
668 2786 686 2841 l.
703 2788 802 2842 habeat
836 2794 878 2839 est
909 2780 938 2838 in
962 2785 1031 2838 Flor.
1060 2784 1113 2838 CH
1139 2785 1224 2838 Rern,
1250 2790 1274 2838 B
1303 2783 1408 2865 depost&

199 2857 250 2911 ista
262 2855 399 2927 particula.
417 2856 476 2908 Nee
488 2855 590 2910 codices
603 2855 652 2910 sibi
667 2865 801 2923 constant,
837 2854 943 2908 Crebris
960 2852 1103 2907 intervallis
1121 2853 1247 2924 dispodti
1264 2863 1324 2909 sunt
1338 2848 1408 2906 tulit

200 2924 366 3062 {tttth
384 2924 802 3061 “ttdtttlhtttitttt
835 2915 1408 3045 ltt‘lt‘ttltttttttfffltlhtl

199 3036 303 3133 legitur.
337 3012 569 3132 ltaque'delevi’e
586 3062 676 3116 vicinis
693 3013 801 3116 rioribus
836 3079 899 3113 oros
918 3032 954 3113 eis
970 3064 1102 3112 Iaxartem
1121 3076 1138 3112 a
1156 3010 1407 3117 Plinioqnathistll

199 3130 326 3202 quidquid
344 3131 393 3184 hoc
411 3130 570 3199 syllabarum
587 3139 635 3195 est,
654 3139 742 3184 ortum
758 3149 801 3184 ra·
836 3137 867 3183 16
886 3136 1057 3181 memoratae:
1080 3127 1207 3180 nimirum
1229 3128 1309 3182 series
1324 3122 1407 3196 usto

198 3209 249 3253 tus.
284 3198 337 3252 Sed
359 3201 431 3252 ducis
454 3199 525 3252 Flor.
544 3198 595 3252 CH
612 3200 692 3252 Bern.
710 3201 749 3267 B,
772 3208 801 3252 et
836 3198 914 3250 certis
940 3197 1094 3268 quibusdam
1121 3195 1271 3251 intervallis
1294 3195 1407 3278 positum
1448 3254 1453 3269 Ι

199 3270 267 3320 itlius
285 3269 366 3320 ulium
385 3267 453 3335 (sine
472 3269 532 3337 que)
554 3268 625 3320 haud
648 3267 726 3321 dubie
743 3286 800 3321 eor·
834 3274 1048 3345 vetustarumque
1075 3265 1202 3318 arborum
1230 3283 1340 3336 speciem
1356 3272 1406 3341 pm
1448 3272 1453 3280 '

197 3335 322 3389 rectionis
340 3353 417 3388 eausa
434 3335 507 3388 Flor.
525 3336 578 3388 ΕΗ
595 3336 675 3389 Bern.
693 3337 726 3389 B.
834 3336 915 3387 bebat
931 3343 1112 3399 terminorum,
1131 3349 1164 3386 ac
1181 3350 1214 3387 re
1230 3352 1295 3387 vera
1311 3341 1406 3403 terune

233 3408 258 3468 s.
273 3410 312 3457 13.
343 3421 394 3472 per
415 3418 496 3456 cxxx
519 3407 614 3471 tomen]
648 3419 711 3456 xxx
728 3404 799 3458 Flor.
834 3403 939 3456 videtur
966 3403 1043 3455 firisse
1071 3400 1177 3472 antiqui
1202 3402 1318 3474 imponi,
1340 3395 1406 3453 Bao&
1451 3450 1453 3467 ,

197 3469 289 3525 DFGI
315 3471 371 3524 Pal.
391 3480 415 3538 l,
437 3490 489 3541 per
519 3472 647 3526 omittunt
673 3472 744 3527 Flor.
771 3474 799 3526 H
834 3472 940 3595 quidem
958 3470 1037 3523 fuisse
1055 3486 1089 3523 ex
1110 3470 1217 3525 hederis
1240 3468 1367 3524 verisimile
1380 3467 1406 3517 d

198 3539 320 3594 Bern.B
342 3544 416 3593 Voss.
435 3547 459 3594 2.
494 3541 577 3594 Iidem
600 3558 659 3594 cum
680 3542 704 3594 Ε
729 3545 751 3611 5.
768 3550 799 3595 14
860 3558 948 3593 raeces
965 3538 1113 3593 coniecisse.
1139 3540 1252 3594 Hedera
1268 3539 1404 3594 comm

197 3611 275 3664 etiam
294 3611 374 3662 untmt'
391 3608 526 3677 omittunt,
545 3628 580 3664 ex
597 3627 670 3664 more
688 3628 799 3664 suoam-
833 3609 933 3663 soihcet
950 3607 1061 3672 incolae,
1075 3607 1149 3661 Flor.
1166 3607 1241 3662 DFL

196 3684 320 3750 putantes
337 3677 460 3749 quioquid
477 3687 572 3749 potest.
866 3683 888 3743 ξ.
914 3683 954 3730 16.
988 3677 1072 3729 media
1098 3676 1163 3745 fere
1192 3687 1267 3731 nocte
1294 3666 1403 3733 suriunt

231 3750 255 3813 S.
275 3754 316 3799 14.
349 3749 476 3816 reliquum
503 3750 623 3815 substitit]
662 3750 798 3819 Reliquum
832 3745 950 3799 Additur
977 3744 1056 3814 vulgo
1086 3746 1133 3809 irt-
1146 3756 1262 3799 castra
1297 3743 1402 3799 rodim

196 3814 386 3870 adverbialiter
403 3815 519 3885 positum
536 3834 586 3886 pro
628 3835 656 3869 er
673 3821 798 3888 reliquum
832 3815 905 3885 quod
930 3812 1006 3867 facile
1031 3812 1238 3883 subintelligit-ur
1262 3821 1291 3867 et
1317 3811 1401 3866 ⁸th

198 3895 297 3954 tempus
320 3901 362 3936 me
379 3883 485 3954 quidem
501 3903 555 3938 non
573 3902 589 3937 o
610 3885 697 3952 eadit,
721 3895 801 3956 atque
834 3881 952 3954 plurimis
969 3880 1128 3951 optimisque
1146 3881 1292 3946 codicibus,
1316 3877 1400 3934 adet*

197 3952 297 4006 dietum
305 3961 372 4022 puto
381 3959 411 4004 ut
420 3963 538 4021 ceterum,
551 3956 708 4022 plurimum:
722 3957 800 4007 etiam
835 3969 888 4004 non
905 3951 1010 4021 legatur
1026 3949 1076 4003 nisi
1093 3949 1120 4002 in
1130 3948 1202 4004 Flor.
1212 3948 1301 4004 DFGI
1315 3945 1399 4024 quio!
1447 4017 1453 4025 ι

198 4020 393 4075 coniunctionis
410 4021 539 4075 defectum
556 4023 612 4075 fero
626 4022 653 4075 in
668 4023 801 4087 vocabulis
834 4020 893 4073 Pal.
917 4027 929 4072 1
961 4025 1059 4072 certam
1089 4027 1190 4072 sectam
1221 4018 1326 4072 meditm
1351 4016 1398 4065 ΙΙΙ
1448 4038 1453 4067 .·

197 4091 304 4159 reliqui,
331 4090 422 4157 ceteri,
454 4091 503 4142 olii
528 4090 660 4144 usitatum.
696 4091 801 4145 Freins-
835 4088 950 4158 optimos
964 4086 1152 4141 etdeterrimos
1165 4086 1330 4142 constituunt
1350 4078 1396 4133 ΤΙ

197 4156 299 4210 hemius
317 4165 405 4210 tamen
427 4159 509 4228 ibique
526 4161 640 4212 substitit
661 4159 800 4229 legendum
836 4174 962 4229 equosque
979 4158 1047 4209 mille
1065 4166 1089 4209 et
1105 4169 1186 4209 occo
1204 4156 1231 4209 in
1242 4152 1394 4209 nomam

199 4225 303 4296 putavit
321 4226 376 4280 sine
394 4227 481 4308 specie
498 4226 736 4282 verisimilitudinis.
835 4222 1223 4296 buspraeterFlor.FGHest,
1240 4220 1392 4293 wasmont
1441 4244 1453 4261 a

219 4295 308 4362 ·§.1t.
332 4297 427 4348 crebrts
445 4298 588 4349 interuallis
607 4297 733 4366 disposita]
752 4297 801 4350 Ni·
835 4294 929 4347 editur.
1359 4356 1363 4363 Ι
1443 4298 1453 4331 ²

198 4359 236 4413 hil
253 4368 307 4427 est,
331 4364 401 4434 quod
418 4362 488 4416 Flor.
504 4365 548 4418 HI
564 4365 644 4417 Bern.
661 4365 685 4417 B
704 4367 801 4419 habent
870 4362 936 4433 Cap.
955 4367 1002 4427 38,
1024 4367 1046 4428 ξ.
1069 4369 1108 4415 17.
1143 4363 1236 4432 Itaque
1261 4354 1342 4422 Sueto]
1365 4336 1388 4399 ff

199 4430 356 4484 munimento
372 4448 421 4501 pro
429 4433 613 4501 monumentis,
631 4449 716 4505 neque
730 4436 801 4506 quod
834 4439 897 4484 sunt
914 4448 948 4484 ex
964 4429 1027 4501 ipsis
1041 4429 1147 4500 Septhis
1163 4427 1270 4504 proximi
1284 4424 1312 4483 td
1324 4423 1386 4474 1⁸¹¹*
