2926 5174
197 296 272 370 340
688 314 722 380 a.
751 312 876 369 ounrrr
901 310 990 367 narr

200 499 382 576 Tiraetitnt
399 499 554 574 colimur:
587 499 751 575 etruriae
767 499 1005 575 Macedoniam
1023 495 1245 571 coniunctam
1262 518 1330 581 erse
1344 497 1429 597 sarna

194 625 250 687 eat.
303 609 438 709 Utrique
464 609 604 708 imperio
631 624 685 686 tuo
699 611 876 708 finitimos,
902 612 1006 685 matta
1030 635 1079 683 an
1104 608 1240 683 ametor
1266 606 1346 681 uelit
1367 632 1428 699 atet,

194 723 377 799 maura.

145 836 211 907 36.
296 831 397 904 Haeo
422 830 608 904 barbarua
663 830 798 907 Contra
830 858 898 907 rex
933 833 1078 904 fortuna
1113 855 1185 904 sua
1223 840 1262 902 et
1296 830 1456 905 andhu

193 970 317 1018 eorum
350 967 388 1015 se
412 966 565 1027 usurum
592 968 672 1017 esse
697 943 902 1043 respondet.
954 940 1046 1015 Nam
1079 952 1118 1016 et
1151 943 1354 1034 fortunam,
1385 943 1428 1015 eui

191 1055 357 1145 confidat,
385 1065 423 1126 et
449 1054 640 1126 consilium
657 1055 895 1147 suadentium,
921 1082 967 1132 ne
993 1053 1080 1151 quid
1105 1063 1252 1128 temere
1279 1064 1317 1127 et
1341 1051 1426 1127 auda·

188 1179 264 1242 cter
289 1165 407 1256 faeiat,
434 1173 657 1237 secuturum.
710 1166 947 1264 Dimissisque
972 1167 1110 1264 legatis,
1144 1166 1186 1238 in
1213 1177 1446 1265 praeparabat

205 1291 301 1354 rates
336 1276 523 1351 xercitum
565 1277 748 1376 imposuit.
801 1279 843 1351 In
877 1280 992 1379 proris
1031 1278 1213 1376 clipeatos
1253 1280 1424 1367 locaverat,

186 1392 303 1467 iussos
342 1390 380 1462 in
417 1414 537 1487 genua
575 1389 782 1482 subsidere,
821 1416 892 1487 quo
924 1391 1075 1464 tutiores
1109 1401 1240 1464 essent
1272 1388 1421 1463 adversus

187 1503 280 1576 ictus
308 1502 530 1600 sagittarum.
584 1500 675 1574 Post
708 1505 775 1575 hos
809 1503 868 1598 qui
900 1512 1081 1576 tormenta
1112 1503 1349 1577 intenderent
1370 1508 1438 1572 sta-t

189 1614 289 1706 bant,
316 1624 353 1687 et
379 1613 425 1686 ab
453 1625 607 1713 utroque
633 1613 758 1705 latere,
790 1622 827 1686 et
852 1638 874 1685 a
899 1614 1016 1686 fronte
1042 1614 1263 1687 circumdati
1289 1610 1420 1687 mmatis

189 1725 345 1823 Reliqui,
384 1727 444 1822 qui
475 1737 560 1824 post
592 1736 775 1799 tormenta
807 1725 1059 1816 constiterant,
1092 1726 1275 1824 remigem
1300 1723 1419 1797 lorium

192 1837 359 1911 indutum
385 1847 570 1910 scutorum
587 1835 769 1909 testudine
787 1837 913 1908 armati
930 1837 1185 1934 protegebant.
1236 1837 1337 1910 Idem
1353 1829 1436 1904 ordor

76 1954 79 1959 ’
191 1949 229 2022 in
245 1949 313 2022 illis
333 1974 473 2045 quoque
491 1951 640 2036 ratibus,
668 1972 760 2044 quae
787 1946 941 2043 equitem
967 1947 1163 2040 vehebant,
1191 1961 1357 2024 servatus
1371 1954 1417 2018 est
1457 2038 1459 2047 Ι

191 2058 305 2134 Maior
331 2085 415 2157 pars
442 2086 464 2132 a
489 2085 610 2159 puppe
636 2070 764 2132 nantes
792 2043 902 2153 equos
927 2059 1012 2131 loris
1038 2058 1224 2134 trahebat.
1279 2060 1330 2134 At
1351 2057 1416 2143 illos,
1457 2050 1459 2105 ἶ

193 2196 283 2268 quos
311 2180 409 2244 utres
437 2180 635 2245 stramento
661 2170 787 2269 repleti
813 2169 1010 2261 vehebant,
1045 2169 1216 2248 obiectae
1242 2184 1339 2248 rates
1362 2180 1416 2241 tue

192 2371 269 2426 Voss.
287 2378 312 2437 1,
335 2387 437 2441 nosque
454 2371 599 2425 invenimus
621 2379 745 2425 notatum
761 2388 796 2424 ex
829 2372 874 2441 qui
894 2381 958 2440 post
985 2379 1113 2424 tormenta
1142 2385 1230 2428 const.
1266 2375 1301 2428 In
1321 2367 1417 2426 aaut

192 2436 273 2495 Bern.
291 2441 326 2505 A,
345 2440 391 2492 sed
408 2439 554 2493 Florentini
573 2457 662 2495 omnes
683 2441 795 2494 Tanaim
829 2439 935 2492 videtur
955 2438 1092 2492 inventum
1110 2455 1171 2493 esse
1198 2446 1299 2516 reliqui
1319 2450 1374 2512 poet
1389 2450 1416 2490 at

192 2506 323 2573 retinent,
350 2507 397 2560 sed
423 2519 447 2560 et
473 2509 574 2563 addunt
600 2512 637 2579 (et
658 2526 738 2580 usque
759 2511 797 2562 ad
830 2518 903 2562 torm.
922 2519 1003 2561 const.
1026 2507 1073 2559 sed
1097 2526 1143 2562 eoa
1162 2527 1180 2564 a
1198 2530 1273 2566 man.
1291 2529 1341 2566 reo.
1357 2509 1417 2563 inu

195 2578 303 2648 Thrac.)
313 2575 383 2630 Flor.
394 2578 557 2645 praeterAB
572 2595 662 2632 omnes
679 2578 795 2632 etBern.
830 2593 892 2630 sura
908 2583 958 2630 est.
983 2575 1067 2629 Aldus
1076 2575 1199 2647 quidem,
1218 2573 1416 2653 repetitusque

192 2645 217 2700 B
239 2652 268 2697 et
290 2646 362 2715 quod
385 2644 467 2698 miror
488 2646 568 2699 etiam
589 2646 663 2699 Leid.
681 2651 757 2699 Voss.
773 2655 795 2698 1.
830 2644 901 2699 ribus
919 2647 1010 2711 verbo,
1036 2646 1133 2716 reliqui
1151 2659 1221 2717 post
1244 2668 1303 2717 eoa,
1329 2650 1369 2720 qta‘
1383 2653 1416 2721 a·

195 2714 266 2767 Tum
289 2715 397 2767 collibus
418 2714 542 2768 mendose
565 2716 640 2769 codd
658 2732 747 2769 omnes
768 2722 796 2768 et
829 2723 916 2767 menta
933 2715 1159 2782 intenderent,
1179 2721 1361 2772 constiterant.
1387 2711 1416 2764 lt·

193 2783 327 2835 eddvett.
346 2799 430 2852 usque
447 2784 481 2835 ad
496 2782 609 2850 lunium,
628 2783 672 2854 qui
690 2786 793 2837 colimur
831 2783 876 2835 des
898 2782 1039 2835 varietates
1061 2790 1090 2834 et
1113 2784 1304 2841 aberrationes
1325 2779 1416 2838 hbrario

193 2853 227 2907 de
253 2850 403 2905 aoniaotura
428 2849 572 2905 certissima
598 2859 626 2905 et
651 2870 667 2905 a
688 2852 735 2906 reli
756 2851 795 2904 uis
829 2869 896 2917 rum,
914 2850 1143 2904 namsuntetiam
1158 2852 1235 2922 libri,
1275 2855 1302 2909 ui
1328 2855 1416 2908 utinm

193 2937 252 2975 rece
272 2928 302 2973 ta
318 2918 400 2972 dedit.
427 2919 548 2991 Denique
556 2922 637 2990 fama
646 2923 706 2992 fert
723 2870 795 2974 Flor.
829 2918 926 2986 editur,
944 2919 1071 2972 exhibent
1088 2919 1165 2975 Flor.
1184 2874 1310 2979 ΒΕῈἹ.ι

192 2934 285 3043 DFdI
301 2986 488 3041 Leid.V0ss.1
508 3007 558 3059 pro
578 3006 610 3043 eo
648 2991 699 3043 uod
716 2989 796 3042 vulo
864 2990 986 3058 renriqern
1007 2989 1115 3040 loricam
1138 2992 1277 3062 indutum]
1308 2986 1415 3059 Noupll·

192 3057 292 3128 legitur
303 3057 384 3126 sama
401 3067 448 3123 est,
468 3067 630 3138 quapropter
669 3057 745 3111 odius
762 3007 797 3110 de
830 3064 891 3118 ‚cent
913 3073 977 3109 sane
1000 3064 1053 3110 tres
1076 3059 1242 3130 accusativi,
1271 3059 1415 3116 verumne

192 3143 268 3180 more
286 3143 333 3178 suo
350 3142 457 3195 prorsus
474 3126 569 3179 om1sit.
831 3126 865 3180 ob
898 3143 1003 3179 causam
1029 3141 1157 3194 spernere
1185 3147 1243 3184 non
1304 3131 1342 3183 tui
1364 3122 1414 3183 toll

229 3193 346 3264 Cap.36,
357 3197 380 3261 §.
392 3201 414 3246 1.
437 3204 461 3247 et
479 3197 594 3248 consiliio
612 3198 708 3263 eorum]
732 3194 797 3248 Cor·
831 3193 969 3248 meliorum
981 3194 1121 3248 lectionem
1137 3199 1254 3253 loricam
1267 3204 1413 3263 enatura

193 3262 264 3333 rupit
280 3261 351 3331 regis
367 3261 462 3315 festive
473 3270 501 3315 et
509 3263 576 3316 salse
585 3262 683 3316 dietum
691 3263 797 3317 Freius-
831 3262 901 3332 vulg.
925 3264 1008 3316 lorica
1033 3265 1163 3318 indutum.
1200 3267 1276 3322 Nam
1293 3269 1359 3322 haud
1375 3275 1414 3316 rut

193 3330 294 3383 hemius
311 3338 419 3400 recepta
431 3330 581 3385 coniectura
589 3331 724 3402 Rutgersii
738 3350 797 3385 con·
832 3329 940 3386 Curtiue
958 3331 1008 3385 hoe
1024 3332 1178 3388 accusativo
1192 3337 1343 3391 vestimenti
1356 3331 1414 3386 ritu

194 3401 261 3451 siliis
287 3415 399 3452 auorum.
444 3398 550 3453 Gratias
576 3399 644 3452 enim
671 3402 798 3480 quasdam
832 3417 910 3470 supra
927 3407 1077 3469 oap.21,16
1096 3408 1126 3454 et
1144 3420 1206 3475 (rap.
1216 3411 1262 3473 33,
1281 3414 1297 3461 a
1316 3408 1412 3459 uuna

193 3466 348 3519 Alexander
369 3466 463 3537 legatis
486 3469 542 3538 agit
561 3469 633 3539 quod
650 3469 752 3522 utiliter
770 3485 798 3522 se
830 3472 945 3534 intimus,
963 3476 1028 3536 etv,
1038 3475 1106 3535 20‚t
1121 3471 1412 3539 pretiosissimarum

194 3532 400 3601 admonuissent,
414 3547 594 3590 verumtamen
604 3537 798 3590 aevelleetiam
831 3538 923 3603 induti,
941 3546 970 3590 et
987 3553 1049 3605 vm,
1064 3545 1108 3605 32,
1118 3546 1155 3593 24
1174 3546 1303 3611 carbasa,
1320 3557 1376 3614 quat
1386 3537 1411 3588 ll·

194 3603 302 3657 fortuna
319 3620 366 3656 sua
382 3604 430 3657 uti.
464 3605 630 3676 Languidum
647 3605 719 3658 istud
739 3624 797 3659 suo·
832 3609 908 3658 dutus
935 3616 989 3675 ert,
1021 3624 1184 3678 quamquam
1212 3612 1296 3666 etiam
1323 3606 1410 3665 ahin

194 3690 253 3726 rum
270 3688 319 3724 nec
336 3671 400 3752 satis
417 3672 526 3753 dignum
534 3675 680 3728 Alexandri
697 3674 797 3745 magni·
831 3673 924 3739 utitur,
941 3690 975 3727 tv
998 3683 1032 3729 69
1056 3683 1088 3728 27
1123 3691 1147 3729 v
1169 3686 1184 3733 9
1207 3687 1243 3736 20
1274 3695 1327 3735 vm
1345 3677 1410 3733 loti·

195 3739 287 3822 tudine
303 3739 396 3821 animi,
411 3759 456 3812 qur
469 3761 574 3796 suorum
588 3743 683 3797 ducum
697 3761 797 3797 secon-
866 3745 888 3809 ξ.
898 3749 923 3794 4.
951 3761 968 3796 a
981 3747 1079 3814 puppe]
1098 3762 1116 3797 u
1128 3752 1224 3818 puppi
1237 3716 1410 3805 Flanl’tffllll

194 3809 259 3863 ulus
276 3825 354 3878 egere
371 3808 449 3863 dicat.
485 3811 627 3864 Inventum
643 3820 732 3865 tamen
755 3819 797 3864 est
831 3810 897 3865 Mox
913 3811 1043 3880 pluralem
1054 3813 1130 3866 verbi
1143 3833 1290 3873 numerum
1306 3814 1409 3874 ΝΜ

194 3877 222 3930 in
248 3878 324 3932 codd.
355 3877 413 3931 Pal.
441 3886 453 3931 1
481 3880 558 3933 Voss.
582 3887 596 3932 2
623 3879 695 3933 Flor.
723 3880 797 3934 CFH
830 3884 907 3932 Voss.
926 3887 940 3934 2
959 3881 1029 3935 Flor.
1046 3881 1077 3936 F.

194 3947 276 3999 Bam.
294 3946 326 3999 B.
865 3959 1036 4003 stramentor
1068 3952 1122 4019 teu]
1163 3955 1306 4012 Sarmenta
1319 3956 1409 4009 domu

229 4019 254 4082 S.
268 4021 292 4069 3.
327 4017 421 4084 reliqui
438 4017 482 4084 qui
499 4025 561 4085 post
585 4026 657 4069 torm.
676 4019 796 4070 constite-
850 4017 891 4069 ‘ne
917 4018 1011 4088 opinor
1051 4018 1166 4074 anianae
1195 4034 1328 4097 sumptum
1349 4011 1408 4075 adili

192 4094 254 4137 rant
283 4082 397 4136 Videtur
413 4082 451 4138 sio
467 4100 559 4137 verum
576 4100 642 4151 esse,
660 4092 688 4137 et
705 4084 794 4137 edide-
828 4035 944 4153 hodius,
963 4104 1021 4141 cam
1039 4105 1069 4141 su
1088 4106 1191 4163 racap.
1201 4100 1235 4147 21
1245 4089 1406 4166 ipseedidifl‘

192 4160 236 4205 rat
293 4159 319 4204 st
335 4150 440 4204 Iunium
457 4152 570 4206 Medius.
605 4153 656 4206 Ed.
670 4153 751 4224 prino.
766 4163 794 4206 et
828 4157 979 4209 stramentis
1009 4159 1127 4227 refertos.
1174 4160 1238 4218 Nec
1263 4164 1335 4219 eodd.
1357 4168 1407 4230 Ψ·

193 4219 245 4273 eod
267 4219 360 4272 ‚Leid.
377 4220 488 4275 Flor.A
504 4223 598 4292 reliqui
609 4233 673 4290 post
689 4239 732 4276 eos
750 4224 794 4310 qui
829 4239 908 4293 quum
924 4233 1037 4279 mutant.
1227 4246 1234 4259 r
1297 4280 1303 4289 ,

194 4297 320 4340 tormenta
346 4292 528 4357 constiterant,
555 4289 599 4342 alii
623 4289 697 4344 Flor.
719 4290 794 4344 (th
863 4293 975 4346 obiectae
994 4297 1072 4362 rates]
1110 4294 1251 4355 sitrecte
1268 4301 1323 4356 edd.
1337 4306 1404 4351 σιω·

194 4354 305 4408 voae
330 4356 452 4409 Remu
480 4361 575 4430 reliqui
618 4368 658 4412 ost
683 4376 725 4412 eos
752 4361 795 4430 qui
829 4360 930 4413 dicibus
951 4361 1015 4416 aliae
1037 4363 1231 4422 deterioribus:
1257 4366 1404 4442 apium

189 4431 252 4489 post
269 4431 404 4493 torruenta,
422 4425 498 4481 Voss.
518 4436 531 4481 1
550 4435 579 4480 et
594 4375 667 4481 ilar.
686 4427 711 4480 D
733 4429 795 4482 reli·
830 4429 893 4483 duae
914 4431 1012 4486 obiecta
1034 4442 1104 4502 erat,
1131 4437 1208 4491 unde
1233 4435 1328 4495 hanni
1345 4422 1402 4487 Μ’·
