2926 5174
157 293 230 366 282
653 314 686 378 0.
714 312 838 367 curru
861 314 946 367 num

106 500 154 573 43
184 561 188 569 .
258 497 419 573 Philotas
457 525 591 574 verene
627 528 674 576 an
706 498 892 576 mendacio
924 499 1074 573 liberare
1105 522 1144 571 se
1174 523 1196 571 a
1223 494 1355 573 cruentu

156 609 324 700 voluerit,
356 636 487 711 anceps
514 613 717 687 coniectura
743 623 813 702 est,
849 612 1017 708 quoniam
1044 621 1080 684 et
1106 635 1191 684 vera
1215 603 1360 681 confessis

157 730 193 792 et
227 721 317 794 falsa
348 721 546 798 dicentibus
577 723 672 799 idem
704 723 836 797 doloris
862 724 942 797 finis
969 722 1184 797 ostenditur:
1218 729 1362 802 00100101,

155 831 265 924 Pater,
291 834 416 931 inquit,
441 862 534 910 meus
559 836 743 936 Hepeloclto
768 862 870 937 quam
885 834 1107 937 familiariter
1131 859 1211 908 usus
1234 833 1281 922 sit,
1306 850 1365 903 nort

157 941 336 1040 0000001000
361 947 455 1021 illum
481 948 554 1023 dico
579 947 810 1045 Inlepelrclum,
836 949 895 1047 qui
919 948 956 1020 in
981 946 1052 1020 acie
1077 945 1210 1020 cem'dit:
1239 942 1365 1018 annium

156 1054 322 1129 mamrum
347 1059 440 1133 nolis
455 1059 529 1162 fuit
553 1085 666 1133 causa.
720 1058 817 1133 Nam
842 1084 918 1132 curn
936 1061 1092 1157 pmmum
1108 1057 1198 1132 Iouis
1211 1056 1315 1155 filium
1334 1074 1365 1128 00

156 1164 298 1240 salutari
323 1169 420 1243 iussit
443 1194 519 1263 000,
550 1170 588 1245 id
621 1169 756 1269 iudcpne
779 1174 898 1271 serens
932 1171 1000 1261 ille,
1030 1169 1117 1243 lunc
1147 1168 1247 1268 ipitur
1275 1190 1365 1265 repom

156 1280 381 1376 apnoscimus,
412 1280 532 1381 inquit,
568 1282 626 1380 qui
649 1281 846 1382 Philippum
871 1282 1071 1380 dedipnatur
1090 1279 1245 1380 patrem?
1277 1291 1365 1381 00100

155 1401 204 1463 001
227 1388 269 1463 de
293 1391 400 1483 mdis,
434 1393 467 1465 si
490 1392 554 1467 ista
584 1393 716 1490 perpeti
742 1420 936 1494 possumus.
987 1393 1070 1467 Non
1103 1392 1249 1466 domines
1272 1390 1365 1479 solum,

155 1501 218 1575 sed
252 1502 349 1576 etiam
383 1502 461 1576 deos
494 1503 649 1603 despicit,
683 1506 742 1604 qui
767 1506 915 1605 postulet
940 1505 1023 1579 deus
1048 1504 1148 1577 credi.
1201 1505 1365 1583 Amisimus

155 1611 407 1705 Amnandrum,
439 1615 614 1690 amisimus
647 1642 778 1716 repem3
813 1617 992 1691 incidimus
1026 1617 1063 1690 in
1095 1616 1297 1714 superbiam,
1321 1637 1365 1688 mc

156 1722 234 1815 diis,
260 1725 377 1823 pullus
403 1750 438 1799 00
462 1740 630 1827 00000001,
656 1754 715 1801 nec
740 1729 941 1820 lominrlms,
967 1728 1145 1829 quidesse
1171 1729 1289 1820 eaimit,
1311 1726 1365 1800 toll·

156 1834 302 1909 radilern.
355 1836 522 1912 Nostrone
547 1841 709 1940 sanquine
734 1841 834 1914 deum
849 1840 1011 1942 scaiman,
1037 1840 1096 1940 qui
1120 1864 1182 1914 nos
1205 1835 1365 1941 fastidiat?

158 1948 217 2047 qui
237 1961 397 2046 procetur
422 1951 610 2026 mortalium
637 1951 733 2025 adire
757 1951 956 2028 concilium?
1001 1950 1133 2029 Credite
1159 1951 1250 2043 milei,
1275 1964 1365 2038 etms,

157 2060 189 2135 si
223 2061 291 2135 uiri
326 2088 460 2153 sumus,
499 2089 523 2137 0
553 2063 625 2136 diis·
657 2063 897 2163 adoptohimur.
965 2059 1049 2148 Quis
1085 2088 1255 2162 proauum
1289 2061 1365 2136 liuius

154 2297 226 2352 libris
256 2298 408 2369 discedens,
434 2303 484 2356 nisi
510 2302 581 2375 quod
609 2304 641 2355 dc
667 2303 754 2382 suppl.
787 2307 864 2353 erant
894 2300 1039 2353 insontibus
1066 2303 1212 2369 remittere,
1238 2319 1294 2356 eum
1314 2300 1365 2353 iusta

153 2367 291 2421 emendavi
307 2387 356 2440 pro
373 2387 404 2424 00
423 2373 494 2442 quod
515 2380 555 2425 est
572 2389 600 2424 se
617 2372 753 2440 supplicio.
787 2367 945 2448 exceptione
962 2385 1053 2422 eorum
1070 2369 1116 2440 qui
1135 2370 1178 2422 cul
1242 2366 1365 2423 011100010-

157 2435 358 2490 Coniunctorum
380 2445 470 2493 autem
491 2441 519 2494 in
540 2438 659 2494 omnibus
680 2437 753 2491 libris
786 2444 859 2491 venti
876 2444 975 2504 essent,
1001 2439 1072 2507 quod
1089 2438 1165 2492 dicen
1187 2439 1193 2450 “
1212 2456 1291 2509 genus
1305 2440 1365 2506 tepea

154 2511 208 2568 est,
237 2505 283 2557 sed
308 2507 426 2561 variatur
453 2509 480 2562 in
507 2525 573 2563 voce
599 2509 753 2561 insontibus.
787 2508 888 2560 remitto
905 2508 953 2559 tibi
969 2524 1018 2577 pro
1034 2509 1149 2578 eoquod
1158 2508 1365 2562 estexeoutioneu

155 2572 257 2643 Optimi
277 2575 347 2627 euim
370 2594 436 2646 quos
457 2577 519 2631 alibi
541 2576 613 2649 sequi
640 2576 753 2630 solemus
786 2574 851 2644 legis
874 2574 994 2640 remitto,
1019 2574 1073 2628 sive
1096 2575 1195 2630 desisto
1218 2579 1251 2630 de
1270 2572 1364 2652 1000110

153 2642 227 2697 Leia.
245 2643 323 2697 Voss.
345 2645 426 2699 Bern.
443 2649 470 2700 A
491 2647 562 2700 Flor.
579 2645 654 2700 ABG
677 2652 705 2697 et
728 2644 753 2698 G
786 2643 851 2698 nihil
863 2661 970 2714 prorsus
978 2644 1060 2697 habet
1070 2646 1143 2714 quod
1152 2646 1286 2699 offendere
1294 2649 1362 2716 pomi.

153 2728 256 2765 amanu
272 2711 357 2783 prima
374 2718 490 2769 sontibus
507 2717 615 2781 habent,
631 2729 758 2784 egovero
787 2714 845 2766 Nee
863 2712 1023 2766 accusativus
1041 2730 1068 2765 00
1094 2713 1206 2768 omissus
1233 2727 1364 2786 quemquam

153 2781 312 2846 insentibus,
335 2789 366 2835 ut
391 2785 560 2854 expediretur
580 2801 670 2837 sensus
693 2782 752 2848 loei,
788 2782 916 2847 offendet,
941 2780 1012 2834 euius
1030 2782 1152 2852 exempla
1175 2792 1238 2837 sunt
1256 2780 1364 2858 complura

153 2866 187 2902 ex
208 2849 278 2902 Flor.
296 2851 413 2906 DEFHI
434 2854 556 2907 Bern.B
580 2861 608 2907 et
630 2850 754 2906 remeatis
787 2850 849 2904 huie
867 2849 1010 2916 simillima,
1036 2859 1067 2903 ut
1084 2865 1114 2919 v,
1134 2858 1178 2920 31,
1199 2861 1229 2905 11
1257 2850 1364 2921 00000011

96 2965 99 2970 .
152 2917 242 2972 Pell
266 2919 381 2977 Flora
402 2922 504 2993 recepi,
527 2931 601 2976 ratus
627 2921 676 2975 hoe
700 2938 752 2973 non
787 2938 961 2985 recessurum;
978 2926 1107 2987 VI,19,31
1119 2921 1364 2990 0000010001101000,Ι

153 3003 210 3040 esse
227 2986 280 3039 vim
297 2989 383 3044 facere
400 2991 492 3045 ceteris
517 2990 603 3057 libris,
630 2989 753 3059 quoniam
786 3003 827 3056 VI,
845 2996 889 3055 43,
907 2994 939 3042 32
958 2990 1074 3041 timuisse
1090 2993 1243 3058 respendit;
1258 2991 1363 3056 vuar

153 3064 271 3109 extrema
279 3058 353 3111 verbi
361 3059 541 3130 praecedentis
559 3059 659 3130 syllaba
676 3057 753 3110 facile
787 3076 888 3110 murum
906 3074 1037 3110 eversuros
1056 3060 1225 3126 denuntiant3
1243 3074 1292 3127 vn,
1309 3059 1364 3133 1111

153 3124 264 3195 primam
285 3126 448 3197 insequentis
471 3129 604 3183 involvere
625 3126 752 3197 potuerit.
788 3145 844 3179 cum
857 3127 996 3195 praefatus
1018 3135 1082 3177 esset
1103 3129 1189 3194 scire,·
1214 3143 1245 3194 x,
1264 3135 1278 3181 8
1298 3126 1364 3180 eristi-

154 3195 233 3259 Quod
258 3195 339 3264 vulgo
360 3197 447 3250 editur
474 3200 554 3266 lepem
575 3215 603 3250 00
625 3196 752 3264 supplicio
787 3213 861 3247 mans
888 3196 987 3247 modico
1013 3195 1127 3248 eaermtu
1154 3198 1284 3250 continere
1306 3206 1365 3265 pota

154 3264 295 3316 coniunctis
304 3267 416 3318 sontium
426 3268 553 3319 remittere
570 3282 619 3319 neo
627 3264 753 3317 librorum
787 3266 900 3335 Asiorn;
921 3277 952 3330 X,
971 3270 1001 3315 11
1020 3270 1088 3315 extr.
1108 3266 1290 3320 denuntiantes
1302 3260 1365 3334 preli·

154 3331 311 3384 auctoritate
328 3332 430 3401 nititur,
451 3351 501 3387 nee
553 3341 607 3387 test
623 3349 753 3403 gramma·
787 3351 836 3385 nus
856 3349 911 3386 0000
927 3333 1075 3385 morituros.

153 3400 205 3453 tice
223 3398 360 3469 explicari,
386 3403 434 3456 nisi
452 3421 511 3456 eum
559 3402 619 3456 odio
640 3418 674 3454 ex
691 3400 753 3454 Pal·
823 3400 887 3470 Cap.
905 3408 946 3455 43.
982 3405 1006 3467 5.
1024 3407 1066 3454 22.
1102 3403 1148 3471 qui
1171 3403 1201 3455 in
1219 3404 1274 3458 acie
1289 3399 1364 3456 cecidit

152 3466 227 3521 merii
238 3468 387 3524 coniectura
404 3473 529 3542 supplicii
549 3469 753 3552 0001000010,Ῡο-
788 3469 895 3523 Curtius
913 3470 978 3522 duos
995 3468 1100 3521 videtur
1121 3468 1184 3524 disti
1241 3488 1284 3525 000
1298 3469 1365 3537 Hege-

153 3555 212 3589 rum
229 3553 278 3590 nes
299 3538 391 3592 melius
413 3540 472 3594 loeo
496 3540 656 3593 consuluisse
677 3537 753 3593 nobis
787 3539 885 3605 lochos,
904 3556 1016 3608 quorum
1033 3537 1102 3591 alter
1119 3539 1196 3593 classi
1236 3536 1365 3594 acedeuimt

153 3605 278 3658 videmur.
296 3604 354 3658 Lex
370 3616 481 3662 vocatur
498 3608 614 3662 breviter
630 3607 753 3661 Romano
787 3607 911 3677 indegeo
929 3605 994 3659 mari
1010 3614 1142 3676 praeerat,
1159 3607 1364 3680 vid.111,3.1V,ttr

153 3676 400 3744 morello-supplicio
410 3679 610 3731 coniunctorum.
620 3675 753 3740 SieQuin-
788 3676 856 3729 alter
873 3675 917 3728 uni
935 3692 969 3728 ex
985 3686 1047 3728 octo
1068 3676 1164 3729 turmis
1186 3677 1304 3749 equitum
1320 3689 1365 3727 aul-

152 3743 192 3797 til.
202 3741 421 3812 Instit.vn,4,21.
431 3748 537 3798 multum
549 3747 654 3799 interest
664 3757 753 3814 tyren·
788 3762 888 3798 corum.
905 3744 974 3796 Vide
983 3743 1125 3797 Arrianum
1137 3759 1181 3809 111,
1192 3754 1234 3814 11,
1245 3753 1283 3800 12.
1299 3745 1321 3798 Α

152 3813 753 3882 numiuvenisocciderit,ansenea;alienusan
788 3812 832 3865 hic
858 3813 976 3883 quidem,
1020 3830 1162 3883 uarnquam
1181 3815 1237 3868 eius
1259 3813 1329 3867 rein

153 3882 358 3947 coniunctus,
380 3890 408 3935 01
425 3883 451 3935 h.
469 3882 486 3935 l.
504 3900 564 3936 eum
584 3883 754 3954 praecesserit
788 3882 887 3935 mentio
904 3881 935 3934 fit
952 3898 968 3932 a
988 3830 1022 3932 ui
1039 3889 1176 3949 auctores,
1197 3883 1301 3937 videtur
1314 3874 1365 3949 apul

151 3950 204 4002 iam
220 3949 422 4020 propinquitatis
445 3951 657 4005 commemoratio
679 3951 754 4004 dubi·
788 3951 887 4004 Arbela
909 3899 1038 4002 cecidisse.
1075 3948 1147 4002 Tum
1168 3951 1288 4022 sequitur
1306 3945 1365 4023 vulg⁰

152 4017 220 4071 tatio
237 4019 270 4071 de
288 4035 365 4072 sensu
381 4019 452 4074 vocis
473 4019 536 4073 oriri
553 4020 625 4073 nulla
641 4027 753 4091 poterat.
789 4021 846 4072 ille
864 4020 974 4071 omnium
990 4018 1118 4070 malorum
1135 4021 1212 4074 nobis
1230 4036 1307 4073 00000
1316 4014 1365 4085 snt

156 4087 356 4141 Coniuncterum
373 4089 523 4142 sontibus
537 4088 672 4159 quominus
686 4088 754 4141 tule·
789 4088 835 4141 sed
852 4102 995 4157 prenomen
1013 4086 1088 4138 abest
1105 4088 1140 4140 ab
1158 4087 1278 4141 omnibus
1288 4094 1365 4157 masat

152 4154 215 4220 rim,
242 4154 269 4207 id
294 4156 431 4226 impedivit
476 4157 530 4210 uod
555 4156 681 4209 Latinum
708 4156 754 4210 vix
788 4164 876 4226 potest
894 4154 970 4208 facile
987 4153 1150 4222 cogitatione
1167 4154 1289 4227 suppleri.
1309 4148 1365 4206 atd-

154 4221 291 4292 quisquam
309 4225 461 4293 possetinte
483 4225 562 4296 'gera
579 4224 626 4278 ubi
634 4226 752 4290 deberet,
787 4243 836 4278 nus
858 4223 945 4277 editor
966 4221 1064 4292 primus
1085 4223 1228 4279 adiecerat.
1262 4219 1365 4278 ardum

153 4289 268 4360 positum
285 4309 340 4344 esse
357 4312 406 4362 pro
425 4312 482 4347 cum
498 4295 626 4360 sontibus,
644 4302 753 4364 propter
787 4291 1078 4347 verborumsecundum
1095 4286 1364 4364 optimosutimmr·

153 4357 380 4428 propinquitatem
405 4362 480 4416 verbi
506 4364 652 4428 remittere,
682 4363 753 4432 quod
788 4362 826 4432 G)
844 4360 1010 4415 instituimus.

154 4427 189 4479 ed
205 4442 335 4499 serapere
343 4429 486 4484 videretur.
505 4430 659 4503 copulanda
670 4429 753 4502 igitur
820 4435 845 4499 §-
869 4437 911 4484 26.
940 4446 1070 4500 proauum
1095 4431 1175 4486 tuias
1198 4421 1363 4487 Ameana]
