2926 5174
113 302 187 375 284
581 321 614 384 Q·
644 319 767 372 euarn
792 319 877 371 surr

111 531 235 581 rursus
275 504 462 578 tormentis
507 505 676 595 admotis,
722 529 802 577 oum
845 505 931 602 ipsis
972 529 1112 602 quoque
1151 505 1251 580 hastis
1280 532 1308 579 os

112 618 304 714 oculosque
331 617 405 688 eius
433 617 695 707 everberarent,
722 641 940 714 expressere,
954 626 995 689 ut
1020 617 1089 690 hoe
1116 642 1248 714 quoque
1266 618 1310 690 cri·

8 795 12 801 .
111 755 194 803 men
221 729 458 802 eonfiteretur.
510 727 746 826 Exigentibus
775 726 919 818 deinde,
945 738 987 801 ut
1012 717 1174 801 ordinem
1198 729 1328 826 cogitatis

112 838 253 914 sceleris
286 850 499 937 exponeret,
532 866 613 912 cum
646 839 707 912 diu
733 839 862 912 Bactra
893 849 1078 912 retentura
1103 863 1221 937 regem
1243 840 1313 914 vide·

110 962 246 1041 rentur,
272 951 432 1024 timuisse
458 952 653 1050 respondit,
679 977 725 1024 ne
752 961 854 1049 pater
866 973 943 1023 Lxx
969 962 1077 1024 natus
1104 973 1225 1042 annos,
1248 953 1314 1024 tanti

111 1063 288 1138 exercitus
316 1061 408 1152 dux,
440 1071 562 1136 tantae
589 1063 759 1161 pecuniae
787 1072 922 1152 custos,
955 1064 1097 1136 interim
1125 1064 1315 1162 extinguere·

113 1186 190 1266 tur,
223 1174 376 1271 ipsique,
410 1175 562 1272 spoliato
589 1177 698 1248 tantis
730 1175 883 1264 viribus,
911 1173 1095 1246 occidendi
1121 1176 1213 1272 regis
1238 1200 1316 1248 musa

112 1312 184 1360 non
211 1295 315 1358 esset.
367 1284 568 1359 Festinasse
596 1311 681 1383 ergo
709 1311 757 1376 se,
784 1284 870 1356 dum
896 1286 1094 1383 praemium
1120 1286 1158 1358 in
1182 1288 1328 1359 manibus:

109 1399 273 1487 haberet,
308 1407 576 1495 repraesentare
611 1399 810 1487 eonsilium,
852 1399 951 1471 cuius
985 1407 1128 1494 patrem
1163 1409 1316 1497 expertem

108 1509 217 1584 fuisse
243 1509 310 1581 nisi
337 1508 531 1600 crederent,
551 1520 738 1599 tormenta,
758 1534 972 1607 quamquam
997 1509 1070 1582 iam
1095 1511 1245 1584 tolerare
1265 1535 1316 1616 non

108 1763 223 1817 universi
240 1771 376 1834 expertem
392 1779 449 1817 esse
467 1781 520 1817 non
537 1771 621 1831 certe,
649 1782 708 1818 cum
742 1764 812 1817 enim
837 1764 990 1834 metaphora
1013 1765 1046 1817 de
1069 1766 1181 1836 pecunia
1206 1763 1315 1837 praesenti,

107 1833 153 1887 illa
183 1833 315 1886 confessus
343 1840 426 1900 esset,
455 1832 575 1885 Philotas
601 1840 708 1903 poterat
743 1835 777 1886 ef.
795 1832 840 1886 lib.
859 1848 889 1901 rr,
909 1839 933 1900 5,
952 1840 984 1887 39
1013 1846 1134 1903 coeperat
1152 1853 1207 1889 esse
1218 1850 1316 1906 praeceps

107 1919 218 1972 negare,
242 1909 271 1955 et
296 1900 433 1971 aliquanto
451 1907 513 1971 post
535 1899 633 1970 legitur
653 1904 707 1954 De·
743 1905 780 1955 od
795 1905 1018 1970 repraesentando
1037 1905 1178 1972 srpple'ce'e.

106 1975 213 2025 metrias
236 1973 282 2040 qai
305 1971 424 2040 proximi
445 1971 550 2023 sceleris
572 1973 708 2040 particeps
776 1972 850 2025 euius
897 1980 978 2023 utrem
1004 1981 1134 2040 expertem
1156 1974 1251 2042 foisse.
1277 1970 1317 2024 Me

108 2059 164 2094 esse
182 2041 349 2110 arpuebotur.
368 2096 371 2101 ,
742 2039 851 2092 moriam
867 1989 989 2092 duilotae
1010 2039 1083 2108 ipsis.
1093 2041 1237 2095 tortoribus
1252 2041 1318 2095 crude

142 2113 165 2177 ξ.
184 2116 225 2163 31.
248 2126 304 2161 cem
323 2109 390 2176 ipsis
400 2125 498 2176 quoque
508 2109 600 2160 tastis.
618 2108 707 2176 Vulgo
742 2108 791 2160 lius
824 2107 938 2161 lacerant
964 2107 1080 2162 editores
1108 2110 1154 2179 qui
1189 2110 1318 2164 sic'edunt:

106 2179 160 2246 apsi
178 2184 272 2230 eontra
290 2176 393 2230 codices
411 2183 439 2228 et
453 2176 513 2229 edd.
522 2184 576 2230 ant.
583 2176 708 2246 Alioquin
743 2179 816 2230 errius
838 2187 940 2245 patrem
953 2178 1044 2247 scisse
1067 2189 1200 2232 auctorem
1221 2180 1268 2232 ais-i
1281 2193 1319 2230 ere·

106 2246 171 2298 nihil
188 2246 309 2311 interest,
332 2262 392 2296 narn
412 2244 475 2323 quin
491 2243 540 2314 ipsi
557 2245 622 2297 illud
639 2246 708 2298 fece·
742 2249 840 2298 derret.
876 2245 946 2309 Quid
965 2244 1052 2297 enirn?
1082 2246 1163 2310 Quod
1180 2248 1218 2300 illi
1234 2248 1320 2300 libenter

105 2315 161 2368 rint
178 2313 345 2385 inquisitores
363 2313 470 2365 dubrum
481 2331 532 2365 non
544 2321 591 2366 est.
610 2314 707 2367 Hostes
741 2314 784 2366 vel
792 2313 930 2366 mentienti
940 2313 1066 2367 credituri
1076 2315 1198 2383 fuissent,
1211 2314 1320 2368 idnefilius

106 2383 248 2452 gestabant
256 2381 369 2433 muneris
384 2380 495 2450 insignia
504 2389 639 2451 tamquam
648 2399 707 2435 cor·
742 2399 769 2435 se
791 2390 912 2452 paratum
936 2381 1006 2434 dicet
1024 2383 1152 2437 adversus
1170 2392 1265 2455 patrem
1279 2392 1321 2436 tor-

125 2450 176 2504 oris
202 2449 269 2520 regii
295 2451 424 2503 custodes.
466 2450 629 2517 Erpa-essere
656 2452 708 2504 hoe
741 2451 836 2504 mentis
854 2450 1030 2503 confirmare?
1066 2451 1127 2505 Vae
1144 2453 1284 2524 impietatis,
1298 2451 1321 2504 ob

105 2470 165 2573 loco
184 2538 236 2590 quo
255 2534 305 2588 ego
328 2517 404 2589 posui
426 2517 582 2571 collocatum
605 2527 664 2574 erat
680 2520 707 2572 in
741 2537 820 2590 quam
843 2519 924 2572 solam
947 2526 977 2571 tu
1012 2518 1062 2572 iter
1084 2520 1174 2590 perire
1195 2529 1322 2575 mereretur.

105 2588 183 2642 Voss.
205 2596 214 2640 1
235 2587 315 2640 Bern.
332 2588 359 2639 A
376 2586 446 2640 Flor.
465 2586 548 2639 ABG.
741 2588 824 2668 Atqui
843 2606 895 2641 non
913 2594 953 2639 est
969 2587 1015 2639 ila
1031 2606 1085 2640 vox
1104 2601 1235 2643 (rectorem
1251 2591 1274 2643 in
1284 2588 1323 2641 ullo

140 2662 164 2723 §.
183 2663 225 2711 32.
260 2657 327 2709 tanti
353 2657 480 2708 exercitas
498 2658 559 2708 dua.
594 2657 707 2709 Addunt
741 2659 842 2724 codice,
861 2656 1072 2727 supplementum
1091 2666 1133 2710 est
1150 2659 1269 2739 principis
1283 2656 1322 2710 edi·

58 2774 60 2778 ,
105 2725 185 2779 etiam
212 2734 300 2779 tantas
327 2725 394 2793 (doc
412 2726 517 2791 tontes)
548 2725 624 2777 codd.
652 2725 706 2778 sere
740 2725 816 2792 toris,
836 2725 881 2795 qui
898 2743 956 2779 cum
973 2726 1065 2777 deesse
1079 2724 1323 2797 aliqurdrectcintd·

105 2812 204 2861 omnes,
222 2801 330 2865 praeter
346 2793 417 2846 Flor.
426 2793 459 2846 Ε.
477 2792 530 2845 Sed
547 2794 610 2862 quid
628 2794 706 2847 facias
741 2794 851 2864 ligeret,
869 2812 923 2846 non
940 2792 1081 2913 explorata
1099 2812 1144 2863 re,
1171 2799 1240 2868 qued
1255 2793 1323 2850 facilli·

105 2865 154 2918 nisi
177 2864 355 2918 ut'mendum
376 2878 409 2915 ex
435 2860 594 2933 repetitione
626 2880 706 2933 agno-
741 2882 812 2915 mum
838 2862 887 2933 ipsi
912 2861 973 2914 vide
991 2868 1052 2914 atur
1080 2862 1195 2918 infersit.
1237 2865 1323 2931 quana

105 2933 179 2987 scas?
741 2931 832 2985 melius
853 2930 894 2983 vir
911 2931 1001 2984 doctus
1023 2930 1069 3000 qui
1087 2932 1165 2988 Flor.
1187 2933 1213 2988 G
1233 2931 1324 2989 correxit

139 3003 273 3056 occidendi
290 3003 361 3071 repis
379 3017 461 3053 eausa
479 3008 614 3052 aonesset.
633 2999 706 3052 Alias
741 3002 775 3054 ad
797 3000 941 3069 marginem
963 3009 1117 3068 „expertem
1137 3005 1235 3057 deest.“
1267 2999 1323 3057 Nihil

104 3072 158 3124 fere
175 3073 243 3124 ratio
261 3088 316 3124 non
333 3077 402 3122 esset
420 3067 537 3122 occidere
545 3084 635 3138 regern
644 3068 706 3122 diei·
741 3085 803 3122 sane
820 3068 918 3121 felicius
939 3067 1039 3138 potuit:
1068 3087 1132 3123 nam
1150 3071 1323 3135 verisimilellt,

103 3148 158 3208 tm,
176 3149 207 3192 ut
226 3139 279 3193 cie.
302 3139 330 3192 in
347 3139 424 3193 Verr.
442 3152 463 3204 1,
483 3144 497 3190 9
520 3138 619 3189 mireari
641 3138 706 3189 dioi-
740 3137 876 3191 librarium
894 3137 955 3190 olim
972 3154 1031 3189 cum
1045 3148 1154 3205 patrem
1172 3141 1280 3209 virlisset,
1295 3156 1324 3193 ct·

104 3209 207 3262 soritas
220 3211 289 3261 rotie
303 3226 354 3260 aon
364 3217 429 3273 eret,
448 3225 473 3276 p.
487 3204 589 3258 (laceb
608 3208 706 3258 nollem
735 3217 836 3275 perterre
853 3207 887 3259 ob
905 3205 1101 3260 similitudinem
1119 3208 1267 3263 litterarum
1278 3206 1324 3264 oni·

105 3294 160 3330 esse
177 3279 304 3329 rationem
321 3279 436 3329 amittere
454 3275 579 3327 eiusmodi
592 3275 706 3327 occasio·
741 3275 810 3328 sisse.
826 3275 988 3340 Concedent,
997 3274 1100 3345 opinor,
1106 3276 1201 3333 Iunius
1207 3289 1234 3334 et
1240 3276 1324 3333 Medias

105 3363 171 3398 aem.
206 3344 274 3397 Galli
301 3346 379 3398 hodie
405 3359 513 3426 quoque
538 3340 575 3394 sic
604 3341 705 3409 dicunt,
742 3344 787 3413 qui
818 3362 876 3396 eum
908 3343 1041 3395 diritatem
1078 3345 1200 3416 vulgaris
1229 3344 1324 3402 lectionis

105 3413 124 3465 il
141 3415 183 3483 n’y
199 3430 216 3466 a
235 3413 310 3484 point
331 3415 364 3466 de
381 3430 469 3466 rarson
492 3410 658 3464 d'assassiner
681 3412 706 3463 le
740 3412 939 3478 intellexissent,
958 3412 1082 3466 medendi
1091 3431 1174 3469 causa
1187 3419 1213 3471 si
1228 3420 1323 3471 fecerunt

106 3481 167 3535 Rei.
740 3498 774 3534 ox
791 3483 854 3548 atsi,
872 3498 933 3533 nam
945 3480 993 3532 nisi
1007 3481 1071 3551 quid
1085 3486 1222 3554 credatur,
1239 3486 1324 3540 deins

140 3555 163 3618 ξ.
182 3556 224 3604 33.
244 3551 510 3603 temonibusboberet
527 3547 656 3600 manuscri
674 3548 705 3614 ti,
740 3567 787 3602 nos
816 3556 948 3602 tormenta
975 3549 1126 3620 subituros,
1158 3572 1212 3608 non
1237 3549 1323 3624 siquid

105 3619 170 3673 editi
192 3625 297 3689 praeter
313 3618 388 3671 Mod.
410 3619 514 3671 heberet
531 3618 560 3669 ia
578 3567 705 3670 munides.
740 3619 870 3672 credatur.
904 3617 1008 3669 Deinde
1026 3620 1081 3671 iam
1099 3620 1186 3676 adieci
1208 3631 1266 3677 ante
1280 3621 1324 3674 aa·

104 3690 171 3742 Post
188 3706 216 3740 re
249 3696 384 3740 oeseatere
402 3688 536 3739 consilium
560 3684 633 3737 dedit
654 3684 706 3738 iam
740 3705 801 3740 rore
819 3703 853 3738 ex
869 3686 984 3738 BernA
1001 3686 1073 3740 Flor.
1089 3688 1172 3744 ABG
1188 3691 1324 3745 Leidl'ea

105 3757 212 3812 Snaken
234 3795 240 3809 .
268 3756 409 3809 seeundum
436 3753 510 3807 Leid.
534 3754 611 3808 Voss.
636 3760 648 3805 1
677 3763 706 3806 ct
742 3762 764 3808 1.
797 3756 952 3808 Extremum
969 3757 1080 3808 verbmn
1097 3759 1133 3811 ob
1152 3760 1324 3829 grammatiem

105 3834 208 3881 nostros
233 3824 314 3877 Bern.
332 3825 358 3876 A
383 3823 455 3876 Flor.
475 3823 539 3888 AB,
563 3838 650 3892 aquo
672 3839 706 3875 ne
739 3824 869 3877 rationem
885 3829 958 3875 recte
976 3834 1131 3880 correxerat
1149 3829 1235 3882 Aldus
1252 3822 1324 3882 seculi·

103 3894 198 3966 reliqui
221 3892 327 3964 quidem
349 3892 461 3945 multum
484 3891 621 3944 discedunt
644 3892 706 3943 dum
741 3908 792 3962 que
809 3892 883 3945 illum
900 3897 975 3943 erant
985 3892 1077 3946 Iunius
1092 3901 1121 3947 et
1130 3896 1247 3964 Medius,
1263 3898 1325 3949 dona

105 3980 244 4033 repensare
262 3961 396 4014 exhibent.
419 3958 491 4013 Olim
504 3975 566 4011 vero
580 3958 707 4012 edebatur
741 3979 830 4014 rursus
846 3967 948 4012 veteres
963 3962 1055 4013 sordes
1064 3977 1203 4020 recusaret
1211 3969 1324 4020 revocare

104 4041 315 4101 repraesentasse
324 4048 382 4084 cum
390 4026 601 4098 interpunctione
609 4027 707 4081 maiore
740 4037 810 4081 sunt.
845 4028 957 4108 Legitur
974 4036 1065 4082 tamen
1083 4048 1179 4088 revera
1197 4028 1323 4089 sicineotli·

104 4107 164 4171 post
186 4100 302 4166 haberet,
330 4113 398 4168 quae
421 4095 499 4150 lectio
521 4113 602 4148 unum
625 4095 706 4149 habet
740 4097 813 4150 cibus
831 4098 984 4150 utvrdctur
1002 4098 1141 4167 omnibus,
1161 4105 1208 4157 sed
1224 4101 1323 4156 mendum

105 4175 207 4221 eertum
228 4175 363 4221 auctorem
380 4166 451 4219 Fler.
470 4163 496 4217 G
522 4171 550 4216 et
576 4164 705 4217 incertum
740 4172 781 4219 est
806 4183 840 4218 ex
865 4182 897 4218 eo
923 4182 1022 4234 genere
1051 4185 1106 4237 quo
1136 4171 1153 4223 f
1198 4168 1323 4226 uentmiru

104 4236 232 4304 Bongars.
252 4242 274 4287 1.
310 4235 418 4288 Dictum
436 4240 524 4286 autem
542 4238 582 4284 est
600 4248 705 4300 reproe-
739 4234 859 4287 librarios
904 4250 996 4286 eccere
1018 4236 1149 4293 videmus.
1240 4244 1324 4309 regatur

104 4313 207 4357 scotare
225 4322 274 4373 pro
291 4304 394 4374 exequi,
412 4302 440 4355 in
457 4320 473 4355 o
493 4319 524 4354 us
542 4308 570 4352 et
583 4299 705 4354 effectum
741 4303 846 4372 quidem
863 4252 1008 4371 llloplrens.
1027 4304 1116 4360 Lectt.
1138 4307 1209 4362 Tull.
1232 4309 1271 4362 lit
1285 4318 1323 4371 tt

106 4372 183 4436 dare,
205 4370 397 4442 interpretante
420 4371 442 4423 Ι,
482 4389 504 4422 r.
522 4367 656 4423 Gronovio
678 4370 705 4422 in
741 4378 780 4423 14·
790 4390 816 4441 p.
826 4377 885 4438 209,
903 4371 948 4424 sed
966 4389 1035 4442 quae
1053 4374 1134 4428 affert
1147 4373 1323 4449 exemplator

106 4437 173 4491 libro
194 4439 228 4492 de
248 4456 303 4511 pec.
325 4447 377 4493 vet.
400 4446 429 4506 1,
452 4457 473 4492 c.
492 4445 515 4492 6.
550 4437 639 4491 Ducta
664 4446 706 4492 est
738 4439 848 4493 iunctivi
863 4458 917 4493 non
934 4442 1074 4510 quadrant.
1098 4443 1161 4499 Nec
1170 4444 1323 4517 opaviam
