2926 5174
174 282 248 357 218
640 299 675 363 o.
711 297 836 350 cusrn
868 297 955 349 aum

171 496 295 585 petere
327 482 495 556 Dareum.
562 479 723 556 Certiora
758 481 890 557 deinde
924 480 1108 579 cognoscit
1143 505 1192 554 ex
1226 477 1438 578 Bagistanes

173 594 391 695 Babylonio:
425 619 499 666 non
532 592 698 690 equidem
728 593 891 666 vinctum
924 617 1062 690 regem,
1097 591 1165 666 sed
1198 591 1237 664 in
1261 592 1412 690 periculo

162 732 253 781 -esse
279 717 344 779 aut
368 706 505 796 morfia,
532 714 599 782 aut
621 704 847 778 vinculorum
873 703 1085 778 affirmabat.
1137 700 1237 794 Rern,
1271 702 1440 776 ducibust

163 817 391 909 convocatis
417 816 621 908 Muaimam,
647 814 772 913 inquit,
800 840 899 914 opus,
925 816 987 890 scd
1011 815 1102 890 &thar
1126 814 1345 889 tractamus
1367 840 1414 888 aa

171 942 292 1030 pereat.
344 928 485 1004 Dareta
517 927 612 1001 laud
636 925 760 1025 proed
784 925 954 999 astratus
980 951 1003 998 a
1027 926 1118 1017 auls,
1144 938 1206 999 aut
1231 950 1412 1025 oppresus.

167 1041 219 1117 -Ιη
245 1041 302 1116 aa
328 1064 464 1139 capara
482 1039 598 1140 posita
624 1051 672 1113 est
701 1049 817 1112 uestra
847 1035 1000 1128 matoria
1027 1049 1058 1110 et
1081 1049 1174 1110 tanta
1199 1061 1255 1110 ras
1282 1037 1413 1110 celerata·

170 1152 216 1227 tis
241 1164 288 1226 est
307 1151 511 1250 proauiam.
565 1146 701 1224 Omnes
727 1147 862 1246 pariter
876 1147 1122 1256 conclamant,
1149 1155 1301 1245 paratos
1326 1147 1432 1245 ipsosr

174 1263 292 1360 sequi;
328 1287 395 1334 nec
430 1260 560 1352 labori,
598 1286 665 1334 nec
704 1258 862 1358 periculo
905 1267 1077 1355 parceret.
1142 1256 1261 1356 Igitur
1293 1258 1410 1356 raptim

174 1397 303 1472 agmen
331 1397 456 1446 cursus
481 1371 596 1469 magis
623 1397 731 1470 quam
757 1368 893 1441 itineris
919 1367 1028 1440 m'odo
1055 1367 1164 1460 ducit,
1184 1394 1233 1441 ne
1245 1379 1409 1441 nocturna

167 1483 320 1579 ⁴quidem
352 1485 470 1580 quiete
505 1481 687 1584 diumum'
703 1480 865 1553 laborem
898 1479 1096 1553 relaxante.
1161 1477 1291 1577 Itaque
1327 1479 1427 1577 quin-t

174 1605 285 1691 genta
311 1593 429 1666 stadia
454 1593 638 1691 processit,
665 1599 951 1690 perventumque
977 1591 1118 1663 eratin
1144 1590 1278 1681 vicum,
1292 1591 1329 1663 in
1353 1613 1407 1685 qno

174 1703 334 1778 Dareum
369 1704 501 1778 Bessus
537 1703 867 1801 comprehenderat.
928 1700 983 1775 Ibi
1017 1699 1138 1775 Melon
1172 1700 1287 1776 Darei
1317 1703 1424 1774 inter-r

175 1840 259 1912 pres
295 1815 481 1913 excipitur.
534 1811 693 1912 Corpore
725 1838 832 1911 aeger
866 1839 941 1887 non
973 1824 1142 1910 potuerat
1168 1839 1303 1912 agmen
1329 1837 1405 1886 asse·

175 1927 246 2021 qui,
274 1935 311 1998 et
338 1926 581 2025 deprehensus
609 1926 789 1998 celeritate
815 1927 926 2024 regis,
953 1926 1179 2024 transfugam
1207 1950 1248 1998 se
1276 1950 1351 1998 esse
1372 1922 1403 1994 si·

122 2091 125 2097 -
175 2038 346 2111 mulabat.
399 2036 457 2109 Ex
482 2038 552 2110 hoc
578 2047 660 2109 acta
686 2038 877 2133 cognoscit.
932 2034 1005 2110 Sed
1035 2036 1195 2132 fatigatis
1222 2032 1421 2109 necessariat

176 2149 277 2244 quies
305 2158 391 2221 erat.
444 2147 570 2244 ltaque
598 2148 743 2221 delectis
770 2150 930 2246 equitum
956 2173 1022 2220 sex
1048 2147 1204 2236 milibuS,
1230 2156 1400 2232 trecentos,

177 2285 267 2357 quos
299 2257 492 2332 Dimachas
532 2260 782 2356 appellabant,
819 2259 1001 2357 adiungit:
1040 2258 1148 2331 dorso
1182 2258 1222 2330 hi
1256 2256 1401 2355 graviora

175 2494 362 2574 stipaverat,
385 2493 414 2546 in
430 2511 483 2574 qua
500 2493 630 2613 scriptura
648 2509 708 2546 cum
725 2512 781 2547 non
814 2493 921 2547 Modius
938 2494 1034 2562 tradit,
1053 2493 1118 2545 item
1137 2490 1222 2546 Snak.
1240 2511 1294 2546 non
1311 2485 1399 2544 inveniri

175 2561 271 2615 imuria
301 2561 410 2615 Medius
444 2562 643 2632 interpoatoris
674 2580 781 2615 manum
815 2561 843 2614 in
864 2562 940 2615 Leid.
963 2563 1041 2616 Voss.
1061 2569 1083 2614 1.
1119 2560 1163 2613 De
1187 2561 1286 2616 nostris
1307 2577 1356 2614 non
1369 2561 1399 2609 est

174 2630 361 2701 perspexisset,
379 2628 455 2683 nimis
468 2629 647 2700 tamenlonge
657 2648 780 2700 progres·
814 2630 843 2683 in
860 2631 940 2683 Bern.
957 2631 984 2683 A
1000 2630 1071 2684 Flor.
1080 2630 1116 2697 A,
1135 2629 1182 2682 sed
1200 2629 1300 2700 legitur
1316 2623 1398 2681 inreli-

174 2717 220 2752 sus
241 2707 283 2752 est
304 2699 476 2769 corrigendo,
503 2716 562 2752 oum
587 2698 674 2768 ipsum
700 2699 781 2752 etiam
815 2698 886 2770 quisz
904 2706 976 2752 certe
995 2699 1085 2755 deesse
1102 2716 1158 2751 non
1175 2716 1255 2769 posse
1273 2713 1356 2752 omnes
1369 2693 1398 2746 iu·

175 2768 285 2821 verbum
303 2784 338 2820 ex
356 2785 409 2838 quo
426 2767 589 2820 accusativus
610 2767 697 2820 Tabas
715 2785 781 2848 pen·
815 2767 947 2837 telligunt.
979 2766 1033 2821 Sed
1049 2767 1162 2820 verbum
1178 2775 1325 2820 extremum
1340 2762 1398 2832 affir-

175 2837 222 2890 det
249 2836 403 2916 amputavit.
446 2835 544 2907 Itaque
578 2853 633 2889 non
663 2835 781 2889 dubitavi
815 2838 918 2902 motat,
950 2853 1010 2889 cum
1035 2835 1064 2888 in
1090 2835 1213 2888 omnibus
1240 2835 1312 2888 libris
1336 2836 1396 2895 esset,

174 2905 231 2958 eius
247 2904 386 2972 iudicium,
406 2922 566 2975 quamquam
583 2904 677 2958 ceteris
695 2904 781 2957 edito·
815 2905 921 2958 Medius
948 2903 1039 2958 scholii
1060 2904 1168 2956 nomine
1196 2903 1247 2956 sibi
1269 2907 1397 2972 suspectum

174 2973 255 3035 ribus,
274 2981 305 3025 ut
322 2973 377 3025 fere
395 2974 463 3026 solet
475 2974 503 3026 in
518 2973 700 3040 deterioribus,
719 2990 780 3043 pro-
815 2972 917 3026 delevit
930 2980 959 3025 et
976 2972 1052 3025 nimis
1066 2971 1157 3025 faciles
1175 2971 1355 3042 astipulatores
1368 2967 1397 3018 in·

174 3043 276 3108 batum,
294 3041 452 3111 relinquere.
471 3041 619 3096 Glareanus
635 3041 779 3095 Arrianum
814 3041 896 3094 venit.
923 3041 1032 3094 Mutata
1046 3039 1264 3112 interpunctione
1282 3039 1342 3092 nihil
1356 3052 1397 3106 opr-

174 3120 310 3164 auctorem
336 3119 440 3163 secutus
466 3111 513 3164 has
547 3112 657 3179 Rtupas
690 3110 778 3177 fuisse,
813 3128 863 3163 nor
880 3109 965 3163 inesse
983 3128 1035 3180 quo
1053 3109 1112 3179 quis
1130 3109 1288 3163 offendatur.
1313 3107 1352 3160 De
1364 3120 1397 3156 ve

172 3197 229 3232 non
257 3178 345 3231 Tabas
367 3196 422 3231 non
439 3179 508 3231 male
526 3179 650 3245 coniecit,
676 3178 723 3232 ubi
746 3179 778 3230 de
814 3179 908 3231 cabulo
926 3181 1041 3248 equidem
1062 3195 1111 3247 pro
1127 3195 1193 3231 scae
1212 3180 1314 3247 quidem
1330 3171 1397 3247 posito

174 3247 264 3326 Dareo
295 3253 373 3324 capto
404 3246 527 3326 nuntium
554 3247 700 3317 acceperit;
732 3247 779 3327 sed
813 3246 874 3300 vide
890 3247 925 3300 ad
943 3261 1011 3312 vm,
1029 3253 1071 3300 27.
1101 3317 1107 3328 ι
1168 3316 1173 3327 ¹
1379 3307 1398 3359 ἁ

171 3314 332 3435 CCCC.
350 3313 692 3452 {alinanllaglflffllt
710 3324 779 3454 lull
813 3320 942 3437 ..lat
959 3324 1056 3453 tttf‘,
1076 3309 1389 3456 atttftttfl

170 3449 204 3504 in
220 3449 308 3503 medio
335 3458 395 3503 sunt
421 3468 437 3503 a
482 3458 635 3504 araetacene
656 3451 684 3504 in
701 3461 778 3522 pote·
848 3455 871 3520 ξ.
891 3459 914 3507 7.
952 3468 1045 3521 apaten
1063 3454 1176 3521 assequi]
1214 3451 1259 3505 Sic
1276 3469 1341 3504 unus
1355 3446 1399 3500 edr-

171 3524 272 3572 statem
289 3517 399 3571 redacta
416 3534 499 3588 usque
517 3520 550 3571 ad
568 3519 685 3572 Mediam
702 3537 779 3590 pera-
813 3520 854 3573 dit
862 3519 977 3586 Medius,
995 3521 1043 3573 sed
1064 3528 1141 3573 extat
1153 3519 1235 3573 etiam
1247 3519 1276 3572 in
1288 3517 1399 3590 plerisque

173 3593 278 3657 gratam
295 3593 324 3638 et
342 3585 449 3656 Caspias
485 3587 541 3656 ylas
558 3587 653 3641 itinere
671 3589 778 3659 petitas,
813 3590 903 3655 codd,
926 3588 1024 3641 nostris
1045 3589 1153 3659 quidem
1175 3596 1288 3658 excepto
1304 3580 1398 3641 susc

173 3654 263 3709 omnia
271 3654 451 3724 praetermisit
461 3605 578 3723 Curtius,
596 3657 650 3710 sive
660 3656 778 3710 consulto
814 3657 943 3710 omnibus.
987 3657 1077 3726 Vulgo
1104 3657 1194 3709 editur
1219 3658 1307 3727 aequi,
1332 3654 1399 3708 minus

173 3723 230 3778 sive
248 3724 321 3794 quod
338 3723 421 3793 magis
444 3725 526 3778 credo
550 3725 612 3794 quia
630 3725 778 3780 Clitarchus
812 3732 894 3793 recte,
912 3743 974 3778 nam
991 3733 1095 3778 secutus
1112 3726 1220 3795 quidem
1236 3732 1296 3778 erat
1378 3735 1397 3771 1¹·

173 3793 224 3846 hac
232 3791 260 3844 in
273 3798 350 3862 parte
362 3792 538 3863 negligentior
551 3794 611 3846 fuit.
629 3794 680 3847 Est
689 3801 778 3846 autem
848 3799 872 3860 §.
891 3803 916 3847 8.
950 3795 1096 3847 Dimastos
1118 3795 1299 3863 appellabant]

172 3861 354 3917 Paraetacene
372 3861 442 3914 inter
459 3862 597 3915 Persidem
615 3871 643 3915 et
660 3861 778 3914 Mediam
813 3863 949 3916 Dimictas
966 3869 1014 3915 aut
1031 3864 1150 3915 dimicas.
1168 3862 1222 3915 Sed
1239 3871 1315 3915 recte
1328 3873 1397 3913 enen·

171 3930 202 3985 in
218 3929 410 3999 longitudinem
433 3939 558 4001 porrecta
578 3938 779 3984 annumeratur·
813 3931 887 3984 davit
909 3929 1062 3987 Glareanus.
1096 3931 1225 4002 Appellat
1249 3929 1329 3983 etiam
1346 3924 1397 3980 Dio

173 4015 227 4070 que
249 4001 283 4053 ab
306 3998 363 4051 aliis
389 3999 509 4065 Persidi,
532 4000 566 4052 ab
587 3999 644 4052 aliis
662 3998 776 4066 Mediae,
813 4000 893 4053 dorus
910 4014 940 4065 v,
959 4006 990 4052 33
1012 3997 1139 4078 ὃιμάχαε,
1159 3999 1205 4070 qui
1223 3999 1279 4052 lere
1296 3996 1397 4052 solebat

171 4084 206 4121 ac
223 4067 315 4121 Tabae
340 4066 466 4138 oppidum
487 4067 604 4121 Persidis
630 4075 707 4121 vocat
725 4067 777 4121 Po·
812 4065 937 4136 ἅμιπποι
957 4085 1053 4121 vocam.
1085 4067 1169 4121 Plura
1194 4065 1340 4122 commixtis
1373 4077 1396 4112 ⁰·

171 4134 259 4205 lybius
276 4150 361 4202 xxxr,
381 4143 422 4190 11.
812 4135 929 4190 sterioris
946 4136 1040 4189 aetatis
1055 4135 1184 4189 institutis
1199 4136 1259 4190 vide
1305 4080 1395 4187 odill-

209 4206 232 4270 §.
251 4211 275 4257 8.
293 4205 439 4273 Bupistane
457 4205 613 4274 Babylonio]
637 4204 682 4258 Sic
698 4204 776 4258 codd.
812 4204 897 4259 lucem
914 4220 939 4272 1,
962 4222 984 4258 o.
1013 4211 1044 4258 10
1067 4207 1170 4272 §.132
1206 4204 1393 4276 Appelabaatt

192 4270 294 4341 lerique
311 4290 403 4325 omnes
421 4281 449 4326 et
466 4274 594 4327 Arrianus
611 4273 657 4326 lib.
675 4288 720 4340 111,
736 4279 776 4326 21.
811 4290 941 4328 consensu
968 4272 1083 4326 omnium
1110 4272 1234 4326 librorum
1259 4288 1317 4325 mss.
1338 4263 1392 4321 aad

172 4289 264 4409 C’ulgo
282 4341 366 4393 edunt
381 4343 555 4463 Bagpstteae.
811 4361 859 4464 gro
877 4342 948 4412 vulg.
966 4344 1117 4411 appellaat;
1140 4348 1199 4395 erat
1221 4340 1300 4394 etiam
1319 4349 1391 4391 seelu-

422 4428 435 4462 r

207 4424 260 4461 aaa
277 4412 404 4479 equidem]
454 4429 488 4464 oa
505 4413 596 4465 abesse
608 4428 625 4466 a
638 4408 691 4465 suis
703 4409 776 4464 libris
830 4429 874 4464 um
891 4410 1035 4465 Arrianum
1051 4424 1102 4480 111,
1120 4415 1152 4464 21
1171 4410 1223 4465 hoc
1240 4424 1318 4482 genus
1332 4398 1390 4473 equi·
