2926 5174
108 305 183 377 260
579 325 612 389 o.
640 324 764 378 curru
788 327 873 379 auru

108 518 237 581 cuncta
270 507 461 604 cognoscit.
512 506 720 606 Rursusque
747 511 874 584 institit
899 534 1084 607 quaerere,
1114 518 1249 605 quotus
1274 507 1337 581 dies

109 629 219 709 esset,
246 644 292 693 ex
319 645 389 718 quo
414 617 649 700 Nicomachus
675 621 722 693 ad
749 647 830 695 eum
856 620 1041 694 detulisset
1066 619 1252 692 indicium.
1284 617 1369 691 Ata

110 755 179 826 que
204 731 264 804 illo
290 733 443 821 fatente,
468 731 540 804 iam
566 732 711 805 tertium
738 759 825 825 esse,
853 732 1077 821 existimans,
1112 730 1215 804 haud
1240 731 1337 803 incor-

107 852 216 940 mpta
249 840 320 915 fide
352 851 454 915 tanto
485 854 569 940 post
601 842 739 917 deleme
772 870 861 942 quae
897 844 1074 934 audierat,
1109 843 1240 915 vinciri
1269 869 1337 916 cum

107 952 269 1027 iusserat
321 953 385 1028 Ille
416 954 598 1028 clamitare
629 957 761 1053 coepit,
796 956 922 1029 eodem
954 954 1129 1053 temporis
1156 964 1367 1043 momentana

110 1090 181 1161 quo
207 1064 380 1155 audisset,
408 1064 455 1137 ad
480 1064 648 1139 Philotan
674 1066 887 1141 decurrisse:
920 1066 966 1140 ab
992 1090 1036 1140 eo
1061 1076 1334 1164 percontaretur.

107 1175 189 1250 Rex
219 1177 306 1251 item
336 1201 526 1274 quaerens,
559 1204 605 1251 an
631 1178 799 1252 Philotan
830 1178 979 1269 adisset,
1013 1203 1062 1249 an
1088 1176 1280 1251 institisset
1302 1177 1366 1266 eia

105 1298 148 1362 ut
172 1289 400 1386 pervenirent
425 1287 472 1360 ad
499 1314 547 1380 se,
574 1301 826 1388 perseverante
853 1315 896 1363 eo
922 1290 1103 1363 affirmare
1132 1315 1228 1386 quae
1252 1288 1333 1361 dixe

106 1411 182 1492 rat,
207 1426 334 1474 manus
361 1399 408 1474 ad
434 1400 573 1474 coelum
598 1401 767 1492 tendens,
798 1402 1025 1474 manantibus
1051 1401 1229 1492 lacrimis,
1259 1401 1334 1473 hans

106 1514 173 1587 sibi
200 1540 223 1586 a
249 1511 430 1585 carissimo
462 1513 642 1608 quondam
674 1514 867 1588 amicorum
897 1514 1047 1586 relatam
1078 1513 1333 1609 gratiamque·

106 1624 263 1699 rebatur.
315 1622 415 1698 Inter
445 1623 533 1697 haec
558 1623 726 1715 Dimnus,
757 1623 856 1697 haud
886 1624 1030 1720 ignarus
1057 1649 1172 1721 quam
1199 1623 1246 1697 ob
1269 1638 1361 1694 cauda

107 1760 189 1809 sam·
217 1745 459 1810 accerseretur
491 1760 513 1807 a
542 1761 643 1835 rege,
675 1734 812 1833 gladio,
850 1760 920 1831 quo
956 1735 1050 1807 forte
1089 1745 1172 1807 erat
1206 1736 1330 1821 cinctus,

105 1847 263 1945 graviter
295 1872 333 1920 se
359 1847 541 1936 vulnerat,
575 1872 794 1944 occursuque
826 1846 1018 1919 satellitum
1044 1845 1239 1937 inhibitus,
1269 1867 1329 1942 per·

63 1982 70 1993 ’
105 1960 219 2032 fertur
243 1959 281 2031 in
306 1958 451 2056 regiam.
507 1955 621 2047 Quem
646 1958 789 2030 intuens
814 1981 899 2046 reX,
936 1954 1035 2040 Quod
1042 2013 1052 2050 ,
1087 1957 1224 2055 inquit,
1249 1957 1282 2030 ia
1302 1968 1357 2044 tall

104 2069 246 2162 Diana,
281 2083 408 2143 tantam
439 2070 581 2169 aopitaca'
610 2073 719 2172 nefas,
750 2082 787 2142 at
820 2069 877 2142 rat
906 2067 1135 2142 Macedonum
1168 2094 1266 2170 repas
1292 2066 1327 2140 di·

102 2181 202 2280 9aa'ar
226 2181 372 2256 Philotas
403 2206 456 2253 rac
484 2207 617 2281 qaoque
650 2179 940 2279 provideretur?
979 2178 1086 2251 Illum
1112 2181 1188 2253 iam
1216 2180 1326 2254 defece·

80 2301 162 2363 rat
193 2316 277 2372 vox.
329 2291 455 2389 Itaque
490 2292 586 2365 edito
612 2292 756 2389 gemitu,
782 2292 955 2388 vultuque
980 2315 1003 2361 a
1028 2303 1229 2389 conspectu
1253 2289 1325 2388 regis

107 2426 245 2491 averso,
272 2402 422 2476 subinde
450 2403 626 2501 collapsus
654 2402 883 2500 extinguitur.

57 2517 104 2588 28
209 2512 298 2606 Rex,
325 2513 468 2587 Philota
492 2515 615 2588 venire
638 2513 677 2585 in
702 2513 837 2611 regiam
861 2513 975 2603 iusso,
1002 2508 1196 2608 Cebalinas,
1221 2512 1351 2610 inquit³1

105 2624 257 2700 adimam
291 2625 495 2726 suppliciam
527 2626 679 2715 maritas,
714 2625 746 2699 si
779 2624 816 2697 ta
849 2636 950 2721 rapat
982 2649 1095 2698 naam
1117 2636 1324 2726 praeparatas

104 2736 248 2812 iaaidras
278 2736 376 2811 biduo
415 2737 507 2829 tecit,
546 2736 645 2809 baira
676 2734 826 2809 criminis
851 2734 1004 2810 Ptibaa
1041 2761 1141 2810 ream
1175 2732 1322 2820 saraca

104 2850 152 2923 ad
190 2874 286 2948 qaam
314 2849 470 2950 pratims
501 2847 664 2922 indiciam
696 2845 847 2920 demlbse
877 2871 912 2920 se
943 2847 1102 2948 affirmat.
1167 2845 1240 2931 Qua
1262 2868 1322 2944 pra

14 3058 17 3065 Ι
97 2963 195 3061 piore
222 2961 337 3061 prada
370 2960 535 3035 amataae
565 2982 618 3032 aaa
644 2957 819 3056 coatiapis,
850 2957 908 3031 bac
941 2958 1053 3032 ataias
1078 2972 1130 3033 ast
1155 2956 1322 3035 asama·

139 3146 204 3215 Cap.
223 3153 266 3213 27,
284 3150 309 3211 s.
327 3151 369 3199 26.
391 3145 488 3199 vinciri
505 3160 562 3197 eam
579 3143 704 3213 iusserat]
775 3145 798 3210 ξ.
816 3147 857 3196 28.
884 3151 912 3195 at
927 3144 1092 3211 pervenirent
1110 3147 1208 3213 adse,
1226 3141 1324 3199 nimirum

105 3215 225 3293 Iusserat
243 3212 349 3294 quidem
370 3216 416 3267 sed
439 3231 501 3267 mox
518 3229 546 3266 se
562 3211 706 3265 revocavit.
740 3228 815 3332 quae·
829 3210 930 3265 audisse
958 3227 986 3263 se
1011 3210 1132 3294 diceret.⁸
1170 3213 1214 3267 De
1245 3211 1324 3290 duobus

104 3282 165 3337 Hoc
181 3289 251 3335 mest
263 3301 289 3334 m
301 3281 562 3353 plusquamperfecto
576 3287 705 3360 tempore,
752 3281 866 3333 rutubus
883 3296 959 3333 nemo
968 3279 1033 3332 veht
1045 3280 1207 3352 rutellsgere,
1223 3292 1324 3354 quomm

104 3349 207 3403 etiamsi
223 3352 276 3402 iam
293 3367 347 3404 non
364 3351 486 3417 addatur,
502 3367 555 3420 quo
565 3366 617 3402 non
628 3348 706 3401 mtel·
740 3349 774 3401 de
790 3347 874 3401 altero
891 3347 1026 3400 nulladum
1043 3349 1235 3418 mentiofacta,
1245 3357 1271 3402 et
1277 3362 1323 3417 per·

105 3418 175 3472 lecto
192 3417 253 3470 olim
266 3426 425 3473 correctores
443 3421 522 3472 iussit
535 3417 706 3471 scribendam
741 3422 825 3469 ventre
846 3417 880 3469 de
908 3415 939 3469 iis
962 3433 1030 3486 quae
1051 3417 1162 3472 auribus
1184 3418 1324 3491 redduntur

106 3495 271 3540 censuerunt.
296 3486 349 3540 Sed
361 3505 453 3541 verum
465 3493 584 3558 superest
595 3484 706 3538 inLeid.
739 3484 823 3554 magis
840 3501 874 3538 ex
891 3502 940 3538 usu
952 3484 1110 3539 Latinitatis
1123 3487 1238 3542 videtur.
1255 3483 1323 3551 Vulgo

106 3555 206 3610 Vossl
227 3556 374 3637 (tussitat)
394 3553 705 3610 ethrn.AFlor.AB.
735 3556 884 3622 perveniret
901 3552 1002 3620 editur,
1028 3554 1076 3607 sed
1103 3555 1235 3626 pluralem
1254 3565 1323 3608 numa

15 3680 18 3685 ,
139 3626 161 3692 5.
179 3630 221 3677 2⁷.
257 3627 295 3677 ad
310 3624 444 3692 Philotan]
476 3624 521 3678 Sic
537 3640 597 3676 mss.
616 3639 705 3676 omnes
739 3639 798 3674 rum
822 3622 904 3675 Bern.
926 3629 1037 3692 uterque
1058 3621 1134 3677 Flor.
1151 3625 1255 3679 ABEH
1267 3617 1323 3675 laid

104 3692 201 3745 habere
218 3699 329 3746 annotat
346 3690 563 3762 Snakenbmgius
584 3690 655 3771 quqd
672 3691 705 3770 de
739 3691 816 3745 Voss.
836 3697 849 3744 l
869 3708 928 3744 cum
944 3690 1008 3743 edit.
1025 3690 1103 3745 Mod.
1121 3700 1265 3763 praestant.

103 3761 111 3813 i
132 3759 184 3814 ⁸5¹1⁸
201 3759 705 3832 paucisintelligo,namplur1m1qm·
775 3796 798 3861 ς.
817 3799 858 3847 31.
889 3794 965 3847 biduo
984 3794 1058 3860 texit]
1087 3792 1155 3849 Non
1172 3812 1265 3866 sequor
1278 3786 1322 3845 bl

122 3846 164 3883 em
181 3828 266 3882 nostri
282 3860 316 3871 —
335 3847 378 3883 am
395 3829 529 3883 exhibent.
553 3827 607 3881 Sed
624 3828 704 3881 Bem.
740 3861 926 3916 nonnullorum
942 3862 1071 3915 bonomm
1090 3865 1170 3918 codd⁸
1187 3863 1258 3918 [ὠά
1269 3859 1322 3914 plor,

103 3899 310 4035 lustras
327 3896 705 4021 saturnana
1020 3928 1094 3984 ur-
1112 3931 1207 3986 sm
1223 3923 1321 3986 ...a

104 4037 127 4154 q.
144 4041 192 4102 rr,
219 4033 265 4088 uu
291 4044 319 4088 es
335 4035 407 4089 nor.
424 4034 448 4089 s
466 4032 574 4088 aeaut.
611 4031 652 4086 cf.
670 4033 705 4085 aa
739 3997 1127 4138 fflffimoeffifwfflffi
1142 4001 1322 4124 ,fflffi

115 4102 218 4224 ibabweb
226 4102 430 4225 prdllccdntaretar
475 4169 607 4222 Mendose
623 4168 704 4222 Bem.
739 4134 901 4257 {iatr'eigiiaih
913 4151 1004 4256 vssmm
1021 4134 1088 4188 lund
1106 4155 1162 4192 ”⁰¹¹
1179 4154 1234 4193 ⁰⁸⁸⁰
1248 4151 1273 4190 ω
1285 4145 1320 4203 μ’

104 4245 232 4316 ιηθιτῃιιιΙ
248 4238 404 4293 loannes
441 4240 622 4307 abrepercam
640 4247 705 4290 arta.
821 4222 883 4319 ,ἕω
901 4222 951 4258 ⁰³·
1188 4308 1195 4322 ι

104 4305 624 4445 lffttalttttt‘303sta0l.
637 4305 704 4427 bt.
739 4306 898 4428 nullibi?
918 4305 1318 4432 stltdtttlttttt

105 4440 216 4494 feliciter
232 4441 314 4496 venit.
740 4444 871 4497 Philotam
888 4450 916 4498 et
931 4449 1039 4513 praetor
1056 4443 1109 4500 OG
1126 4445 1258 4501 cansam
