2926 5174
183 291 256 362 134
432 318 439 327 ·
652 302 686 366 a.
714 301 838 354 cuarn
863 303 948 354 000

179 488 362 567 cumfimdi
391 487 619 584 paucioribus
650 510 766 583 posse.
826 482 909 557 Non
941 485 979 557 in
1006 481 1147 561 Ciliciae
1181 489 1343 584 angustiis
1364 501 1421 563 eta

178 603 283 676 inviis
323 600 490 688 calhbus,
530 596 595 671 sed
632 597 671 669 in
709 605 834 693 aperta
873 606 910 669 et
948 596 1022 668 lata
1059 598 1205 694 planitie
1239 597 1392 674 dimicare.

181 710 316 786 Omnes
350 711 425 783 fere
456 707 684 781 Parmenioni
722 707 1026 779 assentiebantur:
1063 706 1288 806 Polypercon
1317 710 1424 783 haudr

180 821 287 895 dubie
313 821 350 892 in
377 845 421 893 eo
448 819 595 892 consilio
621 818 775 916 positam
801 818 988 890 victoriam
1014 817 1266 892 arbitrabatur.
1302 817 1427 909 Quane

180 934 324 1005 intuens
361 950 443 1020 rex,
480 954 634 1026 namque
669 928 959 1018 Parmenionem,
996 952 1111 1026 nuper
1152 930 1269 1004 acrius
1311 956 1398 1027 quan

178 1045 290 1117 vellet
314 1040 545 1138 increpitum,
571 1066 695 1114 rursus
723 1041 898 1137 castigare
923 1064 998 1111 non
1023 1038 1240 1131 sustinebat,
1274 1042 1399 1118 Latran

180 1155 347 1242 rubrum,
373 1152 506 1248 inquit,
541 1165 571 1226 et
594 1154 719 1252 faretra
746 1152 810 1224 iata
835 1149 978 1224 sollertia
1004 1162 1068 1240 est,
1099 1175 1202 1248 quarn
1221 1153 1399 1253 mutabilia

180 1264 282 1356 ntnt,·
318 1263 441 1362 quippe
475 1263 608 1338 illoram
637 1275 749 1337 notam
779 1261 915 1335 anicani
949 1272 997 1333 est
1019 1259 1152 1361 fallere.
1214 1262 1428 1338 1110000000

176 1377 305 1477 pbriae
342 1399 473 1472 semper
508 1387 567 1447 ant
602 1375 783 1447 obaeratam
815 1370 960 1475 Darei,
981 1382 1039 1443 aar
1070 1371 1244 1470 caprarius
1270 1373 1401 1466 tanna

181 1501 241 1561 ant
254 1489 391 1588 fartam
415 1485 518 1559 riaetis
544 1486 669 1560 abamre
695 1510 762 1559 nan
780 1484 919 1583 patiar:
945 1481 1067 1580 palata
1093 1481 1163 1555 laice
1188 1485 1329 1582 appredi
1349 1510 1401 1558 eer-

181 1610 252 1671 000
286 1609 349 1670 eat.-
383 1596 471 1670 aab
506 1621 558 1669 rae
580 1598 741 1697 fortunae
761 1594 944 1694 poeniteat,
979 1617 1081 1690 quara
1106 1593 1263 1668 nietam
1282 1596 1400 1694 patalen

180 1707 243 1783 Aa
266 1707 345 1780 haec
371 1706 456 1780 illud
482 1731 609 1806 qaoque
634 1705 777 1780 accedit.-
802 1703 936 1804 cipilias
961 1726 1059 1802 apere
1084 1703 1448 1783 barbaroaetinar·1⁰

182 1819 248 1892 naas
273 1829 370 1910 arare,
395 1830 433 1891 nt
457 1843 498 1890 ne
524 1817 634 1916 deebi
659 1817 792 1916 qnidam
812 1816 953 1915 possita,
979 1826 1181 1910 compertam
1199 1816 1317 1892 100000.
1351 1817 1402 1891 Ita·

183 1954 246 2030 que
278 1930 326 2003 ad
353 1918 531 2028 praeliata*
554 1954 612 2003 aaa
640 1941 773 2028 parate.
837 1923 895 1999 Sic
920 1925 1086 1998 incitatos
1113 1924 1160 1997 ad
1188 1951 1339 2025 corpora
1359 1953 1403 2000 cu·

180 2038 296 2113 randa
322 2040 464 2112 dimisit.

129 2153 177 2224 48
282 2149 422 2223 Dareus
447 2149 501 2240 id,
539 2149 636 2246 quod
661 2148 851 2223 Parmenio
878 2159 1050 2240 suaserat,
1075 2151 1221 2223 hostem
1247 2152 1439 2223 facturuml!

181 2285 260 2335 esse
287 2261 502 2350 conlectam,
528 2261 687 2332 frenatos
714 2286 825 2357 equos
852 2271 958 2350 stare,
983 2285 1223 2359 magnamque
1247 2260 1406 2335 exercitu
1447 2314 1453 2325 .

180 2382 321 2469 partem
355 2370 393 2442 in
429 2370 535 2442 armis
569 2394 663 2460 esse,
699 2395 740 2442 ac
775 2372 914 2469 vigilias
945 2372 1138 2445 intentiore
1175 2398 1264 2447 cura
1291 2369 1407 2445 servari
1447 2370 1450 2377 '

179 2483 349 2556 iusserat:
377 2506 463 2578 ergo
489 2481 631 2578 ignibus
659 2489 737 2552 tota
763 2481 839 2554 eius
866 2492 984 2554 castra
1009 2482 1205 2578 fulgebant.
1247 2481 1329 2581 lpse
1341 2504 1407 2554 cum

183 2592 333 2664 ducibus
368 2591 647 2692 propinquisque
680 2593 823 2688 agmina
854 2592 891 2663 in
924 2592 1032 2664 armis
1067 2593 1242 2665 stantium
1269 2590 1441 2665 circumi-¹

180 2703 262 2794 bat,
299 2700 419 2776 Solem
454 2712 491 2774 et
521 2701 678 2774 Mithran
714 2727 925 2799 sacrumque
960 2712 997 2774 et
1031 2712 1222 2775 aeternum
1253 2704 1408 2776 invocans

214 2900 270 2961 §.a
281 2896 419 2966 dimicare]
431 2893 516 2949 Codd.
528 2893 648 2964 plerique
657 2909 747 2946 omnes
757 2901 785 2947 et
819 2894 974 2947 melioribus
1008 2892 1082 2946 libris
1113 2911 1175 2947 msa
1208 2895 1348 2949 restitutus
1369 2907 1412 2945 000

178 2965 239 3017 edd.
266 2972 332 3017 vett.
357 2962 492 3016 Vindelini
519 2961 663 3035 Spirensis,
690 2961 784 3014 Barth.
819 2962 907 3016 utitur
924 2962 988 3030 alia,
1006 2979 1056 3015 nec
1072 2960 1177 3029 Livius,
1197 2980 1250 3018 nec
1267 2964 1356 3018 Cicero
1370 2957 1413 3012 nisi

178 3032 299 3087 Merulae
316 3032 417 3085 habent
435 3034 604 3097 dimicarent,
623 3031 693 3082 unde
714 3038 784 3096 0000,
819 3048 874 3084 000
892 3031 1003 3098 locaad
1020 3033 1079 3084 Att.
1089 3044 1130 3095 11,
1146 3037 1161 3084 9
1180 3049 1222 3100 pr.
1244 3032 1354 3086 assentio
1366 3028 1412 3082 tibi.

178 3109 210 3154 ut
228 3101 340 3171 opinor,
365 3101 415 3154 feci
434 3103 560 3154 dimicare
579 3105 625 3166 (sc.
645 3097 690 3168 qui
710 3098 785 3150 dimi-
856 3103 878 3166 §.
898 3106 921 3152 9.
957 3101 1025 3152 malo
1055 3115 1095 3151 me
1121 3100 1257 3168 fortunae
1284 3096 1411 3170 poeniteatl

179 3178 285 3236 carent,
310 3185 401 3238 regem
426 3176 455 3220 et
479 3168 652 3232 exercitum),
679 3166 786 3219 namin
821 3166 908 3221 Codd.
925 3167 1000 3221 Laid.
1018 3167 1096 3220 Voss.
1116 3173 1140 3221 1.
1162 3173 1177 3220 2
1196 3168 1340 3222 Reman
1354 3164 1411 3219 na.

177 3237 307 3290 eiusmodi
324 3235 554 3290 terminationibus
577 3236 719 3287 verborum
738 3236 785 3287 ad·
820 3234 949 3290 ABCEH
965 3253 1037 3288 meae
1045 3237 1132 3304 fort,
1160 3234 1187 3288 G
1204 3254 1246 3290 rae
1264 3237 1411 3305 necesaria

180 3305 273 3357 dandis
297 3304 379 3357 etiam
402 3303 496 3373 optimi
523 3304 600 3357 codd.
627 3303 700 3354 haud
724 3321 786 3356 raro
820 3320 870 3358 nec
886 3313 974 3357 tamen
992 3303 1130 3373 vulgatum
1148 3305 1273 3359 deserere
1291 3303 1372 3358 velim

179 3372 300 3424 mendosi
328 3378 398 3424 sunt.
442 3371 532 3440 Vulgo
564 3378 627 3440 post
662 3370 786 3423 Aldinam
856 3375 938 3440 §.10.
963 3382 1117 3441 compertam
1134 3368 1228 3441 natet]
1253 3373 1331 3427 Haec
1344 3369 1411 3425 verba

180 3438 270 3491 editur
288 3441 465 3491 dimicandum
474 3441 554 3507 sore,
579 3439 651 3507 quod
670 3439 697 3490 in
714 3439 785 3492 Flar.
821 3440 909 3494 omisit
934 3440 1057 3506 Modius,
1091 3440 1124 3492 ab
1151 3440 1348 3512 interpolatore
1367 3451 1410 3493 esst

179 3507 210 3560 H
226 3506 333 3558 videtur
346 3506 483 3558 inventum
499 3523 564 3573 esse,
579 3507 704 3586 quoniam
721 3507 787 3560 nihil
820 3517 900 3561 ratus.
937 3508 991 3562 Sed
1013 3509 1139 3578 leguntur
1156 3509 1184 3561 in
1203 3509 1327 3564 omnibus
1343 3505 1408 3569 litiis,

180 3591 215 3627 ex
232 3590 265 3626 eo
283 3592 300 3627 0
322 3574 394 3643 vulg.
418 3574 547 3644 scriptura
569 3576 701 3628 diversum
723 3592 785 3629 eno·
820 3585 848 3628 00
866 3584 1019 3643 auctorem,
1046 3577 1067 3630 si
1091 3577 1163 3630 istud
1189 3578 1333 3646 voluisset,
1357 3581 1409 3656 puta

180 3649 269 3696 tatum
287 3649 335 3696 est.
819 3644 978 3715 scripturum
1001 3645 1082 3698 fuisse
1103 3648 1174 3714 qaod
1190 3647 1304 3700 barbari
1320 3643 1408 3716 cipitur

215 3714 238 3779 ς.
259 3718 282 3764 7.
317 3713 527 3765 assentiebantur
550 3713 626 3766 codd.
644 3712 716 3765 Flor.
734 3714 784 3766 AB
820 3723 910 3783 ayant,
929 3731 984 3766 000
1002 3715 1128 3767 barbaros
1145 3716 1196 3784 riq.
1217 3732 1306 3784 apere.

179 3768 261 3834 Bern.
279 3781 305 3832 A
322 3786 351 3832 et
368 3779 496 3832 Modiana
513 3780 603 3834 editio.
621 3782 695 3833 Idem
704 3781 784 3851 vulgo
855 3781 894 3835 Ca
914 3822 919 3834 .
938 3788 981 3850 48,
1001 3785 1023 3850 §-
1044 3789 1083 3834 11.
1119 3783 1150 3834 id
1166 3786 1238 3851 qaod
1253 3783 1343 3836 Parra.
1358 3794 1406 3833 sat·

179 3848 223 3903 edi
250 3848 336 3902 solere
353 3849 431 3902 docet
450 3847 548 3916 Snak.,
574 3849 621 3902 sed
643 3849 785 3919 inquibus
819 3800 912 3920 serati
922 3849 966 3904 Sic
983 3866 1072 3903 omnes
1090 3857 1118 3903 et
1135 3850 1187 3903 mei
1204 3858 1235 3905 et
1253 3849 1332 3903 Snalr.
1348 3843 1404 3910 libri

178 3908 375 3987 exehrplaribus
389 3916 453 3970 mihi
466 3935 521 3970 000
538 3918 632 3988 liquet,
651 3935 699 3972 nec
712 3918 785 3971 iuvat
819 3918 900 3988 vulgo
919 3921 988 3972 illud
1003 3922 1079 3988 quad.

180 4002 307 4057 quaerere
338 4004 397 4040 cum
432 3985 459 4038 in
487 3996 615 4056 quattuor
640 3987 784 4054 veteribus,
854 3989 877 4054 §.
897 3994 937 4040 12.
966 3989 1052 4041 Solem
1069 3997 1093 4041 ct
1109 3987 1239 4056 Mithran]
1269 3987 1337 4040 Edd.
1351 3987 1403 4037 vett

178 4055 275 4126 quibus
293 4072 344 4125 ego
362 4062 425 4108 utor
442 4061 505 4107 ante
521 4055 676 4108 Modianam
686 4096 693 4122 ,
704 4054 785 4111 ,inve-
820 4056 906 4108 Solem
916 4066 940 4108 et
950 4057 1076 4124 Martem,
1088 4057 1173 4110 donec
1187 4056 1296 4110 Medius
1304 4055 1401 4108 Murra

178 4123 264 4175 nerim
281 4124 466 4178 assentiebant.
502 4122 556 4177 Sed
577 4123 600 4177 si
617 4123 662 4194 qui
679 4133 786 4194 praeter
819 4123 926 4178 elibris
944 4124 1036 4192 bonis,
1059 4124 1155 4179 nostns
1165 4124 1283 4245 Iquidem
1299 4116 1401 4177 Baras

178 4190 299 4244 Medium
325 4191 410 4244 edidit
427 4192 641 4261 deponentialem
663 4193 784 4258 formam,
819 4191 890 4246 Flor.
908 4193 957 4246 AB
976 4193 1133 4246 emendavit.
1192 4192 1318 4247 eteriorea
1339 4184 1400 4242 codd

179 4275 241 4312 cum
268 4276 316 4313 000
335 4278 351 4312 0
369 4258 464 4313 ceteris
481 4276 565 4315 0000
582 4260 785 4330 Snakenburgio
819 4260 891 4313 Flor.
915 4269 943 4314 et
969 4262 1101 4315 Rern-B
1127 4263 1262 4316 meridiem
1287 4257 1399 4315 auant

178 4344 287 4380 suorum
325 4328 445 4382 codicum
484 4328 608 4398 suffragia
648 4337 786 4398 premente
819 4330 893 4380 Idem
910 4330 1114 4385 tamcnltlodius
1129 4329 1249 4384 codicum
1266 4336 1399 4382 consensum

178 4394 299 4465 oportuit
316 4395 417 4465 ‹leseri3
441 4412 503 4448 nam
521 4397 629 4452 Curtius
648 4397 787 4467 quideme
819 4396 947 4453 mentitus
973 4398 1185 4453 coniunctionem
1210 4397 1312 4464 omisit,
1342 4387 1398 4464 (1¹1⁰d
1432 4446 1438 4457 .
