2926 5174
182 290 230 365 98
654 308 688 370 o.
717 307 842 359 ccsrrr
867 309 953 360 aum

181 502 269 584 erat,
294 515 442 563 manare
467 492 609 588 longius
636 492 763 589 coepit,
790 503 827 564 ct
851 493 994 582 vulnus,
1008 488 1106 587 quod
1135 499 1290 586 stupens
1317 487 1418 559 adhuc

180 604 343 679 dolorem
373 630 447 678 non
472 611 651 692 moverat,
683 603 837 699 frigente
869 601 1042 699 sanguine
1066 601 1254 674 intumuit.
1307 597 1418 695 Linqui
1430 618 1449 666 a

181 715 312 790 deinde
337 718 468 805 anime,
495 724 532 787 et
558 713 720 785 submitti
752 738 848 811 genu
875 713 1008 809 coepit:
1044 737 1153 809 quem
1186 709 1347 809 proximi
1370 735 1418 783 err·

182 837 327 926 ceptum
357 830 395 902 in
430 836 549 898 castra
582 835 803 921 receperunt.
855 821 905 895 Et
929 821 1028 895 Betis
1060 823 1299 895 interfectum
1333 831 1417 892 ratus

181 939 310 1012 urbem
337 962 450 1012 ovans
478 935 629 1008 victoria
653 937 794 1032 repetit.
1284 947 1292 960 ·

131 1049 179 1122 28
284 1049 337 1124 At
369 1045 595 1138 Alexander,
633 1046 796 1120 nondum
831 1054 1021 1144 percurato
1046 1044 1217 1133 vulnere,
1254 1061 1446 1141 aggerente

181 1185 252 1259 quo
284 1160 465 1235 moenium
499 1156 725 1231 altitudinem
760 1167 950 1254 aequaret,
986 1154 1169 1243 extruxit,
1197 1154 1417 1252 pluribusque

181 1272 353 1345 cuniculis
386 1295 509 1342 muros
543 1270 667 1342 subrui
700 1269 814 1342 iussit.
867 1264 1046 1366 Oppidani
1080 1264 1129 1337 ad
1160 1264 1358 1362 pristinum
1377 1266 1446 1338 fae

180 1384 325 1482 stigium
350 1382 531 1455 moenium
556 1407 693 1454 novum
719 1392 912 1454 extumere
938 1378 1214 1465 munimentum,
1233 1374 1308 1457 sed
1327 1401 1370 1449 ne
1389 1376 1418 1449 id

181 1493 327 1590 quidem
358 1506 475 1565 turres
508 1493 630 1588 aggari
673 1492 857 1590 impositas
891 1499 1036 1589 poterat
1074 1512 1246 1583 aequare.
1310 1486 1417 1584 ltaque

179 1606 352 1678 interiora
387 1628 529 1701 quoque
562 1603 660 1686 urbis
691 1604 821 1675 infesta
853 1603 934 1676 telis
969 1609 1083 1675 erant.
1146 1596 1291 1671 Ultima
1324 1599 1458 1705 pestistt¹

180 1716 280 1789 urbis
306 1715 375 1788 fuit
400 1715 563 1787 cuniculo
590 1714 762 1788 subrutus
787 1740 922 1803 murus,
947 1737 1013 1811 per
1038 1710 1140 1783 errius
1166 1710 1297 1783 ruinas
1322 1711 1415 1783 hostis

180 1826 338 1900 intravit.
390 1825 558 1899 Ducebat
581 1825 658 1922 ipse
684 1851 751 1898 rex
776 1825 1045 1922 antesignanosr,
1073 1832 1112 1895 et
1138 1819 1232 1894 dum
1257 1820 1415 1893 incautius

180 1938 294 2028 subit,
328 1963 417 2012 saxo
445 1963 526 2010 crus
553 1937 628 2008 eius
661 1935 839 2033 affligitur.
890 1934 1040 2006 Innixus
1066 1942 1194 2023 tamen
1221 1934 1317 2023 telo,
1349 1944 1441 2005 non-tt

180 2169 329 2225 scriberent
349 2172 440 2227 leuna
470 2170 578 2226 Modius
596 2169 691 2223 deinde
709 2169 786 2225 eiecit
821 2169 955 2222 submittit
974 2183 1063 2237 genus
1084 2182 1120 2220 ex
1138 2183 1181 2236 gr.
1201 2167 1247 2221 ele
1265 2169 1360 2222 huntus
1373 2183 1415 2220 cun

180 2237 263 2290 verba
279 2237 347 2293 haee
361 2254 414 2309 quo
428 2248 543 2299 retentus
561 2249 631 2305 erut,
649 2247 786 2309 tamquam
820 2253 947 2290 sessorem
967 2235 1075 2305 recipit,
1103 2243 1133 2287 et
1157 2253 1188 2288 se
1212 2255 1248 2291 su
1293 2239 1344 2291 ittit
1363 2233 1414 2304 (vide

179 2303 409 2374 interpretationis
425 2322 505 2361 eunte
521 2307 545 2360 ei
560 2308 632 2377 quod
644 2306 787 2376 praecessit
821 2304 944 2359 Curtium
951 2319 1016 2370 vm,
1032 2310 1066 2356 50
1076 2301 1137 2356 coll.
1147 2318 1193 2370 v1,
1205 2311 1254 2370 17)
1274 2303 1415 2360 etsubrttt'ttt'·

180 2390 340 2442 suppressus
357 2375 619 2445 mmrdsadscripta,
633 2374 786 2455 invenitque
821 2384 864 2427 tur
886 2372 931 2453 qui
951 2372 979 2425 in
1000 2380 1101 2444 terram
1118 2373 1155 2434 sse
1176 2373 1298 2429 inclinat
1318 2388 1415 2444 autpte

179 2439 342 2494 imitatorem
371 2440 587 2497 Freinshemium.
641 2443 695 2496 Sed
725 2445 786 2496 vrde
820 2442 934 2508 cumb1t;
956 2448 1089 2511 putatque
1107 2438 1270 2497 Gronovius
1290 2463 1359 2514 penu
1374 2457 1416 2496 tun

179 2525 245 2563 num
262 2509 300 2563 si'c
312 2509 482 2580 interpretari
496 2511 579 2582 possis
597 2520 628 2565 ut
640 2511 785 2582 intelligas:
820 2512 902 2564 verbo
919 2508 1022 2580 passivo
1046 2507 1085 2561 sic
1106 2508 1163 2563 dici
1181 2519 1217 2565 ut
1236 2512 1357 2570 Suetonii
1370 2507 1416 2564 illul

180 2579 292 2647 sanquis
319 2595 369 2647 quo
401 2580 486 2649 mopis
514 2590 628 2634 retentus
645 2591 724 2648 erut,
756 2598 784 2634 co
820 2582 939 2633 dextrum
954 2595 1024 2659 penu
1041 2579 1134 2646 lupide
1153 2581 1245 2648 ictus,
1264 2583 1310 2636 sed
1330 2581 1417 2634 inum

180 2648 507 2716 manarecoepittonpt'us.
521 2648 634 2718 Sanguis
647 2648 785 2702 enimcum
819 2655 909 2700 tamen
927 2645 1026 2716 ahquid
1045 2645 1180 2715 quoniam
1200 2667 1260 2703 non
1278 2643 1417 2722 partanei

180 2714 288 2767 effluere
305 2733 359 2770 non
372 2724 471 2786 posset,
488 2715 560 2769 intra
572 2717 667 2770 vulnus
681 2718 725 2771 lon
746 2718 785 2771 ’us
819 2715 893 2787 quasi
910 2715 1117 2768 instrumentum
1131 2714 1327 2790 intelligimus,
1335 2725 1364 2772 nt
1368 2732 1417 2788 peu

178 2781 378 2837 diffundebatur
403 2801 434 2837 ac
464 2783 605 2854 frigescens
635 2794 664 2839 et
694 2736 784 2840 doldre
819 2783 950 2838 ablativus
967 2783 1105 2835 habendus
1123 2782 1174 2851 sit,
1190 2786 1331 2859 sicutipse
1339 2786 1417 2842 Grono-

178 2851 313 2906 afficiebat
342 2851 525 2906 Alexandrum
563 2863 591 2906 et
629 2862 660 2907 ut
690 2855 785 2908 vulnus
818 2854 876 2907 vius
885 2852 1068 2918 Lucretiumt,
1078 2857 1113 2906 93
1125 2853 1188 2906 del
1210 2855 1324 2927 higcnis
1338 2855 1418 2909 laudet:
1456 2892 1458 2901 .

177 2928 340 2974 tumesceret
375 2921 527 2980 efficiebat„
561 2922 641 2987 Quod
666 2941 678 2975 s
712 2923 785 2977 uitur
819 2931 891 2975 muto
908 2931 976 2974 metu
993 2931 1092 2973 terram
1109 2873 1234 2990 persidit-s
1254 2928 1417 2991 submissepe·

178 3000 205 3044 et
225 2993 319 3044 uulnus
347 2994 418 3060 quod
443 3009 533 3045 recens
559 2994 645 3045 adbuc
671 2939 784 3045 dilatem
819 2992 895 3044 tebet.
913 2989 984 3042 Turn
1000 3006 1049 3060 pro
1066 3005 1109 3055 eo,
1129 2993 1212 3060 quod
1230 2993 1262 3047 in
1275 2994 1345 3049 libris
1353 2985 1416 3046 antl-

178 3077 232 3112 ston
258 3070 373 3112 crovuat
403 3059 510 3112 videtur·
534 3068 608 3113 recte
633 3076 661 3112 se
686 3060 785 3114 habere
820 3061 869 3113 bus
886 3065 936 3125 est,
955 3075 1029 3128 quem
1041 3059 1171 3126 proximi
1195 3072 1418 3132 exceptus-te

177 3144 228 3181 nec
244 3127 300 3180 ulla
316 3127 501 3182 emendatione
518 3145 608 3196 egere:
631 3145 722 3181 verum
739 3129 785 3182 ubi
820 3138 942 3196 ceperunt
966 3124 1104 3180 Acidalius
1136 3128 1303 3186 coniecerat
1328 3148 1378 3186 erut
1395 3155 1420 3166 -

176 3195 310 3248 inveneris
334 3196 361 3248 in
384 3196 448 3249 edit.
471 3196 599 3249 Modiana
626 3205 655 3249 et
680 3196 785 3267 optimis
820 3205 986 3264 receperunt,
1008 3194 1091 3263 idque
1115 3211 1174 3265 ego
1198 3199 1270 3253 olim
1291 3199 1319 3255 iu
1338 3205 1422 3254 textum

178 3280 263 3334 aeque
280 3281 311 3316 ac
327 3263 445 3333 plurimis
467 3264 599 3318 codicibus
615 3263 690 3317 Leid.
708 3265 784 3319 Voss.
818 3280 981 3334 receperam:
998 3279 1068 3315 nunc
1085 3272 1210 3328 mutata·
1222 3268 1358 3324 sententia
1368 3272 1421 3320 vete·

181 3338 194 3383 1
214 3339 243 3383 et
260 3338 275 3383 2
294 3332 375 3384 Bern.
398 3340 515 3401 utroque
537 3333 609 3385 Flor.
629 3332 734 3385 ABCH
757 3343 785 3387 et
819 3349 875 3386 rem
892 3333 1048 3404 scripturam
1059 3331 1199 3391 restituo:
1220 3354 1288 3392 nam
1306 3335 1422 3392 relatiutu

177 3397 203 3451 E
221 3415 237 3449 a
253 3415 292 3468 pr.
304 3415 339 3451 m.
357 3417 411 3451 non
428 3417 519 3452 recens
535 3398 588 3480 legi
606 3402 652 3452 scd
669 3410 784 3469 stupens,
820 3399 897 3454 facile
926 3401 1007 3455 etiam
1035 3398 1076 3453 rei
1102 3407 1336 3476 consequentiam
1362 3398 1422 3475 sigel-

179 3465 257 3520 facile
270 3465 336 3518 illud
358 3465 500 3519 inusitatae
518 3485 588 3521 vocis
610 3468 784 3538 complemen-
819 3470 891 3536 ficet,
909 3478 941 3523 ut
957 3468 1035 3540 paulo
1052 3476 1116 3538 post
1135 3487 1161 3524 c.
1182 3480 1231 3541 29,
1251 3483 1279 3529 4.

177 3540 237 3586 tum
263 3550 321 3586 esse
347 3534 521 3604 suspicabere.
569 3538 670 3590 Vultus
696 3548 785 3592 autem
855 3537 921 3607 Cap.
939 3545 982 3606 28,
1001 3540 1024 3606 §-
1038 3543 1080 3590 21.
1094 3540 1289 3613 pluribusque
1306 3539 1423 3605 umiubl

178 3612 283 3683 stupere
305 3601 370 3682 quin
389 3611 463 3682 pecte
485 3602 537 3656 dici
558 3605 641 3675 possit
664 3606 784 3687 equidem
818 3605 908 3676 Vulgo
925 3618 949 3661 et
961 3607 1086 3679 pluribus
1104 3610 1185 3728 qqod
1204 3620 1251 3666 est
1272 3612 1303 3666 in
1319 3613 1385 3666 Flor.
1398 3606 1424 3673 G;

178 3687 225 3723 vrx
247 3671 440 3738 dubrtaverrm,
471 3672 547 3742 quasi
577 3675 648 3744 quod
671 3675 784 3730 drductis
819 3674 1108 3744 etplurimisFlor.EH
1144 3680 1243 3734 ern.B
1259 3674 1424 3747 hebentrell·

177 3737 259 3792 labris
284 3747 312 3791 et
339 3748 433 3809 aperto
458 3757 505 3793 ore
531 3740 600 3795 hiat:
627 3760 688 3795 nam
713 3745 784 3815 quod
818 3743 863 3814 qui
874 3751 903 3795 et
917 3744 1005 3814 plures
1023 3751 1051 3796 et
1059 3743 1192 3800 meliores
1211 3753 1292 3820 qnod
1308 3749 1425 3804 edidimus

176 3806 292 3879 liquores
337 3819 441 3877 stupere
479 3808 604 3864 dicuntur
643 3829 702 3865 cum
734 3812 783 3866 inr-
855 3814 878 3880 §-
900 3819 943 3867 22.
972 3822 1079 3893 poterat
1106 3831 1233 3883 aequare
1267 3836 1358 3874 omnes
1379 3809 1425 3868 libri

176 3876 288 3930 mobiles
305 3877 387 3943 fiunt,
411 3877 530 3931 hucnon
553 3878 715 3947 rettulerim,
737 3881 784 3934 ubi
817 3888 934 3949 veteres,
974 3890 1038 3935 rtem
1070 3879 1223 3952 eliquanto
1256 3897 1321 3959 post
1353 3896 1425 3941 omn!

176 3963 232 3999 non
249 3946 283 3998 de
300 3963 347 3998 san
385 3944 428 3998 irre
446 3947 491 4000 sed
510 3947 544 3999 de
562 3948 670 4001 vulnere
686 3948 783 4019 agitur.
818 3951 928 4002 vulnera
962 3959 1108 4019 acceperat.
1161 3952 1300 4028 Utroque
1329 3949 1424 4011 lomin

176 4013 312 4068 Acidalius
329 4013 393 4067 oim
409 4032 463 4069 non
480 4015 550 4075 male
564 4016 708 4071 correxisse
719 4017 784 4071 mihi
818 4016 897 4069 editis
918 4028 1024 4087 praeter
1046 4017 1124 4072 Mod.
1142 4023 1301 4079 verborum
1322 4025 1382 4080 ordo
1394 4019 1424 4073 iu·

174 4080 317 4136 videbatur
334 4093 432 4151 tepens,
450 4093 625 4138 veruntamen
640 4104 693 4139 non
707 4094 784 4155 tepet
817 4084 940 4140 vertitur.
982 4086 1110 4156 Sequitur
1138 4090 1165 4156 ς.
1191 4098 1228 4145 25
1259 4095 1424 4152 deseramus

175 4147 279 4211 vulnus,
297 4150 343 4203 sed
361 4151 475 4221 sanguis.
817 4171 867 4224 pro
875 4171 928 4223 quo
937 4155 1003 4208 editi
1011 4153 1119 4225 quidem
1134 4157 1248 4215 habent
1257 4164 1423 4219 deseruerant

210 4217 234 4283 ἓ.
252 4221 294 4270 20.
315 4220 431 4272 submitti
446 4238 516 4288 penu
544 4218 694 4274 Gronovius
718 4223 783 4277 Obs.
818 4238 867 4275 nec
892 4222 942 4276 hac
965 4223 1147 4277 damnaverim
1171 4224 1308 4298 quoniam
1324 4225 1423 4299 sequitu

175 4296 209 4350 11,
229 4287 245 4336 8
263 4302 288 4354 p.
303 4292 354 4340 210
372 4287 413 4339 ed.
430 4286 504 4357 Lips.
522 4289 640 4341 defendit
657 4290 781 4345 adversus
816 4293 985 4359 capessebat,
1017 4293 1062 4344 sed
1095 4291 1236 4350 librorum
1264 4308 1354 4354 tamen
1375 4306 1422 4348 nu·

174 4349 313 4420 Rutgersii
343 4354 521 4408 coniecturam
552 4359 664 4424 subniti,
699 4369 781 4427 recte,
816 4367 940 4412 constans
968 4359 1113 4414 auctoritas
1140 4365 1261 4421 videtur
1288 4383 1343 4422 esse
1360 4340 1458 4471 μί

176 4425 270 4492 estque
297 4437 329 4474 ea
358 4422 510 4478 coniectura
538 4441 646 4494 prorsus
671 4423 779 4481 inutilis.
813 4427 930 4479 terenda
1385 4496 1389 4503 .
