2926 5174
100 306 171 388 52,
565 319 599 382 a.
628 317 752 370 curru
776 317 861 368 nuru

96 533 187 607 quos
206 487 340 596 uellet,
375 504 492 602 patrio
525 527 625 575 more
660 502 834 599 sepeliret.
886 498 952 571 Illa
985 523 1121 597 paucos
1148 508 1232 573 arta
1256 525 1329 598 pro
1345 528 1369 579 n

97 619 296 720 pinquitate
322 615 531 690 coniunctos
556 637 624 712 pro
649 613 775 686 habitu
800 609 998 710 praesentis
1018 611 1188 683 fortunae
1203 610 1338 689 humari

97 730 212 819 iussit,
239 737 452 827 apparatum
477 725 653 816 funerum,
686 749 756 821 quo
782 721 915 796 Persae
943 745 1111 818 suprema
1144 721 1267 795 officia
1290 748 1338 797 cc·

97 843 289 930 lebrarent,
320 836 536 911 invidiosum
566 837 643 910 fore
675 835 895 923 existimans,
932 857 1013 905 oum
1052 832 1213 906 victores
1249 833 1339 908 haud

97 953 255 1053 pretiose
282 957 535 1051 cremarentur.
647 986 649 994 v
1202 1019 1209 1034 s

202 1061 349 1157 lamque
374 1060 477 1134 iustis
504 1057 754 1134 defunctorum
781 1055 990 1152 corporibus
1012 1055 1151 1146 solutis,
1178 1056 1374 1154 praemitis

98 1177 144 1248 tit
169 1173 228 1255 ad,
243 1174 414 1270 captivas,
449 1171 511 1267 qui
541 1169 758 1258 nuntiarent,
792 1167 911 1265 ipsum
944 1167 1083 1240 venire:
1122 1167 1340 1264 inhibitaque

99 1285 346 1359 comitantium
372 1282 490 1372 turba,
524 1280 795 1357 tabernaculum
821 1302 903 1350 cum
928 1276 1202 1375 Hephaestione
1227 1279 1340 1351 intrat

98 1397 135 1472 Is
160 1399 268 1494 longe
295 1394 455 1471 omnium
481 1392 677 1463 aencorum
702 1389 904 1464 carissimus
931 1399 1009 1464 erat
1033 1389 1121 1485 regi,
1157 1414 1245 1462 cum
1270 1391 1373 1489 ipson

99 1509 233 1607 pariter
260 1506 422 1592 eductus,
449 1512 669 1575 secretorum
695 1503 854 1575 omnium
880 1501 1028 1575 arbiter:
1054 1501 1239 1575 libertatis
1265 1527 1340 1597 quo

99 1643 169 1716 que
195 1618 233 1689 in
259 1612 486 1689 admonendo
513 1637 557 1685 eo
581 1638 656 1685 non
688 1612 778 1685 alius
810 1613 865 1685 ius
891 1611 1058 1702 habebat,
1091 1612 1196 1709 quod
1228 1622 1340 1686 tamen

99 1731 150 1802 ita
176 1727 383 1825 usurpabat,
423 1734 465 1797 ut
490 1723 603 1820 magis
631 1748 653 1795 a
678 1747 762 1821 rege
789 1724 1008 1820 permissum,
1044 1749 1156 1820 quam
1194 1724 1338 1798 vindiea-

99 1850 178 1912 tum
204 1839 250 1911 ab
278 1864 321 1912 eo
348 1836 547 1926 videretur3
575 1845 613 1909 et
638 1835 731 1908 sicut
756 1844 874 1906 aetate
900 1860 966 1931 par
986 1844 1064 1908 erat
1081 1836 1172 1933 regi,
1200 1837 1254 1908 ita
1272 1859 1335 1922 car·

49 2021 57 2028 .,
98 1950 196 2049 poris
220 1950 357 2023 ,habitu
388 1949 606 2046 praestabat.
658 1944 755 2044 Ergo
789 1945 933 2042 reginae
967 1947 1067 2018 illum
1107 1971 1192 2020 esse
1228 1970 1336 2044 regem
1350 1957 1370 2006 1¹

97 2070 209 2149 ratae,
237 2086 302 2132 suo
329 2085 428 2133 more
455 2068 647 2132 veneratae
680 2067 773 2130 sunt.
826 2055 914 2129 Inde
950 2082 997 2129 ex
1032 2058 1187 2156 captivis
1222 2056 1336 2157 spado·

98 2171 205 2260 nibus
233 2171 311 2266 quis
337 2169 547 2249 Alexander
573 2178 669 2242 esset
694 2168 987 2259 monstrantibus,
1027 2165 1257 2267 Sisygambis
1288 2164 1336 2246 ad

98 2281 224 2354 voluta
251 2290 306 2352 est
331 2278 482 2378 pedibus
510 2281 595 2370 eius,
634 2279 896 2377 ignorationem
928 2306 1112 2377 nunquam
1145 2292 1258 2354 antea
1281 2279 1337 2352 visi

98 2391 193 2488 regis
220 2416 407 2464 excusans.
462 2388 578 2479 Quam
602 2416 713 2463 manu
738 2391 896 2464 allevans
931 2416 1007 2483 rex,
1038 2417 1106 2466 non
1132 2393 1267 2484 errasti,
1296 2393 1337 2464 in·

100 2501 186 2598 quit,
213 2516 327 2593 mater,
352 2529 434 2576 nam
460 2514 490 2575 et
514 2502 567 2574 ln'c
591 2502 786 2576 Aleaunder
812 2515 868 2574 est.

50 2612 98 2682 32
203 2610 380 2708 Equidem
410 2614 479 2686 hac
511 2613 728 2687 continentia
760 2613 868 2685 animi
903 2613 933 2684 si
967 2613 1014 2686 ad
1046 2613 1219 2688 ultimum
1254 2616 1336 2688 vitae
1350 2622 1371 2671 ¹⁸

98 2747 331 2822 perseverare
357 2725 544 2823 potuisset,
576 2724 768 2797 feliciorem
794 2723 902 2795 fuisse
930 2723 1123 2816 crederem,
1162 2751 1272 2830 quam
1294 2726 1336 2798 vi·

99 2860 161 2908 sus
188 2845 244 2908 est
270 2861 358 2927 esse,
386 2861 468 2908 cum
493 2834 611 2908 Liberi
645 2837 757 2934 patris
782 2834 988 2907 ‘imitaretur
1018 2837 1256 2936 triumphum,
1287 2861 1336 2909 us·

101 3092 106 3102 ,
134 3047 158 3113 §.
177 3051 217 3099 16.
230 3046 337 3114 pariter
354 3047 473 3116 eductus]
499 3046 589 3116 Vulgo
607 3050 702 3100 educa·
738 3047 896 3116 excerpendi
912 3047 955 3099 vel
973 3045 1278 3119 annotandi‘diligentia
1291 3046 1333 3100 du·

99 3122 184 3180 catus,
211 3114 258 3166 sed
279 3131 339 3167 cum
356 3113 474 3184 plerique
494 3115 561 3168 boni
579 3114 639 3169 libri
656 3116 702 3168 ha·
737 3115 860 3170 bitemus.
888 3116 1014 3170 Ceterum
1030 3130 1065 3166 ex
1081 3131 1115 3167 ea
1130 3116 1269 3172 >locutione
1283 3116 1336 3169 sub

100 3182 182 3235 beant
200 3185 315 3248 edoctus,
333 3191 361 3235 et
380 3185 505 3236 educatus
522 3202 576 3238 non
601 3182 704 3236 sitnisi
738 3183 836 3237 iectum
862 3183 1021 3253 intelligitur
1042 3187 1198 3253 nonanullis,
1221 3186 1289 3240 sicut
1303 3191 1338 3237 et-

99 3248 128 3305 in
145 3249 409 3309 deterioribus,Flor.
429 3249 517 3304 CFGI
535 3260 563 3304 et
580 3251 703 3305 eorrecti-
738 3252 790 3306 iam
816 3252 878 3307 alibi
896 3251 1004 3307 Curtius
1031 3251 1114 3305 dixit:
1142 3268 1201 3321 vn,
1231 3262 1255 3323 1,
1277 3261 1291 3308 9
1311 3269 1338 3306 ea

99 3334 178 3371 onem
195 3316 259 3371 olim
276 3317 358 3387 passis
375 3317 545 3386 Pronuba,
564 3336 623 3371 cum
640 3318 704 3372 item
739 3323 781 3374 ln‘e
800 3323 845 3389 qui
861 3324 979 3391 praalun·
1000 3322 1142 3374 astiterant
1164 3353 1202 3363 -
1228 3324 1338 3393 comoda

99 3392 181 3437 antea
206 3383 298 3436 fuisset
329 3388 442 3452 edoctus,
465 3387 545 3439 malui
569 3386 704 3440 Leidensis
739 3399 809 3455 runt,
838 3398 866 3442 et
892 3389 1051 3459 singularem
1081 3407 1226 3445 numerum
1251 3388 1338 3445 incolt

99 3453 178 3507 fidem
196 3451 272 3530 sequi
289 3459 317 3504 et
336 3455 539 3522 eductused'ere,
558 3456 629 3525 quod
643 3472 705 3508 ean·
740 3474 806 3527 gens
823 3461 910 3525 nat,
929 3465 963 3513 ³4
981 3469 1033 3512 tum
1051 3460 1142 3512 esa-tis
1161 3462 1211 3528 qui
1228 3475 1338 3515 assume·

99 3521 162 3574 dem
184 3519 414 3589 sigmficationem·
427 3521 508 3576 habet
535 3540 567 3576 ac
594 3541 705 3594 saepen
740 3537 802 3579 rant
820 3529 916 3580 talibas
934 3527 1088 3580 ministeriis
1106 3531 1236 3596 —ferro
1257 3545 1339 3598 ampu-

99 3587 213 3647 librariis
231 3587 422 3658 interpolatum
439 3599 488 3644 est.
511 3591 552 3645 cf.
569 3591 653 3645 Drak.
672 3594 705 3645 ad
740 3605 796 3648 tare
814 3598 904 3664 coepit.
1184 3605 1189 3617 ¹

99 3656 158 3711 Liv.
176 3671 240 3721 xm,
258 3663 300 3710 43.
335 3657 431 3728 Neque
452 3659 522 3713 enim
582 3669 705 3731 rpetuum
775 3663 815 3717 ca
835 3704 840 3716 .
859 3670 903 3731 32,
922 3669 946 3731 s.
967 3670 1007 3717 18.
1041 3665 1067 3716 si
1084 3666 1123 3716 ad
1140 3667 1263 3720 ultimum
1280 3667 1338 3719 vaae

100 3725 166 3778 illud
184 3724 332 3793 discrimen,
352 3744 405 3796 quo
418 3731 526 3783 educere
544 3678 581 3783 dd
596 3747 705 3800 corpore
740 3733 803 3802 cet]
851 3749 882 3786 ac
900 3732 1003 3786 ratione
1018 3731 1172 3786 coniunctio
1190 3737 1218 3789 si
1235 3735 1338 3790 colloca·

100 3794 205 3860 alendo,
232 3797 345 3848 educare
367 3797 401 3848 de
423 3797 567 3852 formandis
589 3799 705 3853 moribus
739 3808 785 3853 tur
810 3799 838 3853 in
861 3801 981 3855 omnibus
1004 3802 1080 3855 codd.
1107 3801 1208 3855 nostrie
1235 3821 1296 3859 mss.
1314 3809 1338 3856 et

100 3863 156 3917 fere
179 3862 305 3917 dicimus:
327 3863 359 3917 cf.
382 3866 416 3918 ad
433 3880 498 3933 vm,
518 3875 542 3921 3.
569 3868 708 3921 Hellanlce
743 3868 806 3922 edit.
825 3869 917 3934 Modii,
941 3886 1002 3923 cum
1021 3869 1051 3922 in
1072 3869 1193 3941 principe
1215 3880 1245 3925 et
1267 3870 1337 3992 vulqo

102 3950 170 4002 quae
189 3933 372 3986 Alexandrum
389 3937 551 3995 educaverat.
742 3937 820 3990 editis
837 3947 898 4009 post
916 3942 1033 4008 equidem
1049 3938 1157 4008 legatur
1173 3940 1337 3995 etSnaken.

134 4005 157 4071 ξ.
178 4009 219 4054 17.
238 4003 315 4056 illum
333 4019 390 4055 erae
407 4006 505 4075 reqem]
524 4005 615 4074 Vulgo
634 4006 707 4058 illum
741 4015 858 4060 nostram
875 4009 1014 4061 verborum
1032 4007 1235 4062 collocationem
1251 4023 1336 4062 exuna

99 4087 276 4192 ffimteffes
294 4078 415 4193 nqptrlplm
433 4072 706 4196 νῗέἒωωὸοέἷὶηθᾶη
740 4083 846 4197 qassturp
854 4077 931 4198 lio‘sd
944 4084 1077 4198 Zenoqet.
1099 4075 1186 4198 Papqo
1253 4077 1335 4199 Ἣ

171 4156 188 4189 n
243 4157 299 4194 ern.
394 4158 432 4194 or.
534 4159 706 4195 ‘n.e
809 4161 1125 4199 ee1.osacum

102 4205 155 4260 suis
173 4205 245 4260 libris
263 4209 331 4262 silet.
349 4209 435 4263 Paulo
471 4218 513 4264 ost
534 4183 567 4263 ’en
594 4212 705 4280 captivis
740 4230 821 4281 usque
839 4215 872 4266 al
891 4216 1058 4283 Hellesponto
1076 4217 1114 4268 ad
1132 4215 1280 4281 Oceanum,
1296 4215 1334 4266 da

100 4277 263 4344 spadonibus
289 4285 394 4331 mutata
419 4229 590 4333 collocatione
616 4297 705 4333 omnes
739 4281 850 4335 teriones
868 4285 981 4336 atHell.
1000 4299 1080 4352 usque
1097 4285 1136 4336 od
1146 4283 1201 4350 Oc.;
1219 4285 1332 4338 exBern.

101 4342 167 4411 mei3
194 4343 276 4398 Snak.
295 4347 328 4398 de
354 4346 407 4400 suis
425 4365 507 4400 unum
523 4348 600 4402 Voss.
619 4355 634 4401 2
658 4365 704 4400 au·
739 4351 765 4403 A
783 4350 847 4403 nihil
865 4351 936 4406 aliud
953 4359 1060 4409 notatur
1075 4349 1225 4405 nisiomitti
1233 4353 1332 4407 verbum

100 4417 201 4465 ctorem
218 4413 301 4483 addit,
329 4416 375 4468 sed
398 4423 440 4469 est
461 4423 493 4470 ut
514 4415 648 4493 interdum
666 4417 704 4493 ¹de
738 4436 827 4489 aeque.
