2926 5174
437 313 487 386 nn
513 311 640 367 ansas
665 310 774 365 senx.
800 313 850 383 vr,
879 312 903 365 1.
1229 298 1301 371 227

46 502 174 590 sfossa,
200 497 354 596 plurimo
380 498 551 596 sanguine
577 499 701 589 effuso,
716 498 910 571 destituere
936 509 1166 597 pugnantem.
1205 501 1303 601 Ergo

69 613 193 711 clypeo
219 633 287 684 suo
315 619 504 708 exceptum
529 609 694 707 armigeri
728 610 859 707 raptim
883 611 921 682 in
947 622 1066 683 castra
1091 612 1302 705 referebant,

45 721 296 796 ciactationem
330 721 517 796 vulnerum
548 719 647 794 haud
672 719 774 793 facile
800 720 1022 794 tolerantem.
1075 719 1156 795 Non
1183 731 1304 797 tamen

68 835 216 909 omisere
251 831 523 907 Lacedaemonii
554 856 726 928 pugnam,
768 841 805 904 et
835 841 877 904 ut
908 833 1062 930 primum
1100 833 1168 906 sibi
1198 861 1305 931 quam

67 946 157 1021 hosti
184 945 393 1043 aequiorem
416 945 535 1018 locum
561 967 689 1040 capere
714 954 921 1040 potuerrmt,
934 942 1093 1017 densatis
1120 944 1304 1021 ordinibus

46 1059 174 1131 reffuse
207 1057 384 1130 fluentem
413 1055 451 1128 in
484 1080 523 1129 se
555 1055 668 1129 aciem
701 1080 883 1153 excepere.
944 1053 1027 1128 Non
1061 1054 1158 1128 aliud
1184 1056 1304 1131 discri-

36 1234 37 1238 ,
69 1195 144 1242 men
176 1168 428 1242 vehementius
459 1167 568 1242 fuisse
599 1167 792 1240 memoriae
817 1164 998 1263 proditum
1026 1177 1089 1239 est.
1142 1165 1305 1242 Duarum

69 1281 367 1354 nobilissimarum
396 1278 492 1381 ‘bello
526 1278 687 1377 gentium
718 1279 896 1351 exercitus
926 1277 1005 1376 pari
1030 1275 1146 1350 Marte
1171 1297 1305 1377 pugna·-

48 1393 159 1466 abant.
219 1390 494 1466 Lacedaemonii
528 1402 670 1480 vetera,
705 1388 920 1464 Macedones
947 1390 1149 1487 praesentia
1175 1389 1305 1466 decora

71 1497 317 1578 intuebantur:
351 1502 401 1574 illi
432 1528 499 1601 pro
524 1503 705 1592 libertate,
740 1501 778 1573 hi
810 1527 876 1600 pro
903 1501 1143 1576 dominatione
1169 1527 1304 1601 pugna·

50 1615 165 1693 sbant:
194 1614 490 1689 Lacedaemoniis
517 1613 603 1705 duX,
629 1611 886 1687 Macedonibus
911 1614 1011 1688 locus
1039 1613 1172 1686 deerat
1224 1612 1304 1688 Diei

73 1753 204 1825 quoque
240 1726 347 1801 unius
381 1735 456 1798 tam
490 1726 677 1824 multiplex
703 1749 805 1798 casus
832 1724 941 1798 modo
967 1744 1077 1824 spem,
1098 1723 1207 1798 modo
1234 1752 1304 1800 me·

73 1849 138 1912 tum
163 1839 357 1936 utriusque
382 1836 495 1936 partis
521 1837 691 1935 augebat,
718 1836 819 1909 velut
845 1834 889 1908 de
915 1835 1091 1910 industria
1116 1837 1210 1910 inter
1235 1839 1304 1911 for·

40 1950 219 2024 cussinos
257 1949 356 2022 viros
385 1957 564 2022 certarnen
591 1958 769 2044 aequante
793 1948 946 2020 fortuna.
1002 1945 1170 2022 Ceterum
1196 1973 1305 2046 angu-

75 2063 148 2136 stiae
183 2063 274 2152 loci,
307 2061 345 2133 in
378 2086 449 2158 quo
484 2060 649 2134 haeserat
678 2083 817 2158 pugna,
850 2084 924 2132 non
958 2058 1187 2156 patiebantur
1218 2058 1305 2134 totis

75 2172 199 2272 ingredi
240 2173 398 2246 viribus:
444 2172 685 2271 expectabant
724 2196 809 2269 ergo
849 2169 970 2267 plures
1009 2195 1116 2267 quarn
1153 2169 1307 2243 inierant

74 2288 256 2380 proelium,
293 2285 417 2381 etqui
448 2295 553 2358 extra
583 2283 645 2357 teli
676 2283 809 2357 iactum
836 2292 948 2374 erant,
975 2285 1129 2356 clamore
1153 2281 1307 2358 invicem

75 2419 142 2472 suos
170 2395 435 2471 accendebant.

33 2512 60 2562 ¹¹
159 2508 332 2583 Tandem
357 2507 539 2580 Laconum
557 2494 658 2580 ”acies
683 2506 930 2603 languescere,
962 2507 1099 2581 lubrica
1124 2531 1224 2580 arma
1249 2531 1305 2580 su·
1334 2507 1356 2578 2

70 2613 142 2695 dore
156 2623 227 2695 vix
253 2619 450 2709 sustinens3
473 2605 606 2716 ¹pedem
633 2615 761 2692 deinde
786 2618 920 2690 referre
946 2620 1064 2717 coepit
1090 2628 1127 2691 et
1153 2628 1304 2716 urgente

28 2723 159 2806 ¹2hoste
198 2731 364 2831 apertius
398 2733 531 2829 sugere.
582 2727 842 2826 Insequebatur
877 2729 1067 2827 dissipatos
1102 2729 1233 2820 victor,
1269 2737 1307 2803 et

58 2934 128 2984 passe
145 2927 322 2992 viderentur,
342 2940 431 2993 parva
458 2925 568 2993 quadem
591 2923 670 2975 decli·
704 2921 824 2976 omnibus
857 2922 951 2992 copiis,
986 2921 1190 2992 ingrederentur
1218 2920 1305 2976 locum

60 2996 173 3061 satione,
201 3003 245 3061 et,
273 3001 304 3046 ut
328 2993 420 3059 aiant,
447 3009 554 3060 corpore
579 2991 669 3060 effapr'.
704 2989 749 3044 ubi
769 3007 807 3060 pu
845 3008 861 3043 a
884 2989 1047 3045 constiterat.
1083 2989 1163 3054 Quod
1185 2989 1306 3060 sequitur

57 3052 113 3132 Ipse
131 3061 253 3117 Curtius
271 3075 326 3127 vn,
346 3067 377 3115 19
395 3069 423 3113 et
440 3073 481 3128 rx,
500 3066 532 3114 29
551 3060 668 3128 corporis
703 3067 808 3139 expecta
826 3068 880 3125 ant,
899 3076 916 3112 a
932 3057 1009 3111 Iunio
1025 3057 1112 3128 primo
1129 3058 1184 3112 sive
1200 3074 1235 3111 ex
1251 3074 1305 3111 uno

56 3130 264 3185 declinationem
281 3128 375 3182 maluit
390 3128 484 3182 dicere.
702 3127 792 3197 ahquo
809 3126 912 3194 codice,
939 3126 1022 3197 qualis
1039 3134 1080 3180 est
1097 3125 1169 3181 Flor.
1188 3125 1226 3195 G,
1244 3143 1305 3197 pro-

77 3202 191 3270 femiaa
205 3197 354 3268 perfossa]
382 3195 541 3268 Optimiqui
559 3212 593 3248 ue
606 3195 667 3249 libri
702 3203 826 3257 tractum,
847 3195 903 3249 sive
919 3195 990 3266 quad
1007 3194 1090 3266 magis
1107 3195 1200 3263 credo,
1219 3193 1305 3250 conie-

51 3259 124 3324 leid.
143 3269 231 3324 Voss.
254 3273 267 3318 1
287 3265 403 3323 Bernd
419 3265 490 3319 Flor.
508 3213 560 3319 All

50 3335 172 3393 citiorem
198 3337 275 3389 hanc
297 3351 387 3390 vocem
412 3352 461 3404 pro
477 3333 549 3404 vulg.
581 3351 668 3386 encore
703 3332 774 3387 cuius
791 3332 907 3387 rationes
924 3332 1072 3404 intelligere
1085 3331 1192 3404 quidem
1205 3333 1305 3413 videor,

49 3407 200 3473 exhibent,
231 3403 282 3457 sed
310 3421 378 3456 unus
401 3401 508 3456 Modiua
534 3419 550 3454 a
587 3419 619 3455 uc
641 3400 668 3454 in
702 3402 749 3455 sed
782 3419 875 3472 parurn
911 3402 1003 3472 probo.
1047 3403 1233 3473 Expectabant
1266 3401 1306 3455 ilh

47 3476 155 3530 textum
174 3471 296 3542 recepit.
331 3471 371 3526 cf.
389 3472 423 3525 ad
440 3486 486 3538 111,
505 3477 548 3538 30,
567 3477 591 3524 2.
617 3469 668 3524 Ce·
702 3487 808 3541 pugnae
824 3477 957 3538 eventum,
975 3478 1015 3537 ut,
1034 3471 1102 3526 sicut
1118 3488 1160 3525 res
1173 3478 1304 3543 posceret,

46 3545 137 3600 teram
170 3560 234 3597 non
262 3541 385 3610 femora,
411 3540 458 3593 sed
478 3540 583 3609 semare
617 3537 668 3590 alia
703 3546 750 3591 aut
767 3537 794 3592 in
811 3538 898 3592 locum
908 3539 1115 3594 commilitonum
1128 3541 1306 3603 succederent,

60 3621 195 3668 meteres
216 3607 386 3663 correctione
397 3607 439 3662 usi
450 3606 579 3662 exhibent
586 3607 668 3660 Bern.
704 3615 751 3660 aut
780 3607 910 3678 firgerent.
959 3608 1048 3680 Vulgo
1078 3617 1169 3664 tamen
1195 3607 1305 3663 Iuniana

43 3624 65 3734 B
85 3682 165 3736 Flor.
186 3679 225 3746 F,
247 3684 277 3730 et
294 3678 414 3747 perfossa
425 3677 533 3746 sanare
550 3674 622 3729 Flor.
635 3673 669 3729 G.
703 3675 782 3729 lectio
799 3683 908 3748 recepta
924 3683 974 3731 est.

576 3263 667 3336 exqai-
702 3271 778 3318 ctura
793 3271 925 3318 mutatum
942 3272 992 3329 est,
1010 3273 1042 3319 ut
1058 3272 1128 3318 esset
1144 3265 1304 3335 spectabant,

76 3755 102 3833 ᾗ.
116 3757 143 3805 6.
165 3750 264 3819 effbse
271 3746 410 3825 fluentem]
437 3746 530 3815 Effusi
546 3745 622 3798 codd.
641 3751 669 3796 et
738 3743 778 3798 Ca
799 3788 805 3800 .
825 3751 850 3812 2,
869 3747 892 3813 ξ.
912 3752 952 3799 11.
976 3756 999 3799 et
1016 3756 1123 3817 urgente
1139 3748 1210 3800 hoste
1226 3761 1303 3816 aper·
1403 3757 1406 3763 ’

42 3820 185 3874 admones
216 3821 362 3884 antiquae,
389 3814 436 3868 sed
460 3820 534 3868 recte
552 3812 668 3867 correxit
703 3814 755 3866 tiae
766 3762 876 3884 sinere]
905 3813 989 3868 C'odd.
1007 3822 1035 3868 et
1053 3815 1112 3868 edd.
1129 3822 1195 3868 vett.
1213 3822 1242 3866 at
1258 3829 1303 3865 ar-

40 3886 201 3943 Acidalius.
699 3882 859 3951 pente—fa
877 3892 938 3950 eret,
958 3899 1025 3954 quae
1043 3880 1217 3953 coniungendi
1234 3879 1303 3933 ratio

93 3962 172 4010 .10.
214 3952 284 4005 totis
307 3951 410 4018 ingredi
435 3951 546 4020 viribus]
582 3949 666 4003 Oodd.
701 3967 761 4002 cum
777 3949 833 4002 iure
881 3949 971 4004 odium
987 3949 1148 4016 offendisset,
1165 3951 1199 4002 de
1216 3947 1303 4002 conie-

91 4043 141 4079 em
160 4021 326 4077 constantia
342 4019 445 4087 ingredi
461 4018 596 4085 exhibent,
614 4036 667 4089 qua
700 4026 777 4072 ctura
793 4035 840 4071 sua
856 4017 940 4072 edidit
966 4037 998 4072 ac
1015 4028 1122 4089 arpenta
1138 4020 1209 4071 toste
1226 4032 1303 4086 aper-

39 4094 116 4148 edita
159 4084 351 4157 exemplaris,
393 4086 473 4141 etiarn
504 4086 668 4153 Medianum,
704 4088 756 4139 tias
768 4086 879 4155 supera
905 4086 979 4157 peius
1005 4087 1085 4140 etiam
1106 4084 1225 4139 Freinsh.
1243 4102 1301 4154 ary.

40 4162 189 4243 congredi.
209 4156 307 4210 Recte
322 4161 409 4209 tamen
426 4156 518 4226 opinor
535 4154 668 4208 Snakenb.
703 4157 842 4207 tostecum
869 4156 1068 4208 raecedentibus
1078 4153 1252 4223 coniungens:
1269 4169 1302 4205 ac

40 4223 204 4294 inmensae,
243 4220 346 4276 nullan
366 4240 422 4278 esse
438 4241 543 4278 causam
560 4241 607 4278 cur
624 4239 669 4276 co·
702 4224 819 4302 apertius
889 4240 938 4276 ere.
974 4223 1104 4293 Apparet,
1123 4221 1226 4292 opinor,
1244 4237 1302 4274 cor-

40 4296 139 4352 dicum
162 4290 325 4349 auctoritas
345 4299 533 4346 contemnatur.
569 4291 668 4362 Supple
702 4291 841 4360 ngendum
875 4291 942 4344 uisse
959 4296 991 4343 ut
1008 4290 1092 4354 edidi,
1110 4307 1171 4344 nam
1187 4299 1216 4343 at
1233 4295 1262 4341 et
1279 4299 1303 4342 et

39 4363 133 4421 locam
152 4381 171 4418 e
190 4358 374 4435 praegressis:
391 4360 527 4432 augustiae
544 4360 594 4427 loci
602 4377 668 4440 pro-
702 4359 778 4412 facile
800 4367 1009 4426 commutantur,
1036 4359 1108 4414 cuius
1125 4358 1164 4412 rei
1181 4357 1303 4478 exempla

37 4428 183 4505 bibebant
207 4425 356 4502 quominus
380 4429 444 4484 totis
464 4429 578 4496 viribus,
600 4447 617 4482 r.
644 4443 666 4481 e.
701 4427 761 4482 vide
778 4445 795 4481 a
811 4426 895 4480 Drak.
913 4428 946 4480 ad
962 4425 1021 4480 Liv.
1038 4441 1106 4494 xxr,
1125 4434 1172 4496 28,
1191 4432 1206 4480 8
1224 4443 1255 4480 co
1274 4442 1304 4495 eg

1047 4516 1097 4544 {KH
