2926 5174
478 324 527 374 nn
555 322 682 375 cassis
709 323 817 373 max.
845 324 895 392 m,
916 321 955 372 ra
1267 307 1340 379 249

105 530 188 577 nam
220 505 324 576 laeva
356 532 440 604 pars
471 505 519 579 ad
544 516 669 603 pectus
696 516 752 580 est
776 505 889 596 nuda,
922 517 1041 581 cetera
1067 507 1196 584 deinde
1223 510 1341 582 velan-

106 629 173 688 tur.
226 613 299 690 Nec
334 627 456 689 tamen
482 617 580 690 sinus
607 617 738 706 vestis,
774 642 880 713 quem
913 617 1011 691 nodo
1038 621 1225 719 colligunt,
1252 621 1343 692 infra
1372 710 1374 714 Α

103 752 221 824 genua
245 724 440 801 descendit.
493 728 621 802 Altera
645 727 778 826 papilla
802 729 939 802 intacta
965 743 1145 823 servatur,
1173 757 1244 828 qua
1269 757 1344 805 mn·

102 836 221 909 liebris
247 861 357 909 sexus
384 838 515 912 liberos
542 839 651 930 alant,
678 837 841 912 aduritur
867 838 1036 932 dextera,
1064 852 1106 915 ut
1131 868 1236 916 arcus
1261 842 1342 914 faei-
1413 861 1418 870 ·

102 947 167 1019 lius
197 946 395 1038 intendant,
422 958 460 1021 et
485 950 557 1022 tela
582 950 735 1023 vibrent.
778 949 946 1024 Interrito
973 953 1226 1051 vultu'regem
1252 951 1343 1024 Tha·

100 1057 217 1130 lestris
241 1057 461 1149 intuebatur,
488 1060 650 1134 habitum
676 1062 752 1172 qius
778 1059 1056 1158 haudquaquam
1081 1088 1202 1138 rerum
1227 1063 1343 1135 famae

98 1193 224 1266 parem
249 1169 361 1241 oculis
388 1169 621 1266 perlustrans.
657 1168 797 1269 Quippe
824 1173 989 1245 omnibus
1015 1173 1178 1246 barbaris
1204 1173 1241 1245 in
1268 1196 1343 1244 cor·

98 1305 227 1376 porum
252 1278 441 1352 maiestate
468 1282 652 1355 veneratio
679 1292 750 1373 est,
785 1306 1067 1381 magnorumque
1094 1308 1244 1382 operum
1268 1305 1342 1352 non

99 1390 187 1462 alios
215 1416 365 1488 capaces
391 1402 536 1489 putant,
569 1418 676 1490 quam
703 1419 792 1489 quos
820 1393 951 1466 eximia
977 1396 1094 1493 specie
1122 1394 1256 1468 donare
1281 1416 1342 1463 na·

98 1511 180 1573 tura
206 1499 356 1598 dignata
381 1512 446 1575 est.
500 1500 667 1577 Ceterum
693 1504 923 1600 interrogata,
948 1531 1036 1578 num
1062 1503 1196 1603 aliquid
1221 1513 1343 1603 petere

100 1612 218 1701 vellet,
245 1611 350 1686 haud
372 1611 552 1686 dubitavit
575 1613 695 1704 fateri,
731 1614 778 1687 ad
804 1615 1117 1689 communicandos
1151 1643 1232 1690 cum
1258 1639 1344 1710 rege

99 1723 229 1795 liberos
266 1748 305 1795 se
342 1725 500 1796 venisse:
536 1725 696 1822 dignam,
729 1751 777 1801 ex
808 1751 879 1823 qua
912 1727 990 1823 ipse
1022 1728 1123 1824 regni
1155 1734 1344 1824 generaret

99 1832 259 1907 heredes.
295 1833 325 1905 F
327 1835 470 1907 eminini
495 1861 604 1909 sexus
632 1860 670 1907 se
696 1846 937 1926 retenturam,
962 1861 1098 1909 marem
1122 1836 1344 1911 reddituram

99 1945 202 2042 patri.
255 1944 481 2038 Alexander,
515 1971 561 2018 an
587 1971 669 2018 cum
695 1945 774 2043 ipso
800 1947 952 2020 militare
979 1948 1098 2038 vellet,
1124 1948 1340 2044 interrogat:

99 2065 135 2127 et
160 2057 230 2146 illa,
258 2067 408 2128 causata
434 2058 509 2130 sine
536 2056 684 2130 custode
710 2082 862 2157 regnum
887 2058 1080 2154 reliquisse,
1116 2068 1239 2155 petere
1265 2082 1342 2154 per·

100 2167 307 2270 severabat,
340 2193 387 2240 ne
418 2193 457 2241 se
491 2169 628 2240 irritam
661 2169 736 2266 spei
771 2170 869 2241 abire
895 2179 1088 2266 pateretur.
1141 2168 1270 2241 Acrior
1296 2164 1343 2239 ad

98 2275 279 2350 Venerem
305 2279 458 2352 feminae
484 2279 625 2377 cupido,
653 2305 760 2375 quam
786 2280 897 2376 regis,
929 2291 971 2353 ut
996 2306 1129 2379 paucos
1157 2278 1233 2352 dies
1261 2276 1341 2350 sub·

101 2389 252 2480 sisteret,
268 2391 434 2487 perpulit.
472 2413 541 2462 xm
561 2390 685 2463 diesin
704 2391 914 2487 obsequium
930 2390 1095 2480 desiderii
1110 2391 1186 2466 eius
1200 2391 1340 2463 absum·

99 2502 151 2598 pti
161 2512 256 2575 sunt.
304 2499 396 2572 Tum
417 2501 478 2573 illa
494 2527 646 2599 regnum
667 2503 781 2592 suum,
809 2527 875 2575 rex
895 2501 1113 2576 Parthienen
1128 2503 1342 2599 petiverunt.

200 2611 271 2684 Hic
299 2637 387 2684 vero
413 2613 532 2710 palam
565 2611 778 2709 cupiditates
806 2639 888 2687 suas
917 2616 1039 2704 solvit,
1074 2610 1394 2686 continentiam-20

100 2747 168 2818 qne
194 2733 233 2795 et
259 2721 562 2814 moderationem,
588 2725 626 2794 in
652 2723 824 2796 altissima
850 2749 991 2820 quaque
1016 2726 1161 2797 fortuna
1188 2724 1342 2795 eminen-

99 2833 148 2906 tia
173 2835 283 2923 bona,
311 2834 349 2905 in
376 2834 580 2932 superbiam
606 2859 648 2907 ac
673 2834 856 2906 lasciviam
881 2835 1001 2907 vertit.
1053 2832 1195 2906 Patrios
1222 2853 1340 2903 mores

99 2942 394 3043 disciplinamque
415 2943 653 3018 Macedonum
678 2970 804 3042 regum
831 2945 1020 3018 salubriter
1046 2952 1282 3040 temperatam
1308 2950 1345 3013 et

99 3056 239 3128 civilem
268 3055 431 3130 habitum
457 3057 558 3127 velut
582 3056 717 3128 leviora
743 3054 988 3153 magnitudine
1015 3079 1080 3127 sua
1102 3051 1247 3142 ducens,
1261 3052 1349 3126 Per·'

98 3168 190 3240 sicae
224 3166 349 3263 regiae
381 3191 446 3263 par
482 3165 631 3238 deorum
664 3166 846 3263 potentiae
880 3165 1062 3262 fastigium
1088 3162 1344 3237 aemulabatur.

97 3399 161 3453 teris
180 3399 367 3466 discedamus,
394 3401 426 3453 de
445 3399 540 3470 quibus
558 3399 619 3453 vide
635 3399 710 3453 Rnd-
744 3399 810 3454 Mox
828 3401 901 3453 ubire
914 3409 1060 3469 pateretur,
1079 3399 1129 3452 hoe
1146 3395 1237 3452 ordine
1252 3398 1346 3452 verbo·

97 3468 257 3521 dimannum
277 3466 355 3519 Tom.
373 3481 385 3520 1
402 3487 428 3539 p.
447 3475 478 3523 53
497 3467 602 3539 parcius
619 3476 709 3522 tamen
743 3487 811 3534 rum,
818 3467 944 3522 Modiana
952 3467 1015 3521 edit.
1033 3475 1061 3520 et
1071 3483 1160 3521 omnes
1169 3466 1244 3520 codd.
1253 3466 1346 3521 nostri.

98 3554 178 3607 quam
202 3536 277 3591 solet
306 3534 497 3606 disputantem,
532 3536 626 3590 Dativi
659 3547 709 3591 toto
743 3537 833 3607 Vulgo
845 3547 904 3606 put.
923 3539 1003 3590 abire.

95 3606 179 3659 habes
210 3605 342 3658 idoneum
377 3613 510 3659 auctorem
541 3605 710 3675 Propertium
780 3608 802 3673 ς.
815 3611 857 3659 32.
876 3623 953 3674 quam
971 3624 999 3658 re
1017 3608 1051 3672 is,
1069 3615 1096 3659 nt
1126 3604 1251 3675 Plerique
1269 3603 1345 3657 codd

95 3673 141 3727 hb.
159 3689 204 3744 111,
227 3676 447 3740 11,57(1v,11
468 3680 500 3727 b?
528 3672 648 3741 Lachm.)
671 3691 711 3727 se·
744 3692 776 3727 ac
793 3684 835 3739 at,
861 3674 940 3743 pauci
964 3625 1046 3741 (Flor.
1067 3673 1087 3727 C
1117 3678 1128 3740 )
1151 3680 1182 3725 nt
1204 3671 1266 3752 olim
1284 3680 1346 3724 ante

91 3753 165 3811 ptem
183 3744 268 3795 urbes
287 3742 343 3793 alta
361 3743 439 3811 iupis,
458 3752 536 3796 toto
551 3759 618 3810 quae
627 3759 710 3811 prce·
743 3740 847 3794 Iunium
873 3743 1026 3805 edebatur,
1045 3753 1074 3795 nt
1100 3751 1137 3795 ut.
1184 3741 1287 3794 Vitium
1313 3756 1348 3791 ex

96 3813 163 3864 sidet
188 3811 287 3875 orbi,
317 3808 348 3861 cf.
380 3810 415 3862 ad
443 3827 505 3863 eum
531 3809 618 3863 locum
642 3826 710 3881 qnae
745 3807 931 3892 ὃιττογραφίᾳ
950 3819 1038 3864 ortum
1060 3817 1190 3882 putamus.
1226 3807 1293 3860 Mox
1311 3807 1346 3858 ad

94 3879 274 3932 Burmannus
292 3876 401 3944 notavit,
419 3888 447 3932 et
463 3879 599 3931 laudatum
616 3878 710 3932 abillo
744 3879 853 3932 verbum
875 3881 923 3932 clla
938 3881 1030 3932 'mann
1052 3877 1200 3932 recentiore
1217 3891 1297 3943 super
1314 3872 1346 3926 li-

94 3947 239 4000 Davisium
259 3945 296 3998 ad
313 3945 457 4000 Minucium
474 3946 591 4000 Felicem
608 3965 630 4001 c.
651 3956 691 4000 ll.
743 3963 820 4000 neam
838 3946 956 4000 additum
972 3947 1071 4018 legitur
1087 3945 1116 3998 in
1128 3943 1347 4011 BernA(quem

130 4019 154 4084 §-
167 4023 211 4071 29.
232 4014 356 4068 omnibus
374 4016 505 4083 barbaris]
524 4014 599 4068 Libri
616 4014 710 4085 optimi
743 4015 856 4068 eundem
878 4032 935 4069 esse
960 4033 992 4068 ac
1018 4012 1203 4068 Danieliannm
1229 4027 1288 4063 cnm
1311 4026 1346 4062 ex

94 4083 195 4152 Modii,
224 4080 307 4136 Leid.
326 4081 401 4136 Voss.
421 4093 431 4135 l
452 4085 534 4137 Bern.
551 4084 576 4136 B
593 4082 665 4137 Flor.
684 4084 710 4135 A
743 4083 800 4136 aliis
818 4083 980 4154 argumentis
997 4091 1056 4137 tum
1073 4079 1189 4150 hocipso
1203 4080 1345 4147 agnoscas)

94 4151 172 4208 BCG
191 4153 234 4206 sic
255 4148 398 4218 exhibent,
422 4169 482 4206 cum
507 4151 589 4222 vulgo
616 4152 710 4205 edatur
738 4161 879 4273 postqqum
897 4161 968 4205 utero
986 4171 1014 4205 se
1031 4153 1189 4227 luberecoqn
1210 4147 1267 4199 erit.
1284 4146 1346 4199 Ma·

95 4223 250 4274 bominibus
291 4219 411 4274 barbaria
444 4219 564 4291 quaesita
597 4221 710 4290 quadam
744 4220 784 4291 gis
834 4219 904 4272 atine
921 4221 1038 4273 lustinus
1059 4237 1075 4272 a
1098 4232 1177 4288 quor
1213 4221 1346 4285 sumptum

96 4289 245 4360 elegantia,
267 4286 317 4339 sed
332 4304 485 4370 nonaeque
503 4288 658 4361 ἱστορικῶς.
744 4296 799 4355 est,
817 4303 878 4354 xn,
904 4295 918 4342 3
943 4290 973 4341 ob
991 4292 1037 4342 boc
1054 4301 1112 4339 x111
1130 4285 1220 4337 diebus
1247 4300 1263 4335 n
1285 4299 1346 4363 repe

131 4361 154 4426 §-
173 4365 219 4413 31.
261 4364 287 4406 et
305 4355 364 4424 illc]
393 4367 420 4410 ct
437 4360 486 4411 clla
503 4356 575 4410 Flor.
594 4355 711 4409 DEFHI
745 4359 825 4424 dctis,
843 4366 872 4410 ut
889 4358 946 4409 visa
965 4367 1003 4411 est
1020 4367 1119 4410 uterum
1138 4353 1267 4420 implesse,
1291 4353 1346 4404 dss-

98 4424 180 4480 Bern.
198 4426 226 4478 B
246 4420 310 4475 Pal.
330 4429 342 4475 1
361 4431 438 4480 etex
455 4433 565 4481 correct.
583 4423 656 4478 Flor.
676 4423 709 4479 G.
745 4428 830 4479 cessit.
