2984 5176
493 308 542 358 nu
569 307 695 359 onsms
721 306 830 358 anax.
857 308 934 376 vm,
954 304 995 358 rs.
1288 288 1361 360 381

89 500 135 558 s'
233 489 347 588 Igitur
384 493 477 564 festo
518 491 575 564 die
616 492 711 564 omni
752 491 934 590 opulentia
968 490 1171 564 convivium
1205 491 1420 565 exornan'lt

115 601 240 692 iubet,
267 603 324 674 cui
348 628 422 676 non
437 601 652 677 Macedones
678 603 786 676 modo
814 615 850 677 et
877 600 1013 692 Graeci,
1039 601 1216 699 principes
1242 600 1370 675 amico·
1404 630 1413 651 ·

120 738 227 803 rum,
268 713 332 786 sed
367 713 475 786 etiam
507 715 645 787 nobiles
681 715 945 789 adhiberentur.
999 711 1089 786 Cum
1124 713 1369 809 quibuscum

121 823 367 900 discubuisset
410 850 498 916 rex,
542 825 723 923 paulisper
765 827 929 925 epulatus
971 825 1137 898 convivio
1178 823 1368 922 egreditur.

89 957 105 1005 o
126 933 234 1027 Cleo,
274 937 367 1009 siout
390 947 643 1035 praeparatum
670 948 762 1028 erat,
802 961 1002 1010 sermonem
1028 961 1109 1008 oum
1136 935 1371 1009 admiratione

125 1047 280 1121 laudum
314 1048 389 1121 eius
424 1047 588 1121 instituit.
640 1047 769 1120 Merita
810 1047 937 1120 deinde
977 1049 1199 1146 percensuit,
1243 1047 1371 1144 quibus

128 1184 207 1233 uno
228 1157 338 1232 modo
359 1159 483 1232 referri
503 1160 656 1256 gratiam
673 1151 789 1257 po'sse,
816 1159 857 1249 si,
883 1184 989 1255 quem
1009 1160 1247 1256 intelligerent
1266 1158 1373 1231 deum

127 1296 230 1363 esse,
269 1270 541 1360 confiterentur,
582 1272 712 1368 exigua
746 1271 835 1344 turis
869 1271 1031 1369 impensa
1064 1280 1167 1344 tanta
1200 1269 1403 1343 beneficia

92 1382 324 1481 rpensaturi.
375 1381 504 1456 Persas
532 1381 675 1480 quidem
699 1404 772 1453 non
805 1383 863 1480 pie
888 1382 1019 1473 solum,
1059 1381 1257 1455 sedetiam
1289 1406 1370 1479 pru·

132 1490 258 1568 denter
283 1519 386 1592 reges
414 1519 497 1567 suos
523 1493 616 1565 inter
642 1490 729 1565 deos
757 1494 890 1567 colere:
925 1495 1150 1569 maiestatem
1182 1493 1277 1567 enim
1307 1493 1369 1564 im·

129 1630 220 1705 pern
247 1606 372 1679 salutis
399 1629 477 1678 esse
503 1604 662 1677 tutelam.
710 1600 764 1676 Ne
785 1603 977 1679 Herculem
1003 1604 1145 1710 quidem
1172 1616 1209 1679 et
1226 1603 1371 1677 Patrem

127 1715 300 1791 Liberum
324 1717 423 1816 prius
451 1716 587 1789 dicatos
615 1715 718 1805 deos,
756 1742 863 1813 quam
893 1717 1064 1791 vicissent
1096 1742 1216 1790 secum
1248 1717 1371 1790 viven-

128 1829 224 1903 tium
248 1828 437 1903 invidiam:
471 1826 684 1901 tantundem
711 1853 852 1925 quoque
877 1839 1042 1927 posteros
1070 1829 1229 1919 credere,
1262 1853 1371 1925 quan·

89 1959 110 2008 ‚a
128 1949 211 2013 tum
243 1965 412 2038 praesens
438 1951 537 2014 aetas
570 1938 830 2038 spopondisset.
884 1937 1021 2028 Quodsi
1056 1941 1163 2014 ceteri
1196 1938 1370 2029 dubitent,

127 2052 372 2150 semetipsum,
399 2077 480 2124 cum
505 2077 571 2124 rex
596 2053 722 2125 inisset
743 2051 956 2143 convivium,
981 2062 1246 2150 prostraturum
1271 2051 1371 2123 humi

129 2188 273 2262 corpus.
325 2161 587 2237 Debere'idem
613 2167 730 2238 facere
756 2173 911 2255 ceteros,
951 2174 988 2237 et
1012 2164 1172 2263 inprimis
1200 2164 1373 2267 sapientia

129 2275 335 2374 praeditos:
377 2275 423 2347 ab
454 2274 521 2347 illis
555 2277 648 2350 enim
679 2276 795 2350 cultus
832 2275 869 2347 in
905 2300 1027 2375 regem
1059 2275 1263 2374 exemplum
1294 2299 1373 2349 esse

89 2402 115 2455 tt
128 2383 367 2486 prodendum.
432 2384 542 2460 Haud
589 2390 759 2487 perplexe
796 2389 834 2462 in
873 2385 1113 2462 Callisthenen
1153 2387 1372 2486 dirigebatur

159 2638 280 2711 cap1a,
298 2641 321 2707 5.
331 2645 354 2694 9.
381 2641 523 2694 sedetiam
540 2642 650 2764 achilei]
677 2643 732 2696 De·
766 2660 814 2696 ms.
839 2649 911 2697 certe
936 2640 963 2694 in
989 2640 1062 2695 nullo
1085 2659 1211 2696 meorum.
1251 2641 1321 2703 Nam
1344 2639 1379 2694 hi·

125 2723 183 2762 esse
199 2724 294 2762 vocem
311 2708 419 2762 hurhuri
436 2708 514 2763 facile
532 2711 611 2764 credo
650 2711 733 2765 reins-
766 2729 857 2766 omnes
870 2712 970 2780 referri
983 2712 1101 2780 qratiam
1114 2710 1240 2763 exhibent
1253 2713 1372 2781 (praeter

124 2775 214 2859 hamio
232 2774 390 2844 etHeinsio,
408 2777 498 2830 sedin
516 2778 649 2833 codicibus
666 2779 733 2832 nihil
766 2798 848 2833 unum
857 2779 929 2832 Flor.
939 2778 996 2858 Iin
1011 2797 1064 2850 quo
1082 2786 1123 2858 est
1139 2779 1372 2900 referwallam

214 2852 257 2899 est
286 2861 318 2897 aa
346 2845 459 2900 sonasse
484 2847 585 2901 Persae
616 2849 731 2902 fuerunt.
785 2850 865 2916 osset)
884 2848 931 2900 sed
953 2864 981 2898 m
999 2864 1031 2900 eo
1048 2854 1166 2914 variant,
1213 2864 1230 2898 u
1281 2856 1374 2915 posset
1465 2875 1473 2882 -

124 2863 194 2970 llll
211 2931 261 2967 res
278 2914 353 2995 abest
370 2931 386 2966 a
402 2914 475 2971 Flor.
495 2915 567 2968 DFI.
760 2867 837 2971 Ilor.
847 2917 870 2983 1,
883 2925 992 2985 possent
1009 2915 1081 2995 Flop.
1098 2914 1148 2968 DF
1166 2864 1274 2982 hahent,
1292 2913 1372 2986 pleri·

159 2985 185 3052 5.
203 2988 246 3037 10.
281 2991 349 3036 sicat
369 3001 424 3063 pra
458 2994 562 3037 aratam
584 2986 651 3057 erat]
688 2985 732 3040 Sic
768 3002 820 3066 que
836 2992 926 3038 autem
942 3001 1002 3037 cum
1019 2983 1093 3035 Lerd.
1103 2983 1180 3037 Voss.
1200 2989 1247 3036 1.2
1265 3000 1372 3054 prorsus

123 3060 167 3106 eut
189 3049 220 3105 in
243 3050 320 3105 codd.
336 3050 410 3105 Lerd.
454 3068 510 3106 ern.
526 3056 554 3106 A
569 3053 640 3107 Flor.
658 3053 731 3108 Aac
767 3071 804 3107 sio
825 3061 856 3106 ut
877 3052 1014 3106 edidimus.
1050 3051 1125 3104 Idem
1147 3050 1268 3106 ediderat
1290 3050 1372 3104 etiam

123 3118 267 3191 sigeberg.
285 3118 381 3191 Modii,
406 3119 525 3192 margine
547 3120 611 3175 edit.
628 3122 687 3176 Iun.
704 3132 733 3176 et
766 3121 875 3175 Modius
888 3120 933 3193 qui
947 3120 973 3173 in
987 3137 1019 3174 eo
1038 3119 1127 3191 inepte
1144 3118 1282 3190 gloriatur,
1300 3119 1372 3191 qnod
1426 3148 1429 3153 <

122 3197 214 3256 reem,
239 3205 301 3241 nam
317 3188 463 3242 Alexandri
485 3189 512 3242 in
534 3206 565 3243 ea
586 3208 615 3244 rc
632 3191 666 3244 ali
687 3209 733 3245 uas
767 3193 792 3244 si
809 3208 882 3261 quern
899 3187 1059 3255 restituerit,
1087 3207 1145 3242 cum
1163 3196 1243 3242 antea
1261 3188 1372 3242 circum·

158 3264 219 3311 rtes
235 3255 314 3312 fuisse
331 3264 408 3311 tenor
424 3257 463 3311 rei
480 3258 606 3312 ostendit.
640 3209 693 3313 le
715 3277 731 3313 o
767 3260 850 3313 lutum
868 3258 950 3312 fuerit
967 3259 1101 3329 siqnidem.
1126 3257 1196 3311 Nam
1205 3273 1257 3328 ego
1266 3256 1372 3328 quidem

121 3275 228 3397 {gitur
245 3326 312 3379 sicat
322 3337 543 3397 praeparaverat.
578 3326 660 3392 Quod
704 3346 732 3382 o·
767 3330 792 3381 si
813 3346 887 3408 qoem
908 3327 936 3380 in
953 3327 1034 3381 Vind.
1051 3326 1147 3379 Merul.
1165 3325 1226 3378 Ald.
1248 3326 1307 3380 Iun.
1330 3325 1372 3379 in·
1446 3358 1449 3364 ·

123 3394 186 3477 dius
213 3391 298 3473 edidit
325 3397 393 3448 sicut
406 3405 596 3476 'praeparatas
622 3404 732 3477 erat-et
766 3414 851 3450 venio.
1160 3465 1166 3477 ·
1336 3462 1343 3476 Ι

117 3461 473 3612 ttthtlfthttlt?
490 3471 732 3587 tttwtttth
767 3465 1222 3604 ..tinihlttttttttt
1255 3463 1372 3586 {till

121 3600 199 3654 Flor.
219 3598 248 3652 H
264 3617 292 3652 tn
312 3600 407 3670 quibus
429 3608 470 3654 est
494 3603 534 3654 sic
551 3612 732 3681 praeparatas
768 3604 869 3672 quidem
884 3610 977 3655 contra
989 3619 1036 3654 ms.
1049 3601 1237 3656 Leid.Voss.1
1256 3609 1373 3655 nostros·

124 3678 199 3735 erat·
221 3684 314 3720 verum
330 3668 463 3722 latinitate
482 3669 655 3736 convincitur,
673 3688 734 3723 nam
770 3686 821 3739 que
837 3678 942 3741 praeter
955 3670 1165 3723 Flor.Fomnes.
1193 3669 1294 3735 Quodsi
1307 3687 1373 3741 opus

119 3737 291 3808 praeparati
307 3753 363 3790 non
379 3736 504 3791 dicuntur
521 3737 603 3791 latine
617 3738 734 3792 homines
769 3746 837 3791 esset
854 3738 961 3808 aopnla,
983 3756 1035 3818 qua
1057 3755 1111 3792 non
1129 3756 1194 3818 opus
1211 3737 1296 3791 estin
1314 3755 1374 3791 orn·

124 3823 189 3860 mm
205 3803 384 3858 instituuntur
401 3822 432 3859 ae
449 3807 578 3859 docentur
593 3807 657 3876 quid
671 3807 735 3878 ipsis
769 3808 844 3860 tione
861 3806 949 3870 incisa,
969 3806 1077 3859 dixisset
1093 3815 1182 3876 potrus
1201 3808 1241 3859 Ac
1250 3824 1282 3859 ne
1290 3806 1372 3859 Hero.

124 3873 270 3928 dicendum
287 3872 345 3937 sit‚'
359 3873 405 3926 sed
419 3874 560 3929 oum-victu
573 3874 667 3929 idoneo
681 3892 735 3929 me·
787 3878 880 3929 aldem.
914 3874 984 3929 Vide
1001 3877 1036 3928 ad
1052 3889 1092 3941 vr,
1111 3882 1152 3929 tt.
1169 3889 1221 3941 vn,
1240 3880 1265 3930 4.
1302 3873 1373 3926 Item

125 3940 189 3996 dice
205 3949 340 3996 curantur.
770 3894 804 3996 de
821 3943 881 3997 loeo
898 3943 1019 3997 vocabuli
1036 3961 1135 4013 qaoque
1152 3943 1184 3996 ef.
1200 3944 1234 3996 sd
1243 3957 1283 4009 vr,
1293 3947 1336 4006 20,
1346 3947 1371 3995 4.

161 4011 263 4081 ret'erni
281 4012 398 4080 qratiam
419 4013 511 4080 posse]
547 4012 616 4065 Edd.
638 4013 736 4082 referri
821 4019 879 4065 ‚la
898 4015 1105 4081 exemplamesse
1116 4013 1281 4080 prodendam
1312 4010 1372 4063 Hoc

125 4081 221 4149 pratia
245 4088 338 4147 posset
362 4080 504 4132 secundnm
531 4081 649 4151 regulam
676 4082 735 4133 vnl-
769 4098 785 4135 o
818 4080 861 4133 ine
886 4081 968 4134 verba
993 4079 1154 4133 collocantur
1184 4079 1210 4132 in
1237 4079 1275 4133 Sn
1311 4079 1371 4132 enb.

126 4163 230 4218 garena.
265 4145 320 4200 Sed
341 4146 392 4200 alie
414 4156 456 4201 est
481 4148 559 4219 paulo
581 4149 736 4229 exquisitior
769 4148 889 4219 meisque
919 4148 1047 4202 omnibus.
1091 4147 1180 4218 Vulgo
1204 4150 1371 4218 prodendam

127 4232 208 4287 quae,
232 4216 277 4269 ubi
295 4215 464 4270 continuetur
480 4217 574 4285 oratio,
597 4226 675 4271 etiam
692 4235 736 4271 ac·
770 4234 825 4271 esse
843 4220 993 4287 exemplam.

127 4283 263 4339 cusativos
290 4301 350 4338 cum
375 4284 510 4338 infinitivis
537 4296 601 4356 post
626 4287 735 4340 relativa
805 4289 828 4354 §.
848 4293 887 4340 13.
931 4288 959 4338 in
988 4285 1165 4338 Callisthenen
1196 4285 1370 4356 dirigebatur]

127 4353 192 4479 piam
209 4368 287 4424 posse
305 4353 389 4407 docet.
425 4353 495 4408 Vide
513 4352 559 4407 Gr.
573 4354 619 4408 lat.
635 4359 658 4422 ξ.
677 4362 734 4409 603.
770 4355 860 4477 {uligo
889 4354 1089 4421 Callisthenem,
1120 4354 1168 4407 sed
1197 4354 1373 4407 Callisthenen

157 4440 201 4476 am
791 4441 808 4475 n
846 4463 852 4475 .

228 4421 299 4493 quod
323 4421 405 4493 vulgo
431 4422 521 4476 editur
545 4422 572 4476 in
598 4424 671 4477 nullo
695 4432 736 4477 est
870 4430 901 4478 ut
919 4422 956 4476 ait
972 4439 1006 4476 ex
1023 4440 1082 4477 mss.
1092 4418 1162 4476 et'h.
1172 4422 1190 4476 1.
1208 4421 1245 4477 sie
1258 4421 1373 4476 Bemh
