2926 5174
128 264 202 339 330
596 285 630 349 o.
654 285 778 337 caeru
801 287 885 338 aum

76 473 124 546 30
226 465 283 542 lta
308 470 368 565 qui
393 481 478 568 post
502 469 661 544 Dareum
692 470 828 543 victum
862 470 989 544 ariolos
1025 479 1063 543 et
1094 474 1196 544 uates
1226 469 1355 543 consu-a

124 583 197 655 lere
215 580 379 654 desierat:
398 606 522 656 rursus
540 582 587 656 ad
605 581 903 681 superstitionem,
925 582 1160 656 humanarum
1181 582 1333 656 mentium

123 692 286 783 ludibria,
315 692 509 784 revolutus,
535 694 798 783 Aristandrum,
824 693 880 766 cui
906 692 1150 766 credulitatem
1176 717 1273 766 suam
1287 691 1333 765 ad·

125 802 285 893 dixerat,
321 803 508 901 explorare
547 816 716 879 eventum
753 829 873 878 rerum
906 803 1081 877 sacrificiis
1115 803 1225 878 iubet
1271 801 1334 877 Mos

124 924 202 988 erat
229 916 449 1014 aruspicibus
476 927 561 990 exta
587 917 662 992 sine
693 943 779 1016 rege
810 924 986 1013 spectare,
1023 923 1060 988 et
1091 939 1182 1011 quae
1213 925 1334 1015 portau-

124 1024 312 1118 derentur,
351 1028 492 1103 referre.
544 1027 643 1102 Inter
677 1029 767 1102 haec
800 1038 883 1117 rex,
926 1025 1011 1098 dum
1045 1026 1144 1108 fibris
1178 1025 1355 1125 pecudumt

125 1138 360 1235 explorantur
385 1150 535 1214 eventus
560 1141 749 1215 latentium
774 1163 908 1229 rerum,
945 1139 1091 1237 propius
1125 1139 1243 1237 ipsum
1272 1163 1335 1211 cou-

123 1249 238 1324 sidere
265 1251 396 1324 amicos
422 1252 539 1344 iubet,
578 1278 625 1326 ne
651 1252 876 1325 contentione
903 1249 1000 1323 vocis
1032 1251 1231 1323 cicatricem
1260 1249 1335 1321 iufir-

122 1386 218 1434 mam
252 1361 371 1435 adhuc
401 1373 591 1462 rumperet.
644 1361 877 1461 Hephaestit),
916 1358 1083 1434 Craterus
1121 1371 1158 1436 et
1189 1360 1335 1460 Erigyius

124 1483 226 1546 erant
253 1497 333 1547 cum
361 1475 568 1548 custodibus
594 1473 631 1546 in
657 1473 925 1546 tabernaculum
952 1471 1105 1544 admissi.
1152 1471 1360 1562 Discrimqt

125 1581 248 1679 inquit,
274 1610 327 1659 me
351 1589 523 1687 occupavit
547 1587 679 1662 meliore
704 1584 853 1677 tostam,
879 1609 980 1684 quam
996 1607 1067 1657 mro
1092 1595 1245 1683 tempore.
1282 1577 1336 1657 Sat

123 1696 298 1770 marcatas
324 1711 398 1772 aute
422 1700 583 1774 rationem
604 1711 668 1788 est,
702 1696 847 1769 marimo
872 1696 909 1769 iu
933 1694 1029 1785 bello,
1064 1695 1154 1794 qaod
1178 1720 1257 1770 raro
1273 1717 1334 1792 pa·

122 1804 261 1880 mittitur
287 1821 429 1909 tempora
455 1810 567 1910 lepore.
618 1809 777 1910 Deserere
803 1804 990 1896 Bactriani,
1024 1806 1062 1878 iu
1087 1831 1230 1906 quarum
1253 1801 1360 1878 uiui-¹¹

125 1917 216 1992 tibus
241 1933 376 2012 stamus,
408 1935 438 1995 et
462 1935 621 2021 quamtum
647 1921 683 1994 ia
707 1919 799 1994 uobis
824 1917 930 1991 animi
953 1916 1004 2007 sit,
1035 1916 1143 1991 altem
1168 1916 1276 1990 Marte
1294 1938 1333 1987 tr

117 2030 309 2128 pariuntur.
362 2031 471 2106 Haud
496 2031 597 2106 dubia
618 2035 775 2134 fortuma,
811 2030 843 2104 si
873 2027 1082 2104 omiserimus
1107 2027 1248 2129 Stytlms
1269 2025 1333 2101 stro
1375 2044 1377 2057 '

159 2203 198 2258 Ca
218 2245 223 2257 .
242 2210 285 2273 30,
304 2210 328 2272 §-
347 2212 371 2258 8.
406 2208 450 2260 Ito
469 2210 514 2278 qui
530 2216 601 2276 post.
635 2206 725 2275 Vulgo
759 2205 909 2275 adiungere.
943 2205 1044 2258 Locum
1070 2202 1171 2274 primus
1197 2210 1267 2258 recte
1288 2217 1332 2256 ocu·

123 2223 292 2343 postdldum
305 2273 393 2326 editur
410 2277 447 2327 ito
466 2294 497 2330 ue
514 2278 567 2356 qui,
586 2276 634 2328 sed
648 2276 722 2329 codd.
757 2272 845 2328 stituit
862 2273 945 2326 Hedr.
963 2271 1063 2326 lunius.

123 2339 243 2412 plerique
265 2357 355 2395 omnes
376 2350 404 2395 et
421 2359 436 2394 e
456 2383 462 2396 .
484 2361 604 2414 pnnceps
628 2343 723 2398 omisso
791 2342 956 2411 Hephaestio.
978 2340 1068 2411 Vulgo
1077 2342 1263 2410 Hephaestiam
1277 2336 1332 2394 codd

123 2412 168 2530 qui
185 2416 290 2462 tentum
307 2411 406 2464 habent
424 2412 516 2482 Itaque
528 2423 600 2493 post,
618 2416 693 2466 Voss.
708 2419 719 2465 l
758 2425 848 2465 omnes
865 2410 991 2479 Eptestio
1009 2409 1065 2462 sine
1081 2428 1098 2462 u
1116 2409 1196 2464 finali.

147 2477 234 2531 lor.H
252 2481 290 2532 ita
307 2481 358 2549 qui.
382 2478 441 2533 Hoc
454 2488 534 2534 secuti
548 2499 649 2534 sumus:
662 2498 724 2533 nam
791 2482 815 2548 ξ.
831 2485 871 2532 10.
923 2481 976 2532 uod
991 2496 1054 2531 raro
1066 2480 1238 2558 premittitur]
1269 2475 1333 2531 lam

123 2547 161 2598 ita
189 2545 305 2600 breviter
331 2565 383 2600 non
409 2565 469 2602 raro
495 2544 591 2605 dicitur
615 2567 663 2620 pro
685 2551 723 2603 ito
758 2548 800 2602 hie
816 2547 845 2601 in
865 2565 903 2599 nu
960 2553 1105 2600 sententiae
1129 2547 1290 2612 difficultate,
1309 2541 1333 2596 sb

113 2614 220 2685 sactum
242 2625 281 2668 est
302 2625 338 2668 ut.
376 2615 445 2669 Vide
463 2617 529 2672 Hor.
547 2617 724 2672 Tursellinum
758 2614 903 2671 editoribus
910 2614 1081 2668 diversissime
1088 2623 1235 2687 temptatus
1242 2622 1286 2668 est.
1298 2610 1334 2666 la.

122 2683 171 2736 sub
188 2683 213 2735 h.
223 2702 248 2736 v.
265 2690 334 2738 extr.
757 2703 800 2756 pr.
810 2687 881 2755 quod
897 2702 961 2738 roro
974 2684 1134 2754 permittitur
1148 2685 1335 2754 temporetam

121 2748 726 2890 austriacarum?sita
758 2749 1337 2876 ressuscitaturus

120 2900 204 2960 marg.
222 2889 299 2958 edit.)
322 2898 351 2942 et
367 2888 426 2942 Iani
443 2890 576 2959 Palmerii,
600 2892 724 2946 aModio
758 2891 800 2944 dit
816 2908 865 2962 pro
883 2890 1005 2960 eoquod
1022 2889 1073 2942 fuit
1090 2892 1183 2959 teyem,
1201 2840 1336 2965 Iuriimiot·

120 2965 228 3029 recepta
254 2965 283 3012 et
308 2957 471 3080 reliquorum
500 2961 584 3043 iusto¹
597 2977 724 3014 consensu
757 2959 811 3012 tius
827 2975 982 3040 ⁸aggressus
1011 2967 1136 3040 tempora·
1157 2960 1249 3040 stipere
1275 2955 1337 3074 Mi-

37 3106 42 3114 ·
120 3025 384 3150 iiiiiiilaiia‘
414 3029 725 3168 lieddibf‘llapllll
756 3028 1336 3171 ffiiissubiiiiaiiisiffiiiifflqm

120 3171 177 3227 est,
204 3182 281 3234 quam
302 3182 363 3217 uam
384 3183 437 3217 non
459 3175 500 3220 est
522 3165 572 3219 nisi
593 3165 621 3218 in
637 3165 726 3236 paucis
759 3181 850 3218 verum
879 3171 962 3228 esset,
994 3161 1116 3215 nimirum
1146 3163 1209 3216 dum
1232 3163 1337 3232 parutt

121 3231 254 3285 codicibus
278 3181 348 3286 ilar.
366 3233 408 3287 DI
429 3233 486 3287 Pal.
507 3243 538 3298 1,
561 3251 620 3287 cum
641 3234 675 3287 sit
698 3234 726 3287 iu
761 3231 878 3302 corrigit.
913 3230 1012 3284 Postea
1028 3230 1108 3301 vulgo
1124 3231 1168 3284 edi
1182 3232 1336 3301 coepturam

120 3298 228 3369 reliquis
245 3303 366 3354 ludibrio.
401 3301 532 3356 Molestus
556 3310 598 3355 est
619 3302 726 3372 pluralis
760 3320 810 3372 quo
835 3317 898 3354 raro
922 3300 1083 3369 permittitur
1111 3309 1227 3368 tempora
1255 3298 1335 3366 edunt

121 3383 253 3435 numerus,
270 3370 365 3438 fateor,
383 3388 443 3423 nam
460 3386 542 3442 supra
560 3387 583 3423 c.
595 3377 625 3423 1a
644 3373 728 3440 mapi-
762 3371 831 3440 quod
848 3385 883 3421 ex
900 3367 1019 3420 omnibus
1035 3366 1148 3420 mixtum
1165 3374 1208 3420 est
1222 3374 1251 3420 et
1261 3376 1335 3440 um

121 3438 255 3489 caeartis:
273 3439 385 3492 simodo
400 3457 446 3492 ars
460 3451 507 3506 est,
528 3456 581 3491 nou
590 3441 727 3492 vanissimi
761 3439 842 3491 habet
867 3453 925 3506 quo.
960 3435 1089 3506 Equidem
1118 3434 1147 3487 in
1176 3434 1264 3505 priore
1288 3430 1334 3484 edit

122 3504 246 3573 cuiusque
279 3508 473 3574 ludibrium,
505 3523 538 3559 ac
569 3506 653 3578 possis
681 3515 728 3559 aut
761 3513 865 3560 servata
887 3504 990 3575 reliqua
1010 3503 1139 3574 scriptura
1155 3511 1259 3557 tannim
1273 3503 1335 3570 leym

121 3574 319 3640 superstitiones
340 3586 387 3628 aut
413 3577 558 3629 ludibrium
585 3576 727 3645 corrigere,
761 3572 872 3628 restitui.
907 3573 987 3626 Nunc
1003 3580 1092 3625 autem
1106 3571 1185 3626 video
1201 3562 1335 3642 promenti

120 3648 303 3700 verumtamen
320 3643 425 3696 videtur
441 3643 504 3697 terri
520 3642 626 3696 debere.
644 3643 728 3697 Intel-
762 3640 884 3696 Aldinam
893 3640 1033 3694 lectionem
1045 3640 1207 3694 redeundum
1220 3654 1274 3693 esse
1286 3646 1334 3706 (μ

120 3708 241 3779 ligantur
257 3709 330 3763 varia
338 3710 532 3781 superstitionis
542 3712 651 3779 geneis,
670 3713 729 3783 qui·
763 3719 791 3764 et
807 3728 824 3763 a
840 3709 912 3763 libris
930 3727 991 3762 msa.
1007 3709 1141 3762 minimum
1157 3709 1263 3762 recedat
1276 3701 1334 3778 etlff·

120 3778 170 3832 bus
187 3785 288 3836 mentes
305 3780 434 3832 humanae
450 3778 608 3832 illuduntur.
763 3778 862 3832 tinitati
879 3778 1026 3832 conveniat.
1061 3777 1131 3830 Nam
1148 3779 1218 3858 quod
1232 3775 1258 3829 in
1272 3786 1333 3828 cunr

155 3849 178 3915 §-
189 3854 213 3901 9.
266 3849 356 3916 ropius
372 3849 457 3917 ipsam
476 3848 614 3901 considere
629 3850 728 3902 amicos
762 3850 816 3903 bue
829 3855 870 3900 est
885 3854 994 3917 praeter
1006 3846 1077 3900 Flor.
1087 3844 1139 3899 BG
1154 3862 1182 3898 m
1199 3843 1332 3915 qurum

120 3916 197 3969 iubet.
256 3916 315 3969 odd.
334 3934 393 3969 mss.
411 3931 501 3969 omnes
518 3918 600 3983 prius
618 3916 728 3984 habent,
763 3916 873 3987 legitur,
899 3923 957 3968 tum
972 3915 1132 3985 permittitur
1152 3921 1181 3967 et
1196 3908 1331 3984 mereim

120 4000 188 4037 unus
198 3983 297 4038 Flenc
308 3987 421 4054 primus,
435 3983 512 4036 iidem
523 3982 628 4037 addunt
637 4002 728 4039 omnes
763 4000 862 4052 omnes,
881 3994 996 4053 tempora
1014 4000 1079 4038 unus
1095 3981 1166 4035 Flor.
1176 3979 1209 4036 G.
1243 3978 1331 4031 Imu-

120 4053 235 4107 deiade
258 4055 369 4121 amicos,
392 4054 439 4106 sed
456 4069 490 4105 ne
507 4051 559 4105 hoc
576 4052 632 4105 sine
650 4071 727 4106 sensu
762 4055 807 4106 des
826 4064 938 4122 tempore
955 4068 1011 4106 esse
1029 4070 1087 4119 suo,
1110 4066 1205 4123 aequo,
1227 4054 1327 4116 mmmm

119 4127 197 4186 esset,
216 4122 383 4174 considerare
401 4122 532 4173 dederunt
550 4124 728 4188 praesidere
762 4124 854 4175 bellam
878 4123 962 4189 tepere
985 4119 1035 4174 dici
1058 4118 1183 4187 adlapsa
1205 4112 1327 4189 alerici&

118 4187 191 4240 Flor.
208 4188 300 4242 DFGI
326 4190 384 4243 Pal.
403 4197 427 4243 1.
461 4187 596 4308 Equidem
623 4206 726 4242 omnem
762 4189 983 4261 quemadmodum
1004 4189 1086 4244 latine
1110 4185 1247 4258 opponitur
1265 4183 1326 4249 tw

120 4256 189 4308 hanc
205 4256 363 4310 varietatem
386 4274 419 4309 ex
437 4274 486 4310 con
499 4271 591 4308 nerone
609 4258 725 4310 vocabu·
761 4267 790 4311 et
806 4259 922 4311 reticere.

120 4322 207 4375 lorum
234 4327 312 4392 prius
339 4334 368 4378 et
392 4328 508 4395 propius
535 4330 623 4375 ortam
650 4334 724 4394 puto,
796 4330 818 4396 ξ.
839 4333 879 4380 11.
918 4327 1004 4380 Haud
1020 4326 1098 4379 dubia
1113 4323 1232 4396 fortuma]
1261 4309 1323 4369 chd

121 4406 175 4460 qua
182 4392 262 4445 semel
279 4393 417 4447 commissa
433 4407 539 4447 necesse
556 4399 615 4445 erat
632 4394 726 4448 deiude
759 4395 861 4467 aliquot
884 4394 957 4449 Flor.
975 4394 1052 4449 DFG
1067 4393 1154 4448 Pell
1183 4389 1249 4445 baud
1267 4380 1323 4437 Μ*
