2926 5174
467 298 514 349 un
540 297 667 351 cussis
693 297 801 350 Anax.
828 299 892 369 vn,
920 297 944 345 1.
1236 280 1308 352 289

111 471 151 544 (lt)
169 470 269 531 Relicto
294 474 426 546 praesidio
453 475 550 532 Bactra
570 478 661 548 redit,
687 481 845 550 (incipiente
865 481 947 534 bieme
968 480 1033 533 anni
1054 496 1071 532 a
1092 477 1155 532 etr.
1176 488 1231 533 nat.
1253 486 1312 535 329.

108 555 221 624 amada)
239 568 288 606 nec
303 569 367 606 vero
386 551 430 605 diu
447 551 486 607 ibi
503 555 632 623 constitit,
651 558 700 609 sed
717 558 902 628 supplemento
916 556 1135 624 militumauotus,
1156 554 1217 610 Oxo
1226 555 1314 610 denuo

107 627 206 701 superato
215 647 287 684 arma
293 628 487 698 'obcumferena
506 649 678 704 quaecunque
688 633 837 688 desectione
846 635 954 688 turbata
970 642 1052 700 erant,
1070 631 1215 703 componit,
1233 650 1316 686 novas

107 707 165 761 etism
180 725 225 762 rex
242 708 321 760 urbes
339 707 430 761 condit
446 706 516 762 circa
532 710 706 781 Marganiam.
741 712 801 782 (41)
819 706 971 782 Supererat
979 721 1065 782 petra,
1084 728 1163 782 quarn
1179 709 1316 763 Arimazes

106 782 228 854 Sogdianus
247 784 396 853 obtinebat,
413 785 483 856 regis
500 785 584 840 minas
602 787 719 842 eludens.
744 788 839 860 Itaque
848 788 1002 842 Alexander
1011 794 1062 843 300
1071 787 1179 840 iuvenes
1198 786 1316 840 delectos

105 860 198 914 nsrinris
220 861 356 932 promissis
378 870 501 917 oneratos
519 862 546 915 in
572 881 701 917 summum
721 864 819 918 montis
836 864 964 919 verticem
981 881 1075 918 averso
1091 863 1186 918 itinere
1203 864 1317 917 evadere

103 936 163 991 iubet
195 943 252 1006 (42)
276 938 330 1003 Qui
347 955 398 1009 per
414 955 509 1009 aspera
526 947 555 992 et
571 940 684 1010 abrupta
701 940 769 994 enisi
785 943 894 995 tandem
911 958 944 995 eo
961 941 1132 1012 perveniunt,
1148 933 1316 1012 signumque,

103 1014 183 1086 dequo
199 1023 374 1083 convenerat,
398 1017 487 1069 edunt.
524 1021 582 1084 (43)
605 1016 666 1081 Quo
684 1024 832 1072 monstrato
851 1017 985 1073 Arimazes
1006 1017 1161 1090 perterritus
1182 1017 1240 1089 regi
1258 1034 1317 1071 sese

104 1090 165 1161 dedit,
181 1094 227 1147 sed
244 1092 387 1165 superbiae
404 1111 481 1149 causa
498 1092 627 1166 supplicio
646 1092 765 1148 afficitur.

178 1372 377 1504 Philotan
404 1431 495 1506 sicut
520 1433 724 1506 recentibus
751 1433 893 1507 sceleris
929 1433 1004 1506 eius
1043 1432 1202 1532 vestigiis
1236 1433 1312 1512 iure
1342 1439 1361 1510 l

98 1543 242 1618 affectum
270 1542 444 1641 supplicio
464 1553 677 1618 censuerant
689 1545 829 1637 milites,
855 1547 916 1637 ita,
943 1556 1135 1643 postquam
1161 1536 1317 1621 desierat

99 1677 156 1730 esse
180 1679 288 1754 quem
315 1653 485 1746 odissent,
511 1654 695 1728 invidiain
708 1648 1118 1730 misericordiamvertit.
1152 1655 1318 1733 Moverat

98 1775 124 1836 ct
149 1767 291 1840 claritas
320 1756 480 1858 iuvenis,
516 1777 552 1840 et
582 1767 695 1864 patris
732 1767 807 1841 eius
842 1767 1007 1842 senectus
1035 1777 1143 1864 atque
1170 1771 1315 1844 orbitas.

96 1869 222 1964 Primus,
255 1876 383 1952 Asiam
422 1887 612 1976 aperuerat
650 1879 726 1976 regi
766 1880 923 1952 omnium
962 1881 1198 1980 periculorum
1241 1883 1316 1955 eius

95 1989 273 2088 particeps,
312 2015 451 2088 semper
483 1990 635 2064 alteriun
666 1990 804 2063 inscie
831 2015 942 2063 cornu
977 1989 1201 2083 defenderat,
1235 1990 1315 2064 Phi·

95 2095 172 2198 lippo
206 2127 353 2200 quoque
386 2113 470 2175 ante
498 2127 621 2175 omnes
648 2102 797 2193 amicus,
833 2111 870 2175 et
901 2102 968 2199 ipsi
994 2101 1204 2176 Alexandro
1239 2114 1316 2176 tam

94 2207 181 2305 fidus,
220 2223 264 2287 ut
305 2211 489 2286 occidendi
512 2213 677 2287 Attalum
710 2239 783 2285 non
809 2212 887 2286 alio
913 2212 1077 2289 ministro
1104 2214 1156 2286 uti
1182 2214 1315 2288 mallet.

93 2314 211 2398 Horum
252 2324 423 2423 cogitatio
462 2325 606 2398 subibat
645 2325 860 2415 exercitum,
906 2324 1166 2423 seditiosaeque
1206 2349 1315 2400 voces

94 2436 325 2512 referebantur
348 2434 398 2508 -ad
423 2461 553 2535 regem.
591 2432 677 2523 Quis
692 2435 750 2509 ille
763 2435 862 2510 haud
888 2461 974 2510 sane
1000 2446 1130 2526 motus,
1158 2435 1316 2535 satisque

93 2548 243 2641 prudens,
273 2534 337 2621 otii
349 2547 437 2620 vitia
455 2547 601 2647 negotio
619 2545 758 2639 discuti,
786 2548 901 2639 edicit,
929 2557 970 2620 ut
996 2572 1119 2622 omnes
1146 2547 1182 2617 in
1211 2547 1315 2622 vesti·
1345 2585 1347 2593 ·

94 2651 159 2733 bulo
184 2661 309 2759 regiae
335 2668 479 2756 praesto
506 2659 586 2731 sint.
628 2655 726 2746 Quos
740 2658 803 2731 ubi
827 2661 1032 2757 frequentes
1046 2659 1173 2733 adesse
1186 2683 1315 2757 cogno-

93 2765 147 2860 vit,
183 2756 221 2844 in
262 2771 465 2844 contionem
503 2769 686 2868 processit.
738 2768 849 2843 Haud
888 2770 994 2846 dubie
1035 2797 1081 2846 ex
1116 2769 1314 2866 composito

91 2873 262 2956 Atharrias
298 2882 480 2981 postulare
512 2882 645 2980 coepit,
684 2892 727 2955 ut
760 2880 956 2980 Lyncestes
989 2879 1211 2972 Alexander,
1253 2879 1313 2976 qui

91 2992 184 3066 multo
211 3005 300 3068 ante
314 3018 421 3092 quarn
434 2991 595 3066 Philotas
622 3017 753 3091 regem,
770 2993 944 3068 voluisset
971 2992 1142 3082 occidere,
1170 2992 1313 3065 exhibe·

91 3111 179 3178 retur.
232 3105 270 3180 A
298 3104 438 3180 duobus
463 3103 655 3197 indicibus,
691 3105 783 3178 sicut
818 3129 927 3204 supra
952 3102 1127 3195 diximus,
1163 3102 1313 3194 delatus,

113 3379 204 3438 Liber
229 3398 284 3437 vn.
321 3382 386 3454 Cap
405 3389 430 3451 1,
452 3387 475 3453 ξ.
494 3391 517 3438 1.
552 3384 678 3439 Philotan
748 3388 772 3452 s.
791 3390 815 3438 5.
850 3385 1001 3438 Atbarrias.
1019 3383 1088 3438 Vide
1105 3383 1140 3437 ad
1156 3397 1185 3451 v,
1205 3390 1229 3437 7.
1246 3381 1314 3438 Vul-

91 3441 173 3507 [lraeca
193 3451 384 3507 terminatione
410 3453 470 3505 dedi
493 3453 678 3507 accedentibus
712 3455 836 3522 gatumA
855 3455 947 3507 barim
961 3462 1002 3506 est
1010 3453 1038 3506 in
1046 3453 1119 3507 Flos.
1128 3452 1188 3520 AB,
1207 3454 1315 3522 Aptar-

91 3512 126 3572 tl
142 3521 227 3575 tribus
246 3520 403 3575 aroenae
419 3522 453 3574 ad
470 3522 676 3575 veteremBern.
712 3523 769 3575 rias
786 3522 815 3574 in
831 3471 904 3575 flor.
923 3522 962 3591 D,
990 3523 1121 3592 Afom'as
1144 3521 1172 3574 in
1190 3521 1274 3574 Voss.v
1287 3527 1313 3601 J,

91 3583 309 3645 lauctoritntem.
344 3589 415 3642 Tum
430 3592 532 3644 insidia
549 3621 584 3663 Τ
601 3592 677 3643 vertit
710 3592 842 3712 pffarrios
867 3591 948 3644 Bern.
969 3592 995 3643 A
1021 3591 1106 3659 Laid,
1128 3592 1259 3659 optaretis
1286 3606 1314 3641 rn

91 3655 182 3711 unum
207 3657 334 3725 Modius,
360 3657 455 3712 deinde
481 3657 676 3712 Freinshemius
734 3659 1156 3730 lor.ar1‚psareasaern.13‚
1175 3659 1314 3728 opborrios

91 3725 243 3797 eripuerant,
274 3744 336 3780 cum
361 3727 442 3797 vulgo
469 3734 526 3781 tum
553 3728 676 3780 ederetur
710 3727 782 3781 Flor.
804 3726 857 3795 GI,
893 3729 1019 3797 aptarier
1044 3728 1116 3782 Flor.
1138 3727 1171 3794 F,
1197 3729 1313 3780 odorras

91 3797 184 3849 mitur,
224 3795 364 3866 Perpetua
388 3796 455 3848 haec
479 3803 523 3849 est
551 3795 674 3862 varietas,
709 3795 781 3850 Flor.
800 3795 831 3851 C.

91 3863 117 3916 sd
147 3862 309 3946 integriores
337 3862 397 3916 libri
427 3872 538 3918 tuentur
563 3864 676 3919 activam
989 3911 992 3915 .

91 3946 180 3986 rimam
196 3931 385 4004 irquosSnulr.
398 3933 509 3987 eontulit
525 3941 554 3986 et
572 3940 675 3986 nostro·
744 3935 767 4002 §.
786 3939 809 3987 6.
844 3935 911 3987 siout
928 3933 1153 4002 supradiximus]
1189 3927 1312 4007 Intellige

91 4017 127 4054 un
142 4000 224 4056 Bern.
243 4008 360 4120 utercpus
376 4000 447 4055 Flor.
464 4001 583 4068 ABEH,
608 4002 675 4053 invi-
709 4000 737 4054 in
762 4000 830 4056 libro
856 4003 969 4056 secundo
996 4001 1072 4054 huius
1100 3996 1239 4063 historiae,
1265 4013 1313 4117 pur

91 4069 141 4122 ιάηι
161 4079 267 4124 amant
294 4068 366 4122 For.
385 4068 421 4138 C,
448 4072 578 4124 insidiam
600 4071 675 4123 vertit
709 4070 796 4150 periit.
822 4070 928 4124 Accidit
944 4070 1014 4122 enirn
1023 4086 1075 4136 res,
1093 4085 1152 4122 cum
1160 4065 1313 4144 Alexan-er

91 4136 141 4191 lor.
158 4137 187 4194 Η
203 4139 290 4193 Bern.
307 4136 341 4191 Β.
709 4157 738 4192 rn
755 4138 808 4193 oris
824 4139 904 4193 Asiae
920 4137 1027 4191 minoris
1044 4137 1206 4191 versabatur.
1241 4133 1311 4185 Vide

102 4209 170 4271 sud.
207 4215 323 4277 praesb
352 4207 411 4260 sint.
446 4206 537 4278 Vulgo
565 4215 675 4276 praesto
710 4206 853 4261 Arrianum
864 4223 884 4275 1,
894 4212 937 4273 25,
957 4206 1068 4259 Diodor.
1077 4219 1148 4268 xvu,
1157 4208 1199 4256 32.
1216 4205 1312 4282 Itaque

91 4274 190 4344 dorent,
208 4274 308 4329 mirum
318 4274 515 4344 undeductum,
529 4274 676 4329 namcodd.
729 4276 789 4330 aulo
807 4277 866 4346 plus
888 4274 1031 4328 triennium
1052 4272 1169 4339 effluxit,
1193 4287 1312 4340 quamvis

91 4342 153 4398 ostri
169 4343 280 4416 quidem
297 4350 326 4397 et
338 4342 419 4398 Snak.
437 4360 528 4399 omnes
545 4352 577 4398 ut
593 4342 676 4398 edidi-
710 4293 744 4465 {a
761 4346 852 4426 eadem
858 4359 899 4466 dria
915 4342 1034 4464 tloquens
1055 4342 1111 4414 ipse
1127 4357 1176 4396 rex
1193 4352 1260 4406 vm,
1278 4345 1312 4393 26

91 4429 134 4467 us.
727 4431 842 4467 senorum
885 4428 935 4466 oa.

1070 4500 1101 4553 1e
