2926 5174
509 321 557 371 nn
585 318 711 372 ansus
736 319 845 372 anun
873 321 922 391 v1‚
950 319 974 370 o.
1277 298 1349 370 235

121 507 219 604 vulgi
250 529 353 579 aures
383 515 638 603 praepararent
673 505 748 578 sibi.
802 501 966 601 Satisque
993 503 1172 592 omnibuS,
1199 529 1289 600 quae
1315 504 1351 575 in

120 642 193 690 rem
221 615 434 691 videbuntur
460 641 548 706 esse,
575 617 790 714 compositis,
804 616 925 688 vocari
951 616 998 689 ad
1025 615 1227 689 contionem
1253 640 1352 688 exer-

119 730 228 801 citum
253 727 366 818 iussit,
392 727 488 825 apud
515 752 621 823 quem
646 728 756 799 talem
781 728 979 800 orationem
1005 726 1156 801 habuitz'

92 860 112 907 11.
223 840 491 940 ⁴hlapnitmlinem
516 863 646 931 rernm,
672 840 960 938 perceperimus,
994 839 1127 930 milites,
1158 837 1354 913 intuentibus
1381 841 1401 912 l

119 953 223 1042 nobes,
257 951 393 1024 minime
426 952 550 1024 mirum
584 964 647 1043 est,
686 965 716 1024 et
750 950 952 1025 desiderium
978 952 1095 1052 qnietis
1121 964 1152 1024 et
1175 950 1353 1024 satietmem

95 1066 240 1166 iptorlao
266 1087 445 1136 occurrere.
507 1062 550 1136 Ut
581 1063 727 1138 omittam
761 1062 915 1161 Illyrios,
955 1062 1136 1153 Triballos,
1169 1062 1353 1154 Boeotiam,

120 1175 310 1265 Thraciam,
339 1171 509 1273 Spartam,
524 1175 683 1266 Aelmeos,
694 1175 965 1273 Peloponnesum,
991 1199 1132 1273 qnorum
1158 1172 1227 1246 alia
1253 1170 1353 1247 dueta

93 1305 191 1378 tmeo,
220 1285 290 1358 alin
316 1286 456 1384 imperio
482 1288 694 1386 auspicioque
714 1286 909 1385 perdomui,
935 1311 1005 1360 eece
1030 1311 1143 1359 orsam
1168 1283 1286 1357 bellum
1311 1285 1352 1357 ab

115 1400 346 1497 Hellesponto:
399 1398 518 1489 lonas,
563 1397 735 1472 Aeolidem
777 1398 909 1472 seruitio
951 1395 1125 1470 barbariae
1168 1395 1352 1498 imponens

114 1510 303 1601 enemimns,
331 1505 481 1601 Curram,
506 1509 666 1607 Ipsarum,
694 1501 955 1604 Cappadociam,
980 1506 1181 1606 Phrppiam,
1205 1509 1351 1607 Paphla-

110 1623 255 1722 poniam,
270 1621 517 1720 Pamphylium,
529 1621 676 1712 Pisidas,
703 1618 866 1707 Cilicium,
894 1613 1041 1716 Syriam
1066 1618 1258 1714 Phoenicen,
1285 1621 1352 1694 Ar·

113 1733 271 1824 menium,
310 1733 502 1824 Persidem,
527 1733 665 1822 Medos,
700 1730 900 1808 Parthienen
933 1730 1088 1806 iuhemus
1114 1734 1151 1808 in
1169 1747 1348 1833 potestate:

91 1861 95 1907 t
106 1846 225 1943 plures
244 1844 444 1942 provincias
469 1845 658 1944 complearis
683 1869 767 1935 snm,
793 1867 895 1940 qaam
921 1842 982 1914 alii
1005 1844 1101 1917 nrbes
1121 1859 1293 1944 ceperunt,
1319 1859 1350 1918 et

109 1956 218 2030 neseio
243 1981 291 2028 an
316 1956 523 2030 munerante
554 1954 638 2028 mihi
668 1955 834 2053 quaedam
859 1953 1013 2051 iprsaram
1038 1981 1151 2030 rerum
1176 1956 1351 2031 mnltr‘tndo

91 2067 316 2142 >ademerit
370 2064 487 2166 Itaque
511 2069 543 2142 si
568 2068 743 2158 crederem,
768 2065 850 2140 satis
875 2077 997 2139 metam
1022 2091 1091 2141 esse
1112 2070 1353 2167 possessionem

112 2192 289 2270 temanum,
317 2203 403 2279 qaas
429 2192 519 2252 tanta
544 2180 707 2255 velocitate
733 2177 932 2269 dannimas,
958 2203 1016 2277 epo
1041 2205 1127 2273 oero,
1153 2181 1281 2272 milites,
1306 2181 1354 2254 ad

106 2304 248 2389 penates
274 2315 383 2381 areos,
409 2291 457 2364 ael
475 2305 649 2390 parentem
675 2315 880 2389 sororesque,
906 2302 937 2362 et
961 2305 1080 2366 eeteros
1105 2294 1200 2384 eines,
1225 2292 1278 2366 nel
1299 2317 1317 2365 e

111 2402 286 2476 timentebus
311 2402 417 2493 uobis,
451 2427 674 2503 erumperem,
700 2417 737 2476 nt
760 2403 806 2476 ibi
823 2402 1037 2499 potissimam
1055 2417 1162 2502 parta
1187 2404 1352 2480 nobbeum

113 2515 213 2588 aloe
242 2526 272 2586 et
294 2512 407 2612 ploria
421 2515 568 2614 finerer,
594 2515 651 2589 nbi
674 2540 735 2589 nos
760 2515 927 2589 ulamma
953 2515 1106 2589 uictorim
1125 2517 1285 2615 praerma
1302 2540 1355 2589 ea·

103 2639 251 2726 pectant,
267 2625 416 2716 liberam,
442 2627 626 2726 eoninpam,
648 2641 889 2727 parentumque
916 2626 1046 2717 laetitio,
1065 2654 1151 2725 pua,
1178 2628 1279 2726 quies,
1304 2651 1353 2700 re·
1384 2665 1394 2679 r

110 2764 191 2810 mom
212 2761 278 2834 per
304 2736 458 2810 virtatem
477 2751 658 2835 partarum
683 2763 800 2813 secura
818 2738 996 2837 possessio.
1050 2733 1122 2812 Sea
1146 2739 1182 2812 in
1207 2762 1300 2831 novo,
1325 2752 1356 2811 et

107 2939 242 2994 cautiores
260 2937 444 3002 sustulerunt,
465 2938 541 2992 male.
576 2939 626 2992 Eat
650 2939 719 2992 enirn
788 2939 910 3006 Pisidas]
930 2936 1053 2992 Correxit
1062 2937 1167 2991 Modiue
1176 2937 1269 2991 vitium
1279 2939 1355 2992 codd.

106 3011 187 3062 modo
203 3008 232 3060 in
250 3005 359 3077 optimis
376 3013 405 3058 et
423 3005 493 3059 Flor.
512 3006 550 3074 G,
569 3006 597 3060 in
614 3007 720 3078 reliquis
753 3026 814 3060 mss.
837 3013 865 3058 et
891 3005 1054 3075 superiorum
1078 3005 1223 3060 editionum
1239 3007 1355 3060 Pisidas.

106 3095 180 3131 uero.
217 3075 292 3133 Tum
308 3073 417 3127 Medius
434 3073 525 3144 inepte
547 3079 618 3145 vulpi
635 3090 719 3129 sustu·
754 3077 830 3131 Unus
848 3073 950 3128 Flore
967 3075 1116 3137 Pisidiam
1135 3076 1207 3144 quod
1223 3092 1277 3128 non
1294 3091 1356 3128 sanc

105 3144 148 3213 lit,
170 3144 235 3224 quia
289 3152 344 3196 sset
360 3142 461 3196 abesse.
491 3144 656 3213 Praeparent
673 3163 719 3198 au·
754 3144 882 3214 displicet.
925 3143 1072 3196 Phoenicen
1095 3143 1165 3196 sicut
1190 3151 1263 3196 recte
1285 3143 1356 3196 idem

104 3223 164 3269 tem
183 3231 212 3266 m
230 3229 245 3265 e
265 3211 310 3265 itis
325 3220 366 3266 est
378 3211 514 3266 omnibus:
534 3213 653 3283 equidem
662 3231 719 3267 cor·
754 3213 860 3266 Medius
886 3229 917 3265 ao
938 3211 1023 3264 multo
1052 3219 1115 3281 post
1138 3228 1167 3264 re
1187 3210 1265 3266 etirit
1289 3212 1356 3266 Snu-

102 3283 167 3337 rexi
185 3288 215 3335 et
233 3280 295 3333 dedi
308 3290 513 3349 praepararent,
532 3289 563 3334 ut
580 3281 678 3349 legitur
692 3281 720 3335 in
754 3282 857 3335 kenbur
876 3280 914 3333 'us
933 3298 1000 3333 unus
1016 3297 1135 3333 meorum
1175 3282 1224 3335 lor.
1238 3283 1264 3335 A
1283 3280 1356 3347 (reli-

101 3349 718 3415 Leid.etBern.A(mirumctia1ninVosa
754 3350 845 3421 quiet
885 3349 980 3402 reinsh.
998 3349 1177 3419 Phoenicem):
1196 3351 1356 3404 Parthienen

101 3429 205 3476 2cum
223 3417 340 3472 exFlor.
356 3416 422 3470 nihil
440 3434 456 3470 a
472 3417 543 3488 vulg.
557 3430 719 3488 praeparent
752 3419 836 3473 multo
853 3419 941 3490 plures
957 3418 1073 3485 hubent,
1096 3420 1143 3472 aed
1166 3419 1246 3489 vulgo
1264 3418 1357 3473 itidem

100 3490 244 3544 fflverstm
262 3494 402 3540 enotatum
419 3485 474 3552 nit).
753 3489 854 3542 coluere
871 3488 1038 3540 Parthienen
1057 3487 1246 3542 circumfertur.

138 3558 212 3627 Cap.
234 3563 265 3622 7,
291 3559 315 3621 5.
334 3562 359 3608 3.
395 3571 452 3608 eece
469 3573 556 3610 msam
574 3558 666 3610 bellom
684 3558 717 3609 ab
787 3560 810 3625 ξ.
829 3562 853 3610 5.
888 3558 927 3609 oel
944 3557 1113 3610 retinentibus
1131 3559 1214 3628 uobis]
1240 3556 1284 3612 Sic
1302 3555 1356 3610 edi-

98 3626 293 3695 Hcllesponto]
312 3622 357 3677 Sic
373 3622 468 3676 retinui
486 3633 638 3694 corruptum
654 3624 718 3677 scri·
752 3627 836 3679 tiones
854 3624 939 3695 princi
960 3641 987 3677 es
1005 3633 1033 3678 et
1050 3624 1109 3678 libri
1125 3626 1188 3680 meti
1202 3626 1285 3679 nostri
1298 3626 1356 3696 qui·

97 3705 234 3769 pturam,
258 3702 288 3745 et
306 3710 395 3748 meum
413 3693 519 3761 quidem
537 3693 565 3745 in
583 3692 717 3746 codicibus
752 3695 858 3747 demet
881 3693 919 3747 Su
954 3695 1013 3746 enb.
1041 3711 1131 3748 omnes
1156 3694 1297 3761 exhibent,
1325 3702 1356 3746 ut

97 3767 136 3820 sd
157 3779 246 3816 unum
263 3759 384 3815 omnibus
402 3759 516 3830 legitur,
539 3763 572 3813 ab
593 3763 660 3814 Hell.
678 3769 720 3815 est
755 3762 836 3816 mirer
862 3762 908 3831 qui
930 3762 1028 3816 fuctum
1054 3762 1089 3816 sit
1110 3771 1141 3816 nt
1163 3763 1274 3815 Iuniana
1299 3779 1356 3815 eor-

140 3832 217 3885 'dem
236 3829 265 3882 in
282 3847 336 3882 uno
352 3829 424 3882 Flor.
436 3827 470 3897 G,
488 3830 535 3884 sed
547 3830 617 3883 facili
634 3846 722 3884 emen·
756 3831 838 3885 rectio
860 3833 1030 3884 renitentibus
1052 3832 1154 3885 tamdiu
1177 3831 1263 3884 locum
1286 3829 1356 3883 obti-

135 3900 218 3956 tione
246 3897 371 3968 procedit
396 3898 478 3951 etiam
495 3915 530 3951 ex
555 3915 587 3952 eo
604 3899 677 3969 quod
694 3899 721 3953 in
755 3900 851 3954 nuerit.
894 3900 945 3953 Eat
979 3900 1048 3952 enim
1084 3901 1213 3953 retinendi
1246 3898 1357 3954 verbum

95 3970 183 4026 Laid.
202 3967 284 4021 voss.
304 3973 315 4019 l
336 3967 417 4020 Bern.
435 3967 460 4020 A
479 3969 566 4037 (apr.
584 3971 632 4034 rn.)
649 3966 720 4020 Flor.
756 3969 917 4039 aptissimum
943 3967 968 4020 ei
990 3969 1062 4038 quod
1079 3967 1199 4038 sequitur
1216 3984 1286 4019 eram
1305 3983 1361 4023 ere..

97 4042 125 4094 A
146 4036 256 4107 legitur
274 4037 313 4087 ad
329 4036 511 4104 Hellesponto,
537 4051 597 4088 cum
614 4035 642 4089 in
659 4035 720 4089 reli·
789 4040 898 4092 liberam
924 4036 1016 4090 itidem
1038 4052 1127 4089 omnen
1145 4034 1196 4087 mei
1214 4052 1267 4089 uno
1307 4034 1355 4088 lor.

97 4107 166 4180 quis
186 4113 217 4158 et
235 4101 318 4172 vulgo
336 4103 370 4155 eit
384 4107 422 4156 ad
432 4104 638 4172 Hellespontum.
669 4105 720 4158 Est
755 4105 781 4159 G
799 4113 912 4176 excepto
929 4123 979 4175 pro
995 4105 1066 4174 vulg.
1085 4106 1231 4158 liberorum.
1267 4101 1356 4156 Etiam

95 4176 170 4242 hoc,
196 4172 272 4226 sicut
298 4172 466 4236 accedebat,
491 4171 565 4243 quasi
582 4171 719 4226 exordium
752 4190 793 4242 vr,
811 4181 854 4240 40,
873 4181 904 4230 31
924 4181 952 4227 et
969 4188 1035 4240 vm,
1056 4179 1097 4240 12,
1117 4179 1149 4225 14
1166 4168 1265 4224 librarii
1283 4189 1356 4224 suum

96 4239 272 4299 recensionis
302 4256 370 4319 quae
396 4240 515 4311 sequitur
540 4240 718 4307 victoriarum,
753 4243 826 4297 verbi
844 4242 954 4296 formum
971 4240 1074 4294 aucmri
1091 4241 1159 4293 male
1176 4237 1355 4293 subiecerunt.

99 4312 183 4384 quod
211 4307 260 4380 qui
289 4325 375 4361 m1nuc
404 4310 569 4364 commodum
591 4317 719 4380 putarent
753 4311 930 4382 Reliquerunt
947 4317 1036 4362 autem
1053 4323 1094 4376 IX,
1115 4317 1139 4377 t,
1160 4315 1182 4360 7.
1201 4307 1355 4362 liberorum

99 4382 165 4435 orsi
184 4384 375 4442 correxerunt,
402 4385 433 4431 ut
458 4378 486 4431 in
502 4396 582 4432 unam
600 4396 659 4434 cum
676 4395 718 4433 ce·
753 4389 846 4435 contra
863 4380 919 4433 sine
935 4377 1063 4433 varietate
1081 4386 1121 4432 est
1138 4391 1190 4444 vn,
1209 4381 1235 4443 3,
1253 4381 1294 4428 24.

99 4448 174 4504 teris
192 4443 336 4518 periodum
352 4444 442 4500 acuet.
