2926 5174
447 306 496 396 on
523 343 648 396 onsns
675 343 783 395 anax.
809 348 846 413 x,
865 342 907 395 27.
1218 329 1289 400 521

65 524 295 624 protendens,
323 537 365 599 ut
392 529 421 599 si
448 529 590 624 quisse
617 528 813 626 digniorem
838 529 1082 626 profiteretur,
1109 534 1292 630 acciperet.

24 657 47 704 21
63 637 245 735 Ingentem
264 662 365 735 spem
391 637 529 729 indolis,
556 649 639 712 ante
663 666 744 713 eum
770 639 864 712 diem
889 643 1008 714 fratris
1026 643 1186 717 claritate
1213 669 1293 743 sup·

61 772 235 844 pressam,
266 774 309 821 ea
340 748 526 823 moderata
559 750 730 823 excitavit
756 751 884 824 oratio.
936 752 1061 849 Itaque
1094 756 1211 827 cuncti
1243 757 1293 828 in·

22 876 46 923 u
61 868 157 930 stare
183 871 384 956 coeperunt,
411 870 461 949 ut,
488 886 579 956 quae
606 862 785 957 agitasset,
813 863 941 958 exequi
968 864 1084 936 vellet.
1137 865 1293 938 Eosdem

60 993 184 1040 rursus
210 971 304 1066 legat
328 971 519 1067 petituros,
553 980 595 1042 ut
619 970 837 1068 Meleagrum
870 975 1016 1047 tertium
1043 974 1170 1048 ducem
1205 977 1292 1049 acci-

59 1090 194 1175 perent.
233 1079 340 1154 Haud
366 1106 471 1178 aegre
497 1081 535 1154 id
560 1083 789 1180 impetratum
815 1093 880 1156 est.
933 1083 1024 1156 Nam
1051 1096 1088 1158 et
1114 1087 1292 1161 abducere

58 1189 275 1288 Meleagrum
300 1191 472 1265 Perdicca
498 1219 520 1264 a
544 1219 629 1290 rege
656 1194 836 1291 cupiebat,
864 1205 900 1267 et
926 1221 1037 1267 unum
1063 1196 1204 1271 duobus
1230 1200 1292 1271 im·

17 1317 182 1397 asparem
214 1303 372 1374 futurum
403 1329 482 1377 esse
516 1304 693 1376 censebat.
750 1304 862 1401 Igitur
887 1305 1067 1403 Meleagro
1102 1334 1182 1381 cum
1206 1309 1292 1406 pha·

56 1412 162 1508 lange
189 1412 330 1485 obviam
357 1439 511 1511 egresso,
538 1413 707 1494 Perdicca
734 1416 892 1511 equitum
918 1427 1054 1489 turmas
1077 1418 1291 1492 antecedens

58 1523 221 1595 occurrit.
272 1523 472 1621 Utrumque
499 1551 643 1622 agmen,
678 1535 803 1598 mutua
829 1528 1042 1600 salutatione
1068 1530 1177 1620 saeta,
1211 1531 1320 1621 coit,·

56 1633 91 1704 in
117 1643 347 1730 perpetuum,
374 1645 416 1707 ut
441 1636 722 1725 arbitrabantur,
749 1636 939 1710 concordia
965 1649 1002 1711 et
1027 1664 1114 1736 pace
1140 1642 1290 1712 firmata.

25 1760 61 1807 nt
166 1741 238 1817 Sed
272 1748 342 1818 iam
377 1748 459 1820 fatis
494 1746 778 1819 admovebantur
803 1745 1040 1821 Macedonum
1070 1750 1169 1847 'genti
1198 1751 1341 1823 bella28

57 1854 180 1927 civilia
234 1854 325 1930 Nam
352 1868 388 1931 et
413 1858 617 1932 insociabile
644 1867 698 1929 est
724 1879 888 1954 regnum,
925 1869 961 1932 et
986 1887 1008 1932 a
1038 1861 1199 1958 pluribus
1227 1885 1287 1932 ex-

27 1965 255 2061 tpetebatur.
306 1966 467 2039 Primum
502 1992 586 2065 ergo
619 1968 791 2066 collegere
817 1971 927 2060 vires,
961 1969 1088 2045 deinde
1116 1970 1289 2067 disperse·

54 2083 156 2147 runt:
190 2087 228 2148 et
254 2102 334 2149 cum
360 2080 520 2175 pluribus
547 2102 691 2174 corpus,
725 2105 831 2175 quarn
857 2082 1035 2179 capiebat,
1071 2091 1289 2173 onerassent,

54 2196 172 2259 cetera
198 2188 359 2260 membra
385 2187 536 2262 deficere
563 2200 775 2285 coeperunt:
811 2190 976 2287 quodque
1008 2186 1194 2290 imperium
1222 2193 1288 2265 sub

25 2314 125 2368 euno
140 2307 238 2370 stare
253 2300 437 2395 potuisset,
465 2299 550 2371 dum
563 2325 585 2370 a
603 2300 763 2396 pluribus
783 2302 988 2393 sustinetur,
1014 2304 1094 2375 ruit.
1134 2302 1289 2376 Proinde

52 2408 127 2480 iure
159 2409 360 2504 meritoque
394 2411 547 2507 populus
575 2409 757 2482 Romanus
789 2413 940 2486 salutem
972 2438 1009 2485 se
1043 2414 1192 2512 principi
1224 2439 1290 2486 suo

52 2517 183 2591 debere
211 2519 408 2616 profitetur,
436 2523 495 2617 qui
521 2522 647 2611 noctis,
674 2547 780 2618 quam
806 2548 919 2621 paene
937 2549 1140 2621 supremam
1166 2525 1288 2598 habui·

21 2647 146 2720 rmus,
174 2655 313 2703 novum
339 2631 436 2704 sidus
462 2633 589 2704 illuxit.
641 2631 756 2704 Huius
783 2633 941 2724 hercule,
967 2660 1040 2706 non
1067 2636 1151 2707 solis
1179 2646 1289 2727 ortus,

99 2869 165 2918 .21.
193 2881 363 2934 suppressum
380 2868 420 2934 eo]
447 2866 518 2919 Flor.
532 2866 558 2918 A
574 2866 654 2918 Bern.
688 2864 757 2934 typis
776 2865 964 2918 describendae
982 2883 1015 2919 ex
1032 2867 1141 2938 reliquis
1159 2884 1219 2919 mss.
1235 2867 1291 2919 edi·
1354 2855 1358 2862 ¹

47 2932 73 2984 A
128 2934 166 2986 id.
194 2951 354 3002 suppressae
381 2945 405 2988 et
422 2952 440 2987 α
456 2938 564 2988 Vossl
592 2952 655 3002 sup·
689 2940 744 2984 tum
762 2940 802 2984 est
819 2935 950 3003 collegere.
981 2935 1052 2988 Item
1069 2936 1194 2988 mendose
1246 2935 1291 2988 ulo

41 3018 135 3069 presse
162 3011 187 3054 et
216 3020 249 3068 u,
274 3001 346 3054 Flor.
371 3002 422 3055 BD
449 3020 592 3072 suppresso
614 3020 654 3067 eu,
707 3007 847 3071 ostproeo
860 3003 1200 3073 quodestquumcopiebot
1239 3003 1290 3055 eid.

46 3071 172 3122 mendose
191 3085 284 3123 omnes
301 3088 350 3138 pro
368 3078 410 3123 ter
427 3071 530 3123 literam
547 3088 572 3122 m
589 3069 656 3121 line·
716 3077 788 3120 ossl
808 3067 1090 3141 Pithoeanusssong.2
1110 3073 1186 3139 (dum
1199 3070 1291 3123 siletur

46 3136 89 3189 ola
106 3145 243 3191 notatam.
280 3137 334 3190 Sed
351 3087 422 3192 Plor.
441 3138 467 3192 G
488 3156 655 3207 suppressum
689 3137 722 3188 dc
750 3137 939 3205 Beruensibus)
962 3139 1034 3193 Flor.
1050 3139 1123 3193 Aeo
1147 3157 1225 3208 quom
1246 3156 1291 3191 cu-

46 3207 101 3258 eius
118 3209 269 3272 moderatu,
287 3223 340 3258 non
357 3207 438 3274 mele,
458 3207 479 3260 si
497 3208 577 3259 fidere
593 3205 655 3258 lice·
683 3206 802 3273 piebem,
821 3206 893 3261 Flor.
905 3207 947 3259 DI
965 3210 1036 3276 quod
1071 3208 1201 3277 capiebant.
1237 3206 1290 3258 Re-

43 3282 91 3326 ret.
121 3273 179 3327 Sed
197 3274 270 3326 idem
287 3274 356 3326 solus
370 3293 435 3343 quae
452 3277 578 3344 agitasset
595 3292 650 3326 res
685 3274 763 3327 motis
778 3273 818 3326 his
832 3273 999 3328 librariorum
1012 3276 1159 3339 erroribus,
1172 3274 1291 3345 intellige

43 3344 134 3411 exequi
150 3344 236 3395 uellet.
271 3342 376 3395 Rursus
398 3347 497 3396 eosdem
516 3345 584 3412 leuat
600 3349 649 3394 cet.
684 3342 860 3395 Macedonum
877 3351 984 3413 gentem
1007 3346 1055 3397 sub
1082 3346 1159 3398 unius
1175 3343 1292 3397 Alexan·

44 3409 112 3462 Tum
128 3428 181 3481 pro
197 3427 232 3462 eo
248 3411 369 3480 quodest
381 3413 510 3480 petituros
528 3411 650 3463 mendose
685 3411 726 3462 dri
743 3412 850 3464 robusto
866 3410 976 3482 imperio
993 3415 1061 3466 uires
1090 3415 1233 3482 collegisse,
1246 3413 1292 3465 de-

42 3477 69 3530 in
93 3478 285 3532 terminatione
302 3479 375 3531 verbi
420 3481 529 3533 etiturus
555 3487 596 3531 est
622 3477 650 3530 in
684 3477 746 3530 inde
763 3496 821 3531 cum
837 3481 915 3550 plura
941 3481 1030 3551 capita
1043 3489 1079 3534 'es
1096 3490 1168 3548 sent,
1192 3481 1293 3551 disper·
1375 3536 1381 3550 ,

42 3545 115 3600 Leid.
133 3547 249 3599 Voss]
274 3546 345 3600 Flor.
365 3547 390 3598 A
418 3547 509 3615 O(ex
526 3546 649 3599 Bern.A
684 3546 718 3598 sis
744 3546 856 3615 viribus,
890 3547 962 3602 illud
981 3568 1062 3602 unum
1102 3549 1239 3621 imperium
1264 3555 1293 3601 et
1364 3582 1369 3590 ·

43 3631 96 3667 non
111 3622 255 3668 enotatum
272 3622 326 3680 est,
345 3616 392 3667 sed
408 3615 549 3668 verisimile
566 3614 650 3668 estin
677 3614 849 3668 imminutum
875 3632 931 3670 esse
963 3626 991 3670 et
1017 3618 1138 3672 divisum.
1185 3618 1288 3686 Corpus

44 3682 91 3737 hoc
107 3698 222 3754 quoque
240 3684 318 3749 esse.)
687 3683 771 3804 primo
793 3684 890 3738 dicitur
912 3703 1052 3756 compages
1069 3686 1186 3740 omnium
1206 3701 1288 3736 mem·

77 3756 99 3816 δ.
127 3759 172 3807 22.
222 3752 387 3818 Meleagrum
418 3754 520 3804 tertium
553 3753 652 3818 ducem]
706 3770 807 3819 rorum,
830 3769 897 3823 quae
916 3771 1032 3807 summae
1049 3754 1087 3806 rei
1109 3753 1228 3824 publicae
1246 3767 1289 3803 re·

44 3817 175 3872 Mmirum
205 3835 268 3870 cum
293 3818 419 3872 Perdicca
451 3827 479 3871 et
505 3819 652 3886 Leonnato,
688 3821 815 3888 spondet,
852 3821 947 3873 deinde
979 3839 1038 3875 cum
1064 3821 1089 3874 ei
1116 3825 1290 3890 opponuntur

44 3887 85 3955 qui
101 3895 209 3942 tutores
219 3885 366 3939 Alexandri
384 3889 501 3940 nondum
518 3888 574 3940 nati
591 3905 654 3939 con·
689 3898 772 3941 cetera
790 3889 1291 3959 membracngustioresensu,utrecte

45 3954 126 4008 stituti
144 3961 229 4008 erant
247 3971 270 4006 c.
289 3961 335 4008 33:
354 3958 441 4008 ducem
458 3956 539 4025 igitur
556 3956 653 4008 intelli·
688 3957 791 4010 censuit
810 3957 961 4020 Tellierius‚
983 3957 1099 4009 habetur
1115 3973 1164 4025 pro
1181 3961 1291 4024 pectore

45 4022 80 4090 git
96 4024 222 4077 omnium
246 4021 393 4091 copiarum,
416 4025 497 4077 totius
514 4023 651 4077 exercitus.
689 4033 716 4077 et
733 4032 835 4092 ventre,
854 4025 908 4078 sive
925 4025 1052 4094 separatis
1067 4022 1189 4076 membris
1203 4029 1291 4076 extre-

76 4091 140 4164 Cap.
151 4097 200 4157 28,
223 4092 247 4156 §.
264 4095 288 4142 2.
324 4094 446 4160 collegere
464 4095 541 4159 uires]
578 4092 652 4144 Leid.
688 4093 746 4160 mis,
764 4111 814 4165 pro
833 4101 927 4146 trunco
945 4092 1070 4162 corporis.

45 4156 140 4214 Vossl
163 4159 252 4211 Bern.
264 4157 289 4208 A
306 4175 345 4226 pr.
359 4177 393 4212 m.
416 4163 557 4229 (superscr.
581 4163 653 4213 colli·
723 4165 780 4229 §.a
808 4164 861 4281 (pul
878 4162 960 4213 noctis
980 4192 1015 4200 -
1032 4179 1124 4213 nouum
1138 4161 1212 4212 sidus
1228 4161 1289 4214 illu-

46 4231 106 4298 sere)
117 4225 381 4294 Flor.Aconlisere,
395 4231 563 4282 membranae
573 4246 653 4298 quae·
688 4232 739 4300 xit]
782 4229 857 4282 Erti
884 4231 925 4281 cui
950 4231 1032 4280 noctis
1066 4228 1137 4299 quod
1162 4227 1288 4297 explicari

46 4292 97 4348 dem
122 4303 155 4348 ut
184 4292 227 4346 ait
251 4292 357 4346 Medius
382 4295 410 4348 in
435 4305 502 4350 nota
528 4299 652 4364 collisere,
688 4297 795 4368 nequit,
821 4315 882 4365 nam
905 4297 913 4348 i
934 4312 961 4348 se
982 4295 1104 4367 princeps
1127 4312 1186 4348 cum
1203 4295 1288 4350 sidere

46 4358 105 4416 Flor.
121 4365 146 4416 B
167 4360 306 4425 conicere,
325 4361 430 4418 Flenc
450 4367 564 4417 colisere.
600 4365 654 4418 Sed
689 4372 863 4437 comparatur.
921 4371 1001 4434 taque
1026 4367 1071 4434 qui
1098 4363 1288 4433 corrigendum,

45 4438 106 4486 reete
130 4431 201 4485 inde
227 4445 246 4480 a
272 4426 398 4501 principio
424 4433 501 4487 hrdus
528 4431 654 4488 historiae
688 4434 742 4488 sive
759 4432 936 4503 recipiendum
960 4431 1049 4501 potius
1066 4450 1101 4486 ex
1117 4431 1188 4487 Flor.
1203 4433 1287 4500 EFH,
