2926 5174
106 265 184 337 424
542 270 545 275 ’
606 288 640 350 o.
670 286 793 339 suurn
818 288 903 340 uum

105 493 229 568 regem
265 469 452 566 conspexit
483 471 674 544 fluentibus
706 472 873 546 membris
905 473 1136 572 omissisque
1169 477 1269 550 armis
1290 479 1339 551 vix

108 588 312 679 compotem
328 581 468 653 mentis.
521 581 612 654 Tum
629 582 772 656 beluam
790 584 824 655 in
842 584 968 681 fugam
987 587 1167 679 concitat,
1194 601 1338 686 sequente
1349 611 1372 658 u

110 689 338 767 Alexandro:
367 691 430 763 sed
457 717 568 788 equus
596 693 671 765 eius
696 696 815 768 multis
841 696 1061 770 vulneribus
1090 701 1273 774 confossus
1295 702 1338 774 de·

110 807 301 906 ficiensque
326 805 532 901 procubuit,
559 806 677 903 posito
703 806 815 903 magis
840 831 942 904 rege,
972 808 1090 904 quam
1118 811 1241 884 effuso.
1286 811 1338 885 lta·

110 947 179 1017 que
207 920 292 993 dum
318 941 449 1012 equum
474 926 600 1005 mutat,
626 916 763 989 tardius
789 917 972 996 insecutus
1002 930 1073 993 est.
1121 919 1266 995 Interim
1287 924 1372 995 ira-ss

110 1042 166 1104 ter
192 1030 342 1119 Taxilis,
369 1028 463 1124 regis
489 1025 675 1116 Indorum,
707 1029 921 1125 praemissus
950 1031 1000 1103 ab
1030 1030 1261 1125 Alexandro,
1283 1059 1339 1106 mo

59 1188 65 1198 ·
110 1167 196 1215 nere
222 1142 339 1240 eoepit
363 1138 512 1229 Porum,
544 1163 590 1210 ne
615 1138 741 1211 ultima
767 1140 918 1237 experiri
945 1154 1225 1238 perseveraret,
1256 1143 1339 1216 dede

110 1265 236 1351 retque
256 1279 294 1326 se
316 1250 452 1325 victori.
491 1249 543 1321 At
563 1249 631 1339 ille,
659 1275 871 1348 quamquam
893 1253 1107 1328 exhaustae
1132 1265 1236 1328 erant
1254 1255 1338 1343 vires,
1350 1274 1371 1322 u

112 1364 368 1462 deficiebatque
403 1361 566 1459 sanguis,
611 1370 731 1434 tamen
765 1361 812 1433 ad
848 1372 976 1435 notam
1014 1389 1152 1437 vocem
1187 1365 1339 1439 excitatus

110 1476 279 1575 Aquosco,
304 1474 435 1570 inquit,
472 1471 607 1546 Tacitis
628 1476 790 1574 fratrem,
816 1473 951 1571 imperii
976 1476 1147 1575 repetique
1172 1478 1229 1551 sui
1248 1475 1339 1575 prodi·

114 1587 209 1663 toris:
243 1598 279 1659 et
306 1587 434 1674 telum,
466 1583 563 1680 quod
589 1609 700 1656 unum
726 1586 817 1658 forte
842 1610 915 1656 non
943 1587 1164 1679 effluxerat,
1191 1587 1339 1662 contorsit

112 1701 151 1772 in
183 1723 279 1771 eum:
317 1694 413 1793 quod
444 1720 509 1793 per
540 1693 697 1767 medium
728 1708 852 1794 pectus
882 1700 1100 1794 penetravit
1132 1698 1180 1772 ad
1212 1709 1338 1798 tergum.

113 1808 192 1882 Hoc
220 1810 344 1881 ultimo
370 1805 513 1879 virtutis
541 1830 649 1902 opere
676 1806 787 1897 edito,
821 1807 943 1904 fugere
973 1810 1098 1883 acrius
1126 1813 1260 1910 coepit:
1290 1808 1368 1883 selu

114 1922 324 2019 elephantus
357 1942 512 2014 quoque,
557 1917 617 2013 qui
655 1920 769 1990 multa
800 1930 995 2016 exceperat
1030 1922 1124 2013 tela,
1165 1920 1337 1999 deficiebat
1373 1990 1376 1999 .

113 2031 239 2128 Itaque
266 2031 358 2104 sistit
384 2030 516 2127 fugam,
543 2026 769 2126 peditemque
792 2031 954 2125 sequenti
977 2031 1080 2105 hosti
1103 2034 1244 2108 obiecit.
1279 2031 1368 2104 lans

113 2141 321 2216 Alexander
347 2152 558 2215 consecutus
585 2148 672 2231 erat,
700 2151 737 2214 et
757 2140 951 2238 pertinacia
967 2142 1058 2217 Pori
1080 2147 1236 2243 cognita,
1261 2153 1337 2218 veta·

113 2254 178 2326 bat
203 2252 451 2326 resistentibus
477 2251 583 2349 parci.
636 2249 732 2350 Ergo
758 2250 913 2347 undique
945 2264 986 2326 et
1018 2256 1058 2329 in
1091 2257 1232 2354 pedites
1257 2256 1336 2332 etin

113 2364 230 2462 ipsum
264 2363 398 2436 Porum
433 2364 505 2436 tela
540 2374 710 2459 congesta
743 2373 845 2434 sunt:
881 2362 961 2458 quis
998 2367 1154 2441 tandem
1186 2380 1335 2470 gravatis

113 2476 185 2549 labi
212 2501 259 2547 ex
283 2474 390 2547 belua
416 2475 541 2572 coepit.
593 2472 720 2564 Indus,
752 2474 811 2570 qui
838 2473 1076 2570 elephantum
1100 2478 1265 2575 regebat,
1292 2477 1365 2552 deu

114 2585 283 2659 scendere
309 2609 390 2657 eum
416 2597 534 2676 ratus,
575 2608 675 2657 more
709 2586 813 2659 solito
848 2584 1086 2680 elephantum
1121 2592 1333 2687 procumbere

50 2746 54 2755 ·
107 2697 217 2769 iussit
241 2697 278 2768 in
303 2721 440 2794 genua:
469 2697 528 2793 qui
554 2706 596 2769 ut
621 2721 659 2768 se
682 2697 853 2785 submisit,
880 2695 991 2766 ceteri
1010 2721 1170 2796 quoque,
1196 2701 1246 2774 ita
1261 2700 1333 2773 enim

113 2808 265 2880 instituti
301 2819 420 2900 erant,
465 2808 637 2882 demisere
673 2831 823 2906 corpora
855 2805 891 2876 in
924 2812 1077 2882 terram.
1139 2811 1195 2887 Ea
1228 2837 1280 2885 res
1307 2820 1333 2883 ct

112 2920 246 2993 Porum
273 2931 309 2992 et
336 2930 473 2993 ceteros
499 2919 694 2992 victoribus
720 2916 876 2991 tradidit

63 3032 108 3103 51
214 3031 294 3104 Rex
326 3032 469 3128 spoliari
500 3055 629 3127 corpus
656 3028 755 3121 Pori,
791 3030 1051 3123 interemptum
1084 3058 1169 3108 esse
1201 3030 1377 3120 credens⁴l¹

111 3142 225 3232 iubet,
262 3153 299 3214 et
324 3143 384 3238 qui
416 3140 645 3215 detraherent
676 3141 822 3214 loricam
852 3148 1085 3236 vestemque,
1128 3169 1332 3232 concurram

5 3280 8 3285 ’
113 3278 194 3325 cum
229 3253 335 3328 belua
369 3251 551 3325 dominum
584 3253 677 3325 tueri
711 3263 748 3325 et
763 3302 766 3307 «
782 3251 973 3350 spoliantes
1016 3256 1145 3353 coepit
1180 3269 1331 3359 appetere,

58 3455 61 3461 Ι
110 3362 340 3459 levatumque
366 3388 495 3461 eorpus
522 3363 597 3436 eius
622 3388 747 3438 rursus
760 3362 881 3464 ⁴dorso
906 3385 973 3434 suo
1006 3361 1214 3463 imponere.
1261 3367 1331 3464 Ergo

146 3646 263 3719 Capot),
282 3650 361 3713 §.aa
396 3649 519 3719 requiquc
537 3650 579 3701 sui
591 3650 711 3718 prodito·
745 3649 864 3703 hostibus
898 3649 1094 3719 congrediente
1131 3671 1274 3712 sermonem
1292 3662 1330 3704 em
1375 3654 1377 3705 !

41 3769 45 3778 ,
110 3718 161 3787 m's]
197 3717 236 3769 Le
255 3716 348 3772 ebatur
365 3716 446 3787 vulgo
464 3718 641 3786 proditorm
664 3720 725 3771 sedv
745 3717 880 3798 sequentia
892 3718 999 3786 docent,
1017 3722 1070 3774 sed
1078 3725 1214 3794 opposuit
1227 3724 1268 3779 ille
1280 3717 1330 3793 quie

110 3802 170 3839 cum
186 3734 255 3838 illud
269 3785 415 3840 convicium
432 3785 459 3837 in
481 3785 591 3838 fratrem
609 3784 711 3840 Taxilis
746 3787 809 3857 quid
835 3786 951 3858 pediturn
973 3787 1065 3845 adhuc
1089 3791 1164 3848 circs
1190 3794 1272 3866 ipsum
1291 3792 1330 3842 cut

110 3852 195 3907 minus
213 3855 376 3920 conveniret,
396 3872 473 3925 quam
490 3852 518 3907 in
534 3853 620 3923 ipsum
630 3853 712 3907 Taxi-
744 3854 966 3926 persequentibus.

109 3921 171 3987 lem,
188 3922 382 3976 Freinshemius
400 3922 518 3976 secundis
535 3921 602 3975 curis
617 3938 652 3974 ex
665 3923 712 3976 ali-
796 3963 861 4012 '33‘
896 3959 953 4026 qua-3
979 3961 1102 4030 medem]
1150 3966 1260 4019 Tam
1279 3958 1328 4014 m

111 3991 713 4129 serlusreseraturum:
746 3961 862 4162 pp
873 4025 956 4164 pp,
970 4022 1327 4169 emerget

111 4143 170 4177 rum
178 4125 361 4179 Leid.V0ss.1
382 4135 583 4195 nostrorumque
598 4126 713 4182 omnium
748 4164 879 4230 dimisere,
899 4163 969 4231 quod
987 4171 1030 4218 m
1047 4165 1079 4220 in
1096 4167 1176 4223 hid·
1194 4174 1263 4224 vm,
1276 4164 1326 4219 m.

111 4193 432 4326 pqeqrqsloqdpepncpe
458 4295 493 4305 -
518 4262 585 4315 sosu
611 4263 711 4333 osum]
746 4230 851 4285 AEGH
867 4232 946 4285 3⁰¹⁰·
962 4231 1003 4300 ¹³2
1020 4231 1084 4288 ¹¹¹oe
1107 4237 1249 4309 sparsim

112 4326 185 4381 Flor.
202 4329 255 4381 ΕΗ
298 4346 353 4383 ern.
414 4349 441 4385 se
459 4332 550 4385 obiecit
566 4328 643 4397 male,
668 4349 713 4384 ne·
782 4332 983 4404 cap.tr,§.40.
1016 4336 1103 4406 iuba]
1132 4327 1325 4395 siemundi

114 4409 165 4462 que
190 4397 260 4450 enim
286 4398 319 4450 de
343 4397 401 4469 ipso
426 4416 490 4470 rege
516 4397 628 4470 pedibus
654 4416 713 4454 cum
747 4419 837 4457 omnes
853 4413 882 4457 et
898 4401 970 4456 Leiu
989 4406 1072 4460 Voss.
1093 4415 1118 4462 1.
1161 4408 1247 4480 Vulgo
1266 4401 1325 4459 iud
