2926 5174
489 304 538 355 on
565 303 690 357 casrrs
717 304 826 358 snnx.
852 306 914 378 vn,
933 304 978 359 ss.
1264 286 1336 362 343

97 501 164 582 tos,
193 490 260 587 qui
285 490 544 587 pollicerentur,
570 500 715 588 gentem
739 479 914 589 imperata
938 493 1123 567 facturam.
1174 492 1338 568 Moverat

96 628 158 676 eos
191 602 294 699 regis
319 627 391 673 non
422 600 537 675 virtus
569 603 717 699 magiS,
744 627 851 698 quam
886 603 1072 677 clementia
1105 604 1142 675 in
1177 605 1336 680 devictos

95 711 277 812 Scythas:
318 713 446 812 quippe
473 715 633 812 captivos
660 740 783 787 omnes
812 717 887 788 sine
919 715 1034 814 pretio
1059 715 1260 807 remiserat,
1298 725 1369 788 ut¹

94 824 206 897 fidem
233 824 378 916 faceret,
398 826 478 899 sibi
505 850 587 897 cum
612 826 836 899 ferocissimis
862 826 1022 924 gentium
1049 825 1093 899 de
1119 823 1337 916 fortitudine,

94 961 167 1009 non
197 934 245 1007 de
268 936 328 1012 ira
351 939 459 1010 fuisse
487 948 676 1009 certamen.
728 936 887 1035 Benigne
913 937 1021 1035 igitur
1047 939 1206 1036 exceptis
1234 933 1338 1012 Saca-

95 1073 173 1120 rum
209 1048 359 1144 legatis‚
404 1049 569 1121 comitem
601 1047 801 1145 Excipinon
833 1049 950 1138 dedit,
994 1047 1112 1121 adhuc
1144 1048 1338 1145 admodum

96 1159 267 1233 iuvenem
295 1161 422 1233 aetatis
447 1161 535 1233 flore
562 1160 789 1232 conciliatum
816 1160 897 1249 sibi,
925 1161 986 1256 qui
1012 1186 1093 1232 cum
1119 1161 1235 1259 specie
1262 1184 1336 1231 cor-

96 1272 190 1369 poris
225 1282 400 1367 aequaret
423 1266 745 1369 Hephaestionem,
781 1271 813 1342 ei
844 1272 967 1368 lepore
997 1271 1095 1344 haud
1128 1297 1213 1344 sane
1245 1271 1337 1343 virili

99 1409 159 1481 par
183 1409 265 1456 non
293 1392 379 1454 crat.
430 1381 527 1481 Ipse,
566 1378 714 1454 Cratero
746 1405 828 1453 cum
860 1382 993 1454 maiore
1024 1390 1128 1479 parte
1160 1382 1337 1456 exercitus

103 1492 246 1569 modicis
275 1493 459 1567 itineribus
492 1493 592 1590 sequi
625 1493 739 1583 iussn,
778 1490 827 1562 ad
850 1490 1070 1567 Maracanda
1099 1494 1226 1567 urbem
1258 1517 1360 1565 con--

101 1606 220 1697 tendit,
259 1630 308 1677 ex
334 1630 403 1701 qua
429 1602 662 1704 Spitamenes,
693 1612 879 1700 comperto
905 1604 982 1678 eius
1007 1605 1178 1697 adventu,
1209 1604 1342 1678 Bactra¹

98 1720 317 1817 perfugerat.
368 1715 492 1814 Itaque
519 1716 709 1815 quatriduo
740 1738 808 1788 rex
841 1716 991 1814 longum
1022 1716 1159 1790 itineris
1185 1719 1343 1817 spatium

98 1854 276 1920 emensus,
304 1840 515 1925 pervenerat
534 1830 571 1902 in
589 1853 672 1902 eum
688 1829 817 1915 locum,
844 1826 882 1898 in
899 1852 982 1925 quo,
1007 1826 1220 1903 Menedemo
1238 1829 1339 1920 duce,

96 1943 244 2014 nmilia
273 1938 434 2038 peditum
460 1952 497 2014 et
522 1961 592 2014 ccc
619 1939 757 2035 equites
785 1938 963 2012 amiserat.
1007 1939 1148 2013 Horum
1176 1964 1259 2012 ossa
1284 1950 1339 2012 tu-

96 2054 189 2125 mulo
224 2053 371 2149 contegi
406 2054 523 2143 iussit,
561 2062 598 2124 et
634 2049 778 2122 inferias
814 2075 913 2125 more
951 2050 1069 2149 patrio
1102 2049 1211 2125 dedit.
1263 2051 1340 2125 lam
1415 2078 1421 2084 ·

98 2163 284 2255 Cratemrs,
326 2189 406 2236 cum
436 2166 613 2263 phalange
647 2160 817 2256 subsequi
846 2161 982 2252 iussus,
1022 2160 1070 2234 ad
1104 2187 1227 2260 regem
1261 2188 1340 2262 per·

96 2372 156 2436 tam,
174 2367 237 2420 ride
256 2383 337 2437 supra
355 2367 388 2420 ad
405 2371 480 2431 c29,
499 2373 523 2420 2.
551 2365 635 2417 Sacae
653 2380 699 2415 au·
734 2360 824 2428 stimi,
844 2362 1038 2435 quoimprimis
1047 2363 1202 2419 Alexandro
1211 2363 1341 2437 placebat,
1445 2382 1447 2388 ·

93 2441 148 2488 nm
166 2435 272 2505 primus
294 2443 365 2488 recte
387 2434 491 2505 scripsit
512 2433 616 2497 Iunius,
640 2447 699 2485 cum
733 2439 765 2484 ut
790 2447 878 2484 amare
904 2432 985 2486 etiam
1010 2442 1065 2486 non
1095 2432 1206 2504 diligere
1235 2440 1341 2487 tantum

94 2501 123 2556 in
144 2504 281 2558 codicstrus
304 2512 332 2556 et
349 2503 391 2556 hic
408 2511 437 2556 et
454 2511 515 2573 post
533 2501 700 2623 appellentur
732 2499 876 2554 videretur.

95 2573 190 2642 Seque.
221 2573 309 2625 Haec
326 2589 389 2642 gens
407 2589 435 2624 se
458 2570 554 2641 pollice
574 2578 635 2622 atur
652 2572 698 2621 tm-
768 2571 791 2637 5.
806 2574 848 2623 20.
885 2572 922 2622 od
945 2571 1053 2623 Monac.
1081 2573 1168 2625 urbem
1200 2572 1339 2638 contendit,

91 2651 187 2708 perata
203 2642 345 2696 facturam.
380 2641 449 2694 Nam
466 2638 503 2694 sic
519 2656 610 2694 omnes
627 2637 698 2691 cudi·
732 2654 764 2690 ec
782 2639 846 2708 qna]
882 2632 980 2692 Editur
1001 2639 1088 2694 adhuc
1105 2643 1143 2694 cd
1159 2641 1234 2693 Mor.
1252 2641 1341 2692 urbem

93 2725 137 2762 ces
159 2719 232 2765 recte
262 2726 348 2780 neque
376 2709 461 2762 solent
486 2709 564 2761 aliter
591 2714 698 2760 veteres
728 2709 990 2776 permultosque,
1014 2708 1105 2761 sedin
1122 2708 1246 2762 omnibus
1263 2708 1339 2761 codd.

92 2775 105 2829 1
140 2778 177 2844 ui;
209 2778 294 2832 miror
320 2778 401 2849 igitur
425 2779 496 2830 unde
521 2777 549 2829 in
575 2776 698 2846 vulgares
733 2782 761 2828 et
780 2773 843 2828 olim
866 2774 968 2829 collatis
990 2784 1018 2829 et
1036 2793 1052 2828 a
1070 2795 1113 2830 me
1131 2776 1258 2830 adhibitis
1279 2793 1341 2829 ver·

93 2795 155 2901 effi
171 2846 280 2901 venerit
297 2851 422 2900 mandata
434 2847 580 2916 secturam.
732 2843 797 2896 bum
821 2846 941 2911 pervenit
972 2844 1151 2912 desideratur,
1183 2845 1234 2898 nisi
1265 2847 1338 2965 quod

733 2912 826 2965 eodem
843 2910 903 2964 loco
920 2911 1035 2965 FlonE
1059 2916 1202 2978 contendit,
1221 2919 1249 2965 et
1289 2912 1337 2966 lor.

145 2957 203 3004 .19.
238 2951 311 3003 Exci
329 2951 390 3002 inco
426 2949 478 3002 Vul
497 2967 513 3002 o
531 2948 600 3000 Exci
618 2949 687 3000 inum
778 2979 784 2991 ·
1198 2984 1203 2995 .

91 2953 143 3101 ned
157 3019 282 3100 plerique,
295 2968 369 3071 eilde.
387 2951 555 3098 ineptius,
579 2966 697 3094 ndnnulll
732 2979 804 3100 3]ὲὲ
821 2979 1062 3119 ᾗὲξῃζθῖἑὲζζίαῖ,
1074 2981 1336 3102 ἑῖξὲἱιηᾶῑέιξέἓθῦἱζ

91 3094 175 3167 cuam
191 3106 281 3167 emm
298 3105 358 3151 '²⁰²²’
376 3104 435 3140 ωε
454 3097 485 3141 ⁸²⁸
500 3103 562 3167 ”9⁷²2
580 3101 697 3171 qmlffl*
734 3116 855 3170 omnibus
882 3116 957 3169 libris
983 3089 1043 3170 mss.
1064 3118 1201 3171 inventum
1226 3133 1283 3171 esse
1309 3119 1337 3170 in

91 3151 421 3239 hucbmscrrbuntlolqr,
454 3155 613 3230 lestqnnem
626 3152 700 3208 llor.
734 3204 786 3255 qua
822 3193 932 3255 praeter
952 3203 1034 3238 unum
1056 3187 1169 3240 ΗΜ
1194 3185 1239 3257 qui
1266 3186 1337 3267 quod

91 3220 275 3295 Fssmpmen’
295 3221 321 3276 G
338 3241 454 3344 exiam
472 3221 699 3301 al'l'ell²¹¹¹t’·N⁰¹¹
733 3226 840 3307 necesse
866 3261 907 3307 est
928 3271 959 3308 ee
1002 3273 1038 3308 nc
1063 3255 1178 3308 exhibet.
1214 3255 1284 3308 Denr
1303 3271 1337 3308 ue

91 3293 174 3346 credo
195 3311 229 3345 ne
252 3310 324 3345 nunc
340 3310 383 3362 qur
402 3308 444 3344 em
464 3309 556 3344 verum
577 3290 631 3360 legi
652 3306 700 3341 no·
986 3274 1001 3326 9
1285 3273 1304 3326 q

91 3362 163 3425 tuen,
182 3363 228 3415 sed
243 3362 278 3414 de
296 3359 479 3415 terminatione
497 3366 569 3413 certa
585 3365 699 3412 constat.
734 3323 1337 3462 ffiggliffilwcrmlffiffffitgffilllltg

91 3425 247 3554 Mes
263 3445 534 3570 sternte
558 3427 701 3480 ¹“‘¹¹²²‘¹¹¹¹¹
735 3460 908 3595 trien
921 3460 1336 3599 ,asem

114 3604 215 3656 odlnc
233 3603 373 3655 admodum
389 3603 514 3669 iuvenem]
539 3599 701 3679 Adiecipar·
735 3597 800 3663 site,
828 3598 875 3650 sed
897 3598 1020 3652 videntur
1042 3615 1099 3652 csse
1115 3599 1143 3652 in
1159 3601 1251 3653 eudem
1269 3599 1336 3670 Sog-

91 3669 201 3725 siculam
224 3671 324 3736 adbuc,
347 3670 469 3740 quoniam
487 3676 564 3724 extat
582 3668 609 3721 in
625 3667 699 3721 libris
733 3665 811 3718 diana
828 3665 862 3717 ad
879 3665 1028 3722 inferiorem
1040 3667 1335 3738 Polytimetumfirisse,

91 3738 169 3793 mstis
181 3737 314 3803 omnibus,
330 3754 380 3791 nec
392 3738 499 3809 indigna
513 3745 555 3792 est
568 3737 628 3791 loco
643 3754 698 3789 suo.
733 3735 769 3786 τὰ
787 3732 916 3800 βασίλεια
937 3742 986 3800 τῆς
1003 3734 1179 3816 Σογδιανῆς,
1226 3753 1260 3788 uo
1282 3734 1336 3788 iam

91 3802 167 3861 Tum
181 3807 240 3860 edd.
259 3805 388 3876 principes
406 3816 434 3859 ot
451 3807 553 3861 codices
572 3817 595 3858 et
613 3807 699 3873 lepore
734 3811 812 3856 antea
841 3801 978 3857 recessisse
1003 3803 1183 3874 Spitamenen
1263 3802 1335 3856 'anus

91 3873 169 3930 baud
184 3893 237 3928 non
254 3891 319 3927 sane
336 3877 405 3928 virili
416 3894 473 3944 par
489 3894 542 3928 non
560 3883 629 3940 erat,
651 3872 699 3924 Al-
733 3887 773 3936 1V,
792 3879 817 3936 t,
835 3878 852 3923 4
869 3872 988 3925 tradidit,
1018 3873 1182 3944 Τρυβάκτρα
1198 3873 1290 3925 urbem
1307 3870 1334 3923 in

91 3941 144 3999 slus
162 3943 264 4014 primus
283 3952 306 3995 et
327 3942 415 4009 eiecit,
439 3946 512 4024 quod
535 3945 610 3996 abest
636 3940 699 3994 item
734 3940 868 4010 Sogdiana
876 3941 1337 4009 commemoratPtolemaeus,quam

91 4025 110 4064 ι
126 4011 245 4066 Fleuo.
281 4010 379 4064 Postea
395 4012 462 4066 Iunii
481 4012 592 4066 audacia
607 4010 699 4080 vulge-
734 4011 825 4062 urbem
847 4010 957 4062 eandem
979 4026 1036 4062 esse
1058 4027 1118 4063 cum
1139 4008 1214 4088 regia
1230 4005 1337 4062 Arriani

91 4080 131 4135 ἡ
158 4079 240 4134 lectio
263 4078 300 4132 sic
325 4079 468 4134 constitute
494 4089 553 4147 est,
579 4087 609 4133 ut
632 4086 702 4132 esset
735 4088 764 4131 et
781 4096 840 4132 cum
857 4078 961 4131 Bactris
978 4079 1031 4130 h.l.
1049 4078 1213 4148 Droysemus
1232 4077 1261 4131 in
1278 4074 1339 4128 hist.

91 4146 354 4227 kpoccbonolaanc
372 4152 560 4218 dispareret.
588 4148 701 4201 Sentcn-
736 4147 812 4201 Alex.
830 4153 916 4217 p.323
935 4145 1037 4199 statuit.
1072 4148 1139 4200 Eam
1153 4162 1255 4214 quaere
1272 4143 1340 4198 circe

91 4219 210 4270 hanon
225 4215 338 4269 multum
351 4216 490 4289 discrepat,
508 4219 555 4271 sed
572 4216 636 4269 nihil
653 4216 701 4268 im-
734 4217 865 4284 Rolnam,
883 4232 951 4286 quae
968 4214 1047 4268 hodic
1064 4233 1080 4269 a
1100 4212 1222 4286 pellatur.
1333 4223 1336 4228 ’

91 4283 176 4360 pedit
202 4283 340 4354 quominus
366 4287 451 4341 omnia
478 4303 610 4340 servemus
632 4285 700 4338 sicut
769 4292 842 4352 §.2L
877 4287 904 4336 in
922 4301 978 4337 eum
996 4235 1098 4355 locnml
1108 4283 1176 4336 Erat
1192 4283 1216 4338 is
1234 4282 1271 4336 ad
1287 4282 1341 4337 1³0³

91 4351 222 4405 inlibris
239 4361 309 4419 sunt,
326 4356 404 4410 modo
422 4358 446 4409 ei
462 4355 617 4426 corrigatur.
648 4353 701 4406 Le-
735 4354 884 4424 lytimetum
892 4368 1004 4418 amnem,
1018 4353 1241 4422 quemadmodum
1250 4350 1341 4405 Arria·

92 4434 194 4488 porem
206 4421 277 4474 haud
291 4439 351 4476 sane
359 4423 459 4478 virilem
471 4424 566 4479 tribuit
577 4423 700 4494 Hephae·
734 4442 783 4479 nus
800 4423 912 4484 tradidit
928 4435 969 4489 Ν,
988 4427 1011 4476 5.
