2926 5174
198 313 270 382 532
715 325 911 377 murnum.

195 514 259 573 hirr.
284 514 363 572 Flor.
388 513 424 570 B.
458 510 656 586 Pharnabazo]
680 511 846 569 Farnabaro
864 517 1027 570 constanter
1049 509 1119 569 libri
1144 510 1254 585 nostri,
1278 510 1341 570 item
1360 512 1415 572 lul

194 600 276 658 Leid.
294 599 373 656 Voss
405 600 432 655 1.
467 597 564 670 tradit]
584 597 700 653 tradidit
716 596 803 654 Bern.
821 597 847 654 B
866 597 945 656 Flor.
965 596 1006 653 H.

138 680 140 684 ⁴
282 686 308 758 5.
328 684 357 742 2.
392 687 505 740 annium
522 683 569 756 de]
605 681 689 738 Nihil
713 683 827 740 omnino
850 685 887 741 ab
911 683 965 739 hac
989 681 1137 756 scriptura
1161 682 1309 741 diversum
1325 703 1339 741 e
1353 684 1417 742 libris

196 770 302 828 nostris
320 779 451 839 notatur,
475 787 541 826 cum
559 767 680 825 Heinsio
697 767 837 843 placuerit
860 770 974 825 annium
991 769 1055 824 dein
1073 768 1245 825 irrorantibuc
1270 773 1339 827 curio
1353 779 1419 827 etex

196 854 261 915 Pel.
283 857 311 912 l.
331 856 348 911 2
367 864 497 913 enotetur
514 855 558 911 dei
575 873 626 928 pro
644 855 687 911 de.
722 855 848 928 occant]
867 856 980 910 oroerrit
995 852 1063 910 Pal.
1088 854 1100 908 l
1124 853 1207 911 Flor.
1227 854 1255 910 D
1274 865 1303 912 et
1317 855 1341 912 E
1356 875 1372 912 e
1385 875 1418 930 pr.

196 959 235 998 m.
251 943 379 998 occorroit
395 940 474 998 Flor.
493 941 536 1011 F,
552 939 656 1013 reliqui
672 957 770 997 omnes
786 942 913 1010 nonar,
931 939 1006 1013 quod
1022 938 1130 1005 editur,

286 1027 311 1099 5.
330 1027 359 1083 3.
396 1025 537 1099 collucere]
569 1027 707 1081 conlucere
723 1024 847 1082 Flor.B
872 1023 959 1083 Bern.
983 1024 1031 1096 A,
1057 1026 1194 1083 collucere
1219 1026 1320 1101 reliqui
1341 1027 1421 1085 nostrl

195 1111 353 1185 Babylona]
377 1111 557 1186 Babyloniam
583 1109 784 1184 (Echionium,
807 1109 1004 1184 Babilloniam)
1027 1109 1111 1166 Flor.
1137 1129 1241 1169 omnes
1266 1121 1295 1169 et
1310 1112 1420 1170 Heruli

196 1194 286 1259 Voss.
306 1197 342 1268 2,
360 1195 518 1271 babylonam
535 1196 622 1251 Bern.
641 1195 672 1252 A
689 1194 771 1251 Leid.
789 1194 879 1253 Voss.
900 1196 927 1254 l.

282 1282 308 1355 5.
328 1283 357 1338 4.
391 1282 430 1338 ad
451 1281 530 1355 haec]
556 1281 595 1347 od
618 1280 667 1337 hoc
683 1279 763 1337 Flor.
781 1277 816 1337 C.
859 1280 1071 1354 diotrinnerant]
1097 1281 1294 1340 dirtrorerant
1309 1283 1420 1340 Bern.B

195 1366 275 1424 Flor.
293 1366 428 1423 DEFHI
450 1365 538 1423 Voss.
558 1367 592 1436 2,
610 1367 796 1422 dr'ctrorerunt
812 1364 877 1425 Pal.
898 1367 925 1422 1.
945 1366 979 1435 2,
997 1367 1190 1424 distineor-ant
1207 1368 1290 1426 Flor.
1307 1367 1345 1426 G.

281 1454 308 1526 5.
326 1452 355 1509 5.
390 1453 521 1526 illustria]
540 1453 678 1508 industria
693 1450 789 1508 Pale
810 1450 898 1510 Voss.
920 1453 934 1507 1
954 1451 1040 1509 Bern.
1060 1451 1122 1508 AB
1142 1452 1227 1513 Flor.
1247 1474 1343 1512 omnes
1357 1473 1422 1529 pree

196 1536 278 1594 terli
298 1538 346 1612 qui
363 1537 393 1593 in
411 1546 492 1594 textu
509 1536 595 1594 habet
611 1539 742 1592 incarneo
760 1536 848 1607 (sicut
863 1537 928 1597 Pal.
949 1538 991 1612 1),
1008 1536 1039 1592 in
1057 1555 1157 1614 marg.
1176 1541 1309 1597 illustria.
1332 1551 1422 1615 portm-

196 1623 273 1696 dere]
289 1623 452 1697 protendere
469 1622 555 1681 Bern.
574 1622 601 1678 B
624 1621 702 1678 Flor.
721 1619 762 1679 G.

282 1709 308 1781 5.
329 1709 357 1765 6.
376 1709 478 1782 omino]
498 1706 559 1765 onia
579 1706 665 1764 Voss.
687 1708 701 1763 1
722 1707 809 1764 Bern.
829 1707 860 1764 A
875 1707 938 1775 (sed
952 1725 1057 1765 manus
1068 1717 1181 1766 recent.
1195 1709 1227 1768 in
1239 1731 1330 1788 marg.
1341 1712 1423 1785 omino)

196 1788 267 1850 oniia
284 1793 362 1851 Flor.
382 1791 427 1865 G,
452 1812 531 1849 omna
549 1794 703 1869 (superscr.
723 1811 741 1848 e
758 1811 845 1849 manu
862 1792 912 1849 alt.
931 1796 954 1867 i)
978 1792 1059 1850 Flor.
1080 1792 1125 1867 C,
1154 1799 1251 1854 omnio
1269 1798 1346 1856 Flor.
1363 1795 1423 1854 EHI

195 1877 260 1936 Pal.
284 1881 310 1938 1.
330 1878 348 1934 2
367 1879 434 1935 edit.
452 1898 495 1954 pr.
535 1878 670 1952 sormam]
681 1881 826 1953 fortunam
842 1877 898 1936 Pal
915 1878 933 1934 2
952 1886 981 1934 et
997 1890 1065 1936 ante
1083 1881 1296 1940 correctionem
1312 1884 1383 1942 Flor.
1397 1882 1423 1939 F.

199 1963 363 2038 Chaldaeos]
387 1964 511 2022 chaldeos
532 1965 620 2022 Bern.
638 1964 669 2021 A
687 1964 766 2022 Flor.
784 1963 859 2036 DE,
881 1965 985 2022 caldeoc
1003 1963 1093 2022 Bern.
1112 1966 1141 2023 B
1162 1968 1247 2025 Flor.
1267 1967 1364 2040 CFG,
1383 1969 1424 2024 od·

195 2049 277 2106 daeoc
293 2050 372 2110 Flor.
391 2050 434 2107 H.
656 2090 662 2097 -

282 2137 308 2208 §.
325 2136 355 2192 7.
390 2137 489 2210 specie]
515 2154 563 2208 ope
587 2133 718 2191 Bern.B
743 2134 974 2193 Flor.DEFHI
997 2134 1106 2194 Pell.
1150 2141 1292 2214 somnum]
1316 2140 1425 2196 connium

195 2219 283 2277 Bern.
301 2222 328 2277 B
346 2220 424 2277 Flor.
443 2218 542 2291 DEG,
560 2223 711 2294 sompnium
728 2220 807 2277 Flor.
824 2220 878 2278 ΡΙ.
914 2221 1094 2296 Euphraten]
1135 2220 1189 2282 Sic
1206 2223 1292 2285 Leid.
1311 2224 1424 2282 Bernl

196 2305 276 2362 Flor.
294 2303 444 2377 BCDGI‚
469 2306 626 2380 euphratem
651 2306 807 2381 (eufratem)
829 2305 940 2380 reliqui.
978 2309 1092 2381 monem]
1121 2328 1233 2367 morere
1251 2329 1349 2368 omnes
1364 2311 1424 2368 Flor.

196 2398 225 2445 et
242 2389 373 2446 Bern.B
395 2389 486 2451 Voss.
506 2390 524 2445 2
543 2390 609 2446 edit.
628 2410 672 2466 pr.

285 2472 358 2550 Cap.
378 2476 396 2531 7
405 2517 413 2547 ‚
438 2477 463 2548 §.
484 2476 512 2532 8.
546 2477 706 2550 procedere]
729 2478 892 2551 procedente
907 2475 996 2534 Voss.
1017 2477 1035 2533 2
1061 2475 1132 2539 Pel.
1156 2481 1186 2538 l.
1208 2482 1228 2537 2
1257 2482 1345 2540 Bern.
1362 2481 1385 2538 B
1405 2487 1425 2535 et

195 2559 276 2617 Flor.
296 2579 393 2617 omnes
412 2559 561 2635 praeterB
579 2569 609 2617 et
623 2559 652 2619 G
666 2579 740 2636 apr.
759 2579 846 2618 manu
867 2561 1053 2638 (correctione
1070 2563 1184 2622 factum
1203 2577 1252 2624 est
1267 2569 1425 2642 procedente).

195 2645 307 2718 illustri]
327 2647 438 2703 inlustri
461 2646 548 2703 Bern.
567 2646 598 2703 A
615 2648 696 2704 Flor.
715 2647 757 2704 H.
789 2649 893 2722 portet]
916 2650 1004 2722 poerit
1020 2647 1156 2725 plerique
1175 2653 1260 2711 Flor.
1281 2650 1424 2729 (praeteri

196 2738 226 2786 et
243 2729 273 2803 Ι)
292 2731 359 2788 item
378 2733 462 2789 ambo
480 2732 567 2789 Bern.
587 2744 613 2789 et
632 2732 698 2790 Pel.
720 2734 747 2789 1.
766 2733 796 2789 2.
840 2734 976 2808 crystallo]
1004 2736 1130 2792 cristallo
1156 2745 1219 2796 tres
1239 2733 1425 2811 snakenburgii

195 2825 224 2872 et
240 2835 338 2874 omnes
357 2818 446 2876 nostri
463 2828 575 2893 praeter
592 2818 672 2877 Flor.
690 2816 836 2875 BDEHI.

281 2905 306 2976 5.
328 2903 357 2960 9.
399 2905 541 2978 vocabant]
573 2913 669 2962 vocant
702 2903 790 2961 Bern.
814 2903 856 2960 A.
897 2902 1040 2979 canebant]
1077 2908 1235 2968 cantabant
1258 2911 1345 2969 Bern.
1366 2908 1387 2966 B
1405 2915 1424 2963 et

194 2988 275 3052 Flor.
297 2989 340 3046 H.

281 3077 306 3148 5.
328 3075 377 3132 10.
413 3076 526 3149 Mayoo]
551 3074 692 3132 omittitur
707 3074 737 3131 in
755 3074 881 3133 Bern.B
899 3083 928 3132 et
943 3074 1023 3132 Flor.
1042 3075 1086 3133 H.
1121 3080 1238 3139 iuuenco
1256 3078 1423 3157 sequebantur]

194 3158 324 3218 Verbum
335 3160 516 3234 coquebantur
530 3159 558 3215 in
570 3161 649 3222 Flor.
659 3160 715 3217 DE
730 3180 786 3218 non
799 3171 865 3236 post
877 3165 991 3232 iuuenco,
1007 3161 1058 3217 sed
1074 3174 1146 3238 post
1156 3185 1275 3224 numero
1288 3167 1424 3226 collocetur.

281 3247 305 3318 §.
326 3247 374 3301 11.
408 3246 479 3318 lovi]
499 3245 571 3302 loric
588 3245 675 3303 Bern.
687 3246 723 3304 B.
757 3247 846 3321 abae]
866 3247 982 3303 albentes
999 3247 1080 3304 Flor.
1095 3247 1168 3309 BG.
1205 3254 1340 3328 repentes]
1356 3261 1423 3324 leym

195 3337 234 3385 ter
250 3329 337 3386 Bern.
354 3329 380 3386 B
399 3340 427 3385 et
445 3330 523 3386 Flor.
541 3329 581 3387 H.

282 3416 306 3487 §.
328 3415 375 3471 13.
409 3417 517 3488 vocant]
537 3415 678 3473 omittitur
694 3416 723 3473 in
741 3416 820 3475 Flor.
838 3418 869 3475 H
888 3417 975 3476 Bern.
992 3416 1030 3474 B.

282 3500 307 3570 5.
328 3502 375 3556 14.
411 3502 561 3574 appellant]
582 3503 758 3575 appellabant
774 3503 854 3559 Leid.
872 3502 969 3560 nullus
986 3520 1129 3562 meorum.

280 3585 305 3656 §.
327 3586 375 3642 16.
409 3587 601 3659 internitentes]
620 3588 822 3646 intervenienter
839 3588 917 3646 Flor.
935 3589 965 3644 H
983 3587 1070 3645 Bern.
1090 3589 1129 3647 B.

196 3692 198 3699 ·
280 3667 352 3745 Cap.
372 3671 451 3743 8,5.
472 3667 520 3728 17.
556 3674 655 3746 ruitur]
693 3673 732 3728 At
751 3675 801 3745 (nb
818 3674 856 3730 el.
874 3677 927 3744 m.)
945 3674 1131 3733 cuburFlor.
1146 3675 1184 3736 O.
1222 3681 1347 3757 larario]
1363 3679 1421 3738 luco

192 3756 238 3811 ria
260 3753 347 3811 Bern.
367 3756 398 3812 A
419 3754 501 3812 'Leid.
526 3755 614 3813 Voce.
636 3760 648 3812 l
677 3760 706 3825 (e
723 3759 802 3816 Flor.
827 3759 897 3815 nihil
922 3762 1062 3830 notetur).
1095 3763 1249 3840 intentum]
1276 3769 1420 3825 intonant

192 3840 272 3898 Flor.
291 3840 330 3900 G.
366 3841 443 3898 Tum
461 3843 531 3915 erat]
551 3851 629 3898 erant
646 3842 778 3900 Bern.B.
810 3846 928 3919 poliam]
944 3844 1040 3918 palam
1052 3844 1177 3906 Fruar
1196 3850 1338 3912 Bern.A.
1357 3847 1419 3920 adut]

191 3928 272 3983 velud
288 3928 376 3987 Bern.
395 3929 426 3985 A
444 3946 521 4001 apr.
540 3947 577 3983 m.
597 3928 675 3985 Flor.
694 3929 729 3986 B.

279 4014 303 4086 §.
325 4014 372 4070 19.
411 4013 507 4070 Cidar.
526 4013 631 4070 Persae
648 4016 789 4087 uocabant]
836 4013 960 4072 Cidarim
976 4012 1084 4070 Persae
1107 4025 1219 4092 teymen
1244 4025 1344 4098 capitit
1362 4033 1419 4078 cat·

192 4095 256 4152 bont
273 4100 375 4172 insiyne
392 4099 440 4154 hoc
458 4098 537 4155 Flor.
555 4096 590 4155 C.
624 4100 793 4173 circumibat]
820 4099 951 4157 circuibat
967 4098 1045 4156 Flor.
1063 4099 1175 4179 BCG,
1199 4109 1351 4167 circumibat
1363 4104 1419 4163 Flor.

191 4178 235 4253 Ε,
253 4183 430 4239 circundabot
447 4183 533 4241 Bern.
552 4183 587 4240 B.

277 4267 302 4339 5.
321 4269 371 4327 20.
407 4280 518 4343 arpenta
536 4272 694 4345 coornatas]
721 4288 754 4328 en
777 4278 888 4345 arpenta
905 4269 1098 4329 ecormFlor.
1117 4272 1165 4351 Β,
1191 4297 1221 4336 a.
1241 4289 1350 4337 ornatae
1363 4273 1417 4334 Flor.

153 4420 156 4427 Ι
192 4344 251 4420 FI,
269 4369 296 4409 a.
315 4353 466 4411 adornatas
483 4355 562 4413 Flor.
579 4353 647 4415 EG.

278 4435 303 4506 5.
322 4438 371 4502 21,
408 4439 517 4515 electro]
556 4439 605 4499 Sic
621 4461 720 4500 omnes
739 4442 819 4501 codd.
837 4461 906 4500 mss.
924 4450 953 4499 et
969 4440 1036 4499 edit.
1053 4461 1101 4518 pr.
