2926 5174
602 119 796 174 11101001
1242 102 1315 176 ’535

80 312 214 369 meditata
230 311 315 368 Bern.
333 310 360 368 Β
379 315 408 366 01
425 308 552 385 plerique
564 309 643 365 Flor.
660 326 724 365 cum
742 307 810 365 edit.
829 326 884 383 pr„
900 306 958 365 iem
975 305 1006 364 in
1023 307 1133 368 Aldina
1150 318 1315 368 correctum.

171 398 198 471 5.
216 398 245 454 3.
278 397 371 472 arma]
391 395 480 453 Bern.
497 394 524 451 Β
543 394 568 451 F
570 396 619 452 lor.
641 394 671 450 H
690 393 794 451 Atilii.

169 482 196 555 5.
215 484 243 539 4.
278 482 394 556 litteras]
414 483 507 537 literas
520 480 545 536 F
548 481 600 537 lor.
613 477 665 536 BC
686 479 800 554 (reliqui
817 496 916 535 omnes
933 487 961 534 01
978 478 1065 535 Bern.
1084 479 1211 554 litteras).
1242 484 1316 554 qiiic-

74 569 164 644 quid]
184 569 317 642 quidquid
333 567 360 624 F
361 566 414 623 lor.
433 566 490 623 BD
510 565 625 640 (reliqui
642 584 739 621 omnes
757 576 786 621 et
803 564 963 621 Beruenses
982 576 1143 621 constanter
1161 567 1324 640 quicquid).

168 654 194 727 5.
214 654 243 710 7.
285 653 404 728 versato]
430 661 531 708 miniato
555 670 602 708 seu
627 660 730 707 versato
751 651 829 707 Flor.
849 650 886 706 B.
923 651 1011 724 anuli]
1038 648 1086 706 Sic
1111 653 1181 722 (non
1206 655 1314 727 annuli)

72 757 180 797 omnes
191 738 267 796 Flor.
282 747 309 795 01
323 738 410 795 Bern.
445 736 688 812 Praepositionem
707 739 735 792 in
753 737 782 793 in
797 738 884 793 verbo
895 738 1027 809 impresso
1039 755 1094 791 non
1107 744 1220 792 miltant
1234 738 1316 794 Leid.

72 822 170 884 Voss.
192 826 206 881 1
234 825 320 881 Bern.
339 824 382 896 A,
412 824 462 880 sed
487 827 523 880 im
541 822 665 880 Fleuss
690 822 738 896 qui
762 835 855 879 tumen
873 841 939 878 mox
958 839 1021 876 cum
1048 821 1184 879 Βο111.Α
1208 824 1316 881 inducit.
1421 818 1424 825 ¹

71 912 123 968 eni
141 909 320 985 incumbebat]
338 912 385 966 cni
401 927 451 966 rec
467 909 583 965 incumb.
604 909 682 965 Flor.
701 908 743 976 Β,
765 911 810 964 cui
827 907 971 964 incubabat
989 907 1067 963 Flor.
1087 904 1127 964 G.

166 993 240 1069 Cap.
255 996 303 1063 15,
316 997 341 1070 5.
353 997 382 1053 8.
397 1003 423 1052 et
435 995 492 1069 iiic]
502 991 684 1051 Omitiuntur
692 994 760 1052 haec
768 1014 796 1050 v.
808 994 836 1050 in
843 993 931 1050 Bern.
941 992 1052 1049 BFlor.
1062 992 1145 1049 DEF
1147 993 1195 1050 HI
1206 993 1271 1050 Pol.
1284 994 1313 1052 1.

165 1081 192 1154 5.
214 1083 263 1138 10.
294 1081 490 1156 proiectisque]
510 1080 596 1137 Bern.
617 1081 642 1137 B
660 1078 739 1136 Flor.
760 1080 789 1136 H
806 1082 944 1153 proiectis.

166 1167 262 1240 511.
298 1167 491 1241 sollicitudine]
515 1168 700 1222 sollicitatione
725 1165 803 1223 Flor.
829 1165 860 1222 H
886 1183 964 1239 quem
986 1163 1053 1220 inibi
1075 1165 1135 1222 soll.
1159 1167 1314 1238 tempestiua

69 1253 145 1310 edit.
165 1271 208 1327 pr.
227 1253 276 1309 sed
293 1251 416 1311 conexit
433 1251 489 1308 iem
508 1252 634 1309 Aldinus
652 1250 749 1308 editor.
980 1280 983 1288 ·

164 1338 191 1411 5.
218 1338 267 1402 12.
303 1339 413 1413 Itaque]
443 1337 489 1393 Ita
512 1337 538 1393 F
539 1337 592 1394 lor.
611 1337 652 1393 H.
691 1338 825 1412 prosecta]
850 1338 999 1411 profectum
1028 1334 1115 1391 Bern.
1135 1336 1166 1393 A
1188 1335 1312 1393 Flor.B

68 1423 159 1482 Leid.
187 1423 276 1482 Voss.
296 1426 325 1481 1.
366 1424 416 1481 sed
439 1425 563 1498 certiore]
588 1424 728 1479 secretiore
752 1422 832 1480 Flor.
852 1419 887 1480 C.
923 1422 1064 1495 voluisses]
1084 1425 1214 1479 noluisses
1231 1422 1312 1480 Flor.

68 1509 104 1568 H
124 1518 155 1567 et
173 1510 240 1567 edit.
259 1529 302 1586 pr.
323 1508 460 1586 (correxit
477 1507 534 1565 iem
552 1508 639 1579 Ald.)

163 1593 237 1672 Cup.
259 1598 314 1666 16,
338 1596 364 1669 5.
392 1596 441 1653 13.
484 1595 572 1669 tanta]
598 1595 666 1650 tanti
683 1593 815 1650 Bornb
840 1593 919 1651 Flor.
943 1592 984 1650 H.
1027 1593 1225 1669 medicamenti]
1263 1591 1311 1652 Sic

71 1682 163 1739 etiam
186 1680 283 1751 Leid.,
308 1675 436 1740 eVoss.
459 1682 487 1742 1.
507 1680 525 1735 2
552 1677 751 1755 Snekenburg.
770 1679 841 1736 nihil
858 1699 876 1736 a
894 1696 946 1736 sue
969 1677 1109 1753 scripture
1127 1681 1310 1738 medicaminis

72 1768 223 1826 diversum
241 1777 352 1839 enatat,
368 1785 462 1825 errore
479 1776 559 1840 puto.

163 1855 190 1928 5.
211 1856 261 1911 14.
304 1855 376 1929 arte]
396 1851 445 1911 Sic
461 1853 550 1908 Bern.
564 1852 605 1908 A.
628 1851 707 1908 Flor.
723 1849 863 1910 BCFGI.
908 1868 980 1908 nunc
998 1850 1051 1910 cibi
1066 1868 1137 1908 nunc
1154 1852 1223 1979 01111]
1241 1870 1314 1910 nunc

74 1940 134 1997 nini
149 1956 222 1996 nunc
239 1940 294 1997 cibi
308 1939 386 1997 Flor
406 1938 479 1997 EFI
496 1937 610 1994 Pell.

163 2024 261 2099 5.15.
306 2027 419 2102 destitit]
444 2025 548 2081 desistit
566 2023 645 2080 Flor.
663 2022 734 2080 FH:

164 2111 191 2184 5.
216 2111 266 2168 16.
310 2130 338 2168 se
355 2111 429 2186 diff]
461 2128 490 2166 se
507 2108 648 2167 omittitur
664 2108 693 2166 in
711 2107 812 2166 Pell
841 2107 921 2165 Flor.
939 2108 987 2178 1),
1010 2109 1040 2166 in
1057 2108 1084 2166 E
1103 2108 1246 2166 excideret
1264 2109 1314 2167 sed

78 2197 216 2255 adiectum
235 2205 288 2254 est..
341 2195 535 2270 eupectatiane]
567 2198 762 2270 exspectatione
785 2192 911 2252 Flor.B
936 2195 1024 2253 Bern.
1043 2198 1074 2254 A
1098 2195 1151 2252 soli
1173 2195 1209 2252 do
1233 2194 1314 2269 meis,

78 2285 299 2358 inspectationem
316 2281 399 2339 Leid.

157 2369 256 2443 517.
301 2368 439 2444 deutrum]
465 2368 605 2426 acnuam
626 2368 708 2426 Flor.
732 2365 794 2427 GH
819 2376 848 2425 01
872 2366 939 2425 edit.
963 2386 1007 2443 pr.
1035 2366 1107 2443 (non
1131 2376 1246 2426 secutus
1269 2375 1314 2426 est

78 2453 198 2528 Aldus).

161 2542 187 2615 5.
209 2541 259 2598 18.
304 2540 384 2616 nibil]
403 2539 508 2598 omittit
525 2538 607 2596 Leid.
651 2541 722 2614 sine]
747 2557 813 2596 cane
831 2539 918 2596 Bern.
937 2536 969 2594 A
986 2556 1005 2594 e
1027 2538 1120 2613 prime
1136 2556 1233 2611 manu,
1251 2559 1313 2599 cor·

76 2635 141 2685 rect.
157 2629 195 2685 ab
212 2627 263 2684 alt.
300 2627 431 2702 soricina]
450 2629 583 2701 fortunae
600 2625 681 2682 Leid.
701 2624 790 2681 Voss.
811 2625 825 2679 1
847 2624 934 2681 Bern.
954 2622 994 2693 Α,
1010 2625 1126 2697 fortune
1143 2623 1223 2681 Flor.
1247 2623 1311 2683 BC.

154 2714 180 2787 5.
201 2713 253 2770 20.
297 2711 480 2786 venerandus]
505 2712 672 2768 verecundus
689 2706 813 2767 Fleuo
838 2708 920 2766 Leid.
939 2707 1029 2764 Voss.
1055 2709 1070 2764 1
1096 2707 1183 2766 Bern.
1203 2711 1234 2767 A
1259 2709 1314 2780 (ito

21 2863 30 2871 ,
75 2806 107 2854 ut
122 2798 234 2856 11110100
257 2816 290 2856 cu
312 2816 400 2857 manu
421 2814 477 2855 reo.
503 2796 617 2872 punctis
642 2805 775 2854 notentur
799 2794 882 2869 quasi
903 2792 1054 2868 delendae,
1082 2812 1138 2868 quo
1156 2795 1314 2853 efficeretur

73 2885 233 3046 mendllcelii.
254 2970 304 3037 17,
322 2971 347 3043 5.
369 2971 397 3027 1.
432 2967 611 3044 Euphraten]
636 2971 758 3045 eufraten
775 2965 862 3023 Bern.
876 2965 907 3022 A
924 2964 1004 3023 Flor.
1023 2964 1060 3037 B,
1077 2968 1207 3041 eufratem
1224 2967 1311 3025 Bern.

72 3055 97 3112 B
122 3056 203 3114 Flor.
228 3053 375 3128 CDFHI,
398 3055 555 3130 eupbratem
578 3054 658 3112 Flor.
682 3051 751 3112 EG.
802 3052 903 3128 tamen]
933 3070 993 3110 oum
1017 3051 1148 3109 Bern.B
1173 3052 1252 3111 Flor.
1271 3053 1313 3128 H,

72 3160 130 3199 euin
147 3142 240 3200 Voss.
261 3141 290 3213 2,
306 3150 411 3198 tantum
428 3140 500 3198 Ald.
518 3139 586 3196 edit.

156 3229 183 3302 5.
203 3228 234 3284 2.
280 3226 373 3302 Solos]
393 3226 476 3283 Solus
487 3225 567 3283 Flor.
581 3222 614 3298 C,
627 3222 930 3283 SolisFlor.DEFHI
939 3223 1063 3283 Bern.B
1074 3225 1141 3284 Pel.
1156 3226 1170 3283 1
1185 3224 1275 3284 Voss.
1292 3227 1310 3284 2

70 3314 114 3370 ed.
133 3313 226 3389 princ.
246 3312 318 3369 Ald.
338 3312 420 3369 Salas
438 3312 528 3371 Voss.
549 3313 564 3369 1
584 3310 666 3369 Leid.
684 3311 715 3368 in
732 3311 860 3387 margine
878 3309 1007 3369 Salonas.

155 3401 182 3473 5.
202 3400 234 3454 4.
279 3398 406 3473 affertur]
423 3399 550 3471 adfertur
559 3397 641 3454 Leid.
654 3397 743 3455 Voss.
759 3399 773 3454 1
794 3396 893 3454 nullus
905 3395 983 3455 Flor.
997 3398 1145 3456 eutBern.
1164 3399 1310 3475 Myndios]

69 3485 194 3541 Mindios
208 3484 289 3541 Flor.
302 3481 436 3541 DEFGI
450 3477 543 3541 Voss.
557 3484 586 3557 2,
604 3481 733 3540 Mindius
750 3480 898 3541 Flor.CH
915 3481 1002 3541 Bern.
1012 3485 1048 3541 B.
1080 3483 1214 3558 Caunios]
1237 3483 1310 3540 Can·

68 3572 127 3627 nias
150 3569 233 3628 Flor.
259 3569 319 3641 ΕΙ,
348 3567 487 3627 Cauunias
511 3569 590 3627 Flor.
617 3568 665 3641 H,
692 3568 822 3626 Caninius
845 3568 933 3626 Bern.
959 3568 1002 3642 Β,
1031 3569 1141 3626 Caunos
1164 3569 1244 3626 Flor.
1268 3566 1310 3640 G,

72 3653 212 3712 Oannnios
230 3655 320 3713 Voss.
333 3655 363 3711 2.
396 3657 478 3730 facta
495 3656 628 3730 dicionis]
634 3656 716 3729 sacta
732 3674 789 3713 esse
806 3656 921 3714 dicionis
937 3655 1017 3714 Flor.
1033 3652 1069 3729 O,
1087 3655 1211 3711 diationis
1228 3652 1309 3712 Flor.

70 3737 123 3798 OD
142 3741 227 3818 (ante
246 3740 334 3815 corr.)
354 3740 381 3796 E
402 3740 502 3816 (corr.)
521 3740 563 3798 Η.

153 3829 180 3902 5.
201 3826 233 3883 5.
278 3827 361 3901 edito]
381 3827 465 3884 edicto
482 3827 571 3884 Boin.
589 3826 616 3884 Β
633 3827 714 3886 Flor.
732 3826 774 3884 H.

153 3914 180 3987 5.
202 3913 234 3969 8.
281 3906 404 3994 consilio]
424 3913 515 3970 omitt.
533 3911 617 3970 Leid.
635 3921 664 3971 01
682 3914 770 3971 Bern.
785 3915 816 3972 A
832 3913 863 3972 in
881 3932 938 3988 quo
956 3909 1106 3988 suppletur
1122 3926 1140 3966 a
1156 3927 1234 3968 men.
1252 3930 1308 3971 reo.

72 3995 157 4072 (sicut
175 3992 216 4055 de
233 3996 306 4054 libro
323 3997 402 4054 Dan.
421 3997 560 4075 notatur).

152 4084 180 4157 5.
202 4084 232 4139 9.
279 4084 428 4159 circumiri]
461 4086 576 4143 circuire
599 4083 680 4144 Flor.
708 4084 764 4146 cG
789 4087 856 4143 edit.
882 4102 926 4160 pr.
954 4082 1025 4158 (non
1048 4081 1135 4155 ΑΒ.)
1181 4083 1306 4160 subinde]
1415 4166 1426 4183 ·

69 4169 128 4226 inde
147 4169 241 4227 Voss.
263 4168 278 4222 1
299 4168 386 4225 Bern.
404 4170 440 4242 Β,
458 4172 555 4227 deinde
572 4181 689 4230 recentes
707 4175 770 4231 inde
788 4173 868 4230 Flor.
887 4170 928 4226 H.
952 4169 1054 4242 lacius]
1074 4169 1156 4224 latius
1179 4169 1258 4228 Flor.
1276 4170 1307 4231 G

70 4261 140 4312 etex
153 4260 275 4314 correct.
288 4271 352 4312 oum
364 4253 465 4318 fuisset
475 4258 566 4316 baninu
577 4258 657 4319 Flor.
669 4260 706 4337 Β,
717 4261 818 4318 lessius
828 4257 918 4317 Voss.
932 4258 949 4312 2
971 4263 1005 4312 ut
1019 4253 1091 4313 idem
1104 4253 1239 4334 1011021,
1256 4259 1306 4319 18.
