<?xml version="1.0" encoding="UTF-8"?>
<!DOCTYPE html PUBLIC "-//W3C//DTD XHTML 1.0 Transitional//EN"
    "http://www.w3.org/TR/xhtml1/DTD/xhtml1-transitional.dtd">
<html xmlns="http://www.w3.org/1999/xhtml" xml:lang="en" lang="en">
 <head>
  <title>
</title>
<meta http-equiv="Content-Type" content="text/html;charset=utf-8" />
  <meta name='ocr-system' content='tesseract 3.04.00' />
  <meta name='ocr-capabilities' content='ocr_page ocr_carea ocr_par ocr_line ocrx_word'/>
</head>
<body>
  <div class='ocr_page' id='page_1' title='image "./qcurtiirufidege01rufugoog_0607.png"; bbox 0 0 2926 5174; ppageno 0'>
   <div class='ocr_carea' id='block_1_1' title="bbox 201 300 916 372">
    <p class='ocr_par' dir='ltr' id='par_1_1' title="bbox 201 300 916 372">
     <span class='ocr_line' id='line_1_1' title="bbox 201 300 916 372; baseline -0.001 0"><span class='ocrx_word' id='word_1_1' title='bbox 201 300 274 372; x_wconf 85' lang='grc'><strong><em>576</em></strong></span> <span class='ocrx_word' id='word_1_2' title='bbox 719 318 916 372; x_wconf 68' lang='lat' dir='ltr'><strong><em>Arcanum.</em></strong></span> 
     </span>
    </p>
   </div>
   <div class='ocr_carea' id='block_1_2' title="bbox 200 502 1425 1782">
    <p class='ocr_par' dir='ltr' id='par_1_2' title="bbox 286 502 1256 584">
     <span class='ocr_line' id='line_1_2' title="bbox 286 502 1256 584; baseline 0.001 -20"><span class='ocrx_word' id='word_1_3' title='bbox 286 509 310 581; x_wconf 84' lang='lat'><strong><em>§.</em></strong></span> <span class='ocrx_word' id='word_1_4' title='bbox 330 507 380 564; x_wconf 89' lang='grc'><strong><em>34.</em></strong></span> <span class='ocrx_word' id='word_1_5' title='bbox 423 525 473 563; x_wconf 84' lang='lat' dir='ltr'><strong><em>ren</em></strong></span> <span class='ocrx_word' id='word_1_6' title='bbox 491 504 611 584; x_wconf 90' lang='lat' dir='ltr'><strong><em>intuens]</em></strong></span> <span class='ocrx_word' id='word_1_7' title='bbox 629 507 736 563; x_wconf 89' lang='lat' dir='ltr'><strong><em>intuens</em></strong></span> <span class='ocrx_word' id='word_1_8' title='bbox 753 525 804 563; x_wconf 85' lang='lat' dir='ltr'><strong><em>reu</em></strong></span> <span class='ocrx_word' id='word_1_9' title='bbox 821 504 900 563; x_wconf 85' lang='lat' dir='ltr'><strong><em>Flor.</em></strong></span> <span class='ocrx_word' id='word_1_10' title='bbox 920 502 1081 563; x_wconf 82' lang='lat' dir='ltr'><strong>CDEFHI</strong></span> <span class='ocrx_word' id='word_1_11' title='bbox 1101 505 1197 564; x_wconf 85' lang='lat' dir='ltr'><strong><em>Bern.</em></strong></span> <span class='ocrx_word' id='word_1_12' title='bbox 1218 506 1256 566; x_wconf 90' lang='lat' dir='ltr'><strong><em>B.</em></strong></span> 
     </span>
    </p>

    <p class='ocr_par' dir='ltr' id='par_1_3' title="bbox 200 591 1422 838">
     <span class='ocr_line' id='line_1_3' title="bbox 286 591 1422 670; baseline 0.004 -21"><span class='ocrx_word' id='word_1_13' title='bbox 286 596 311 665; x_wconf 90' lang='grc'><strong><em>5.</em></strong></span> <span class='ocrx_word' id='word_1_14' title='bbox 330 593 380 649; x_wconf 87' lang='lat'><strong><em>35.</em></strong></span> <span class='ocrx_word' id='word_1_15' title='bbox 423 594 606 667; x_wconf 91' lang='lat' dir='ltr'><strong><em>Macedonas]</em></strong></span> <span class='ocrx_word' id='word_1_16' title='bbox 631 593 797 650; x_wconf 81' lang='lat' dir='ltr'><strong><em>Macedones</em></strong></span> <span class='ocrx_word' id='word_1_17' title='bbox 820 591 908 648; x_wconf 82' lang='lat' dir='ltr'><strong><em>Bora.</em></strong></span> <span class='ocrx_word' id='word_1_18' title='bbox 926 591 952 648; x_wconf 93' lang='lat' dir='ltr'>B</span> <span class='ocrx_word' id='word_1_19' title='bbox 976 600 1005 648; x_wconf 82' lang='lat' dir='ltr'><strong><em>ct</em></strong></span> <span class='ocrx_word' id='word_1_20' title='bbox 1031 592 1117 649; x_wconf 86' lang='lat' dir='ltr'><strong><em>Flor.</em></strong></span> <span class='ocrx_word' id='word_1_21' title='bbox 1133 612 1239 651; x_wconf 84' lang='lat' dir='ltr'><strong><em>omnes</em></strong></span> <span class='ocrx_word' id='word_1_22' title='bbox 1256 602 1361 670; x_wconf 83' lang='lat' dir='ltr'><strong><em>practer</em></strong></span> <span class='ocrx_word' id='word_1_23' title='bbox 1374 595 1422 669; x_wconf 83' lang='lat' dir='ltr'><strong><em>AB,</em></strong></span> 
     </span>
     <span class='ocr_line' id='line_1_4' title="bbox 200 675 1422 760; baseline 0.002 -24"><span class='ocrx_word' id='word_1_24' title='bbox 200 698 234 736; x_wconf 87' lang='lat' dir='ltr'><strong><em>ac</em></strong></span> <span class='ocrx_word' id='word_1_25' title='bbox 250 679 337 735; x_wconf 87' lang='lat' dir='ltr'><strong><em>miror</em></strong></span> <span class='ocrx_word' id='word_1_26' title='bbox 354 697 391 734; x_wconf 84' lang='lat' dir='ltr'><strong><em>ex</em></strong></span> <span class='ocrx_word' id='word_1_27' title='bbox 412 697 468 753; x_wconf 90' lang='lat' dir='ltr'><strong><em>quo</em></strong></span> <span class='ocrx_word' id='word_1_28' title='bbox 486 679 546 736; x_wconf 86' lang='lat' dir='ltr'><strong><em>cod.</em></strong></span> <span class='ocrx_word' id='word_1_29' title='bbox 574 677 604 734; x_wconf 92' lang='lat' dir='ltr'><strong><em>in</em></strong></span> <span class='ocrx_word' id='word_1_30' title='bbox 622 678 688 734; x_wconf 82' lang='lat' dir='ltr'><strong><em>edit.</em></strong></span> <span class='ocrx_word' id='word_1_31' title='bbox 705 678 795 754; x_wconf 86' lang='lat' dir='ltr'><strong><em>princ.</em></strong></span> <span class='ocrx_word' id='word_1_32' title='bbox 820 677 929 736; x_wconf 83' lang='lat' dir='ltr'><strong><em>vencn&#39;t</em></strong></span> <span class='ocrx_word' id='word_1_33' title='bbox 947 675 1065 736; x_wconf 77' lang='lat' dir='ltr'><strong><em>Graeca</em></strong></span> <span class='ocrx_word' id='word_1_34' title='bbox 1082 677 1192 736; x_wconf 71' lang='lat' dir='ltr'><strong><em>somna.</em></strong></span> <span class='ocrx_word' id='word_1_35' title='bbox 1230 680 1352 760; x_wconf 76' lang='lat' dir='ltr'><strong><em>intellipt]</em></strong></span> <span class='ocrx_word' id='word_1_36' title='bbox 1368 684 1422 739; x_wconf 83' lang='lat' dir='ltr'><strong><em>intel·</em></strong></span> 
     </span>
     <span class='ocr_line' id='line_1_5' title="bbox 200 763 655 838; baseline -0.004 -15"><span class='ocrx_word' id='word_1_37' title='bbox 200 766 254 838; x_wconf 83' lang='lat' dir='ltr'><strong><em>lepi</em></strong></span> <span class='ocrx_word' id='word_1_38' title='bbox 269 763 355 821; x_wconf 85' lang='lat' dir='ltr'><strong><em>Bern.</em></strong></span> <span class='ocrx_word' id='word_1_39' title='bbox 372 765 404 821; x_wconf 89' lang='lat' dir='ltr'>A</span> <span class='ocrx_word' id='word_1_40' title='bbox 421 764 501 820; x_wconf 82' lang='lat' dir='ltr'><strong><em>Leid.</em></strong></span> <span class='ocrx_word' id='word_1_41' title='bbox 519 763 608 821; x_wconf 84' lang='lat' dir='ltr'><strong><em>Voss.</em></strong></span> <span class='ocrx_word' id='word_1_42' title='bbox 629 766 655 821; x_wconf 95' lang='lat'><strong><em>1.</em></strong></span> 
     </span>
    </p>

    <p class='ocr_par' dir='ltr' id='par_1_4' title="bbox 287 845 1321 925">
     <span class='ocr_line' id='line_1_6' title="bbox 287 845 1321 925; baseline 0.005 -18"><span class='ocrx_word' id='word_1_43' title='bbox 287 848 359 925; x_wconf 83' lang='lat' dir='ltr'><strong><em>Cap.</em></strong></span> <span class='ocrx_word' id='word_1_44' title='bbox 378 851 434 922; x_wconf 91' lang='grc'><strong><em>37,</em></strong></span> <span class='ocrx_word' id='word_1_45' title='bbox 463 846 489 923; x_wconf 61' lang='grc'><strong><em>53</em></strong></span> <span class='ocrx_word' id='word_1_46' title='bbox 507 849 535 906; x_wconf 88' lang='lat'><strong><em>3.</em></strong></span> <span class='ocrx_word' id='word_1_47' title='bbox 579 851 665 924; x_wconf 84' lang='lat' dir='ltr'><strong><em>rneoe]</em></strong></span> <span class='ocrx_word' id='word_1_48' title='bbox 685 848 826 907; x_wconf 88' lang='lat' dir='ltr'><strong><em>omittitur</em></strong></span> <span class='ocrx_word' id='word_1_49' title='bbox 842 847 872 905; x_wconf 88' lang='lat' dir='ltr'><strong><em>in</em></strong></span> <span class='ocrx_word' id='word_1_50' title='bbox 888 848 967 906; x_wconf 87' lang='lat' dir='ltr'><strong><em>Flor.</em></strong></span> <span class='ocrx_word' id='word_1_51' title='bbox 987 845 1158 908; x_wconf 81' lang='lat' dir='ltr'>CDEFHI</span> <span class='ocrx_word' id='word_1_52' title='bbox 1176 850 1268 910; x_wconf 86' lang='lat' dir='ltr'><strong><em>Bern.</em></strong></span> <span class='ocrx_word' id='word_1_53' title='bbox 1286 853 1321 912; x_wconf 94' lang='grc' dir='ltr'><strong><em>Β.</em></strong></span> 
     </span>
    </p>

    <p class='ocr_par' dir='ltr' id='par_1_5' title="bbox 287 932 935 1010">
     <span class='ocr_line' id='line_1_7' title="bbox 287 932 935 1010; baseline 0.002 -19"><span class='ocrx_word' id='word_1_54' title='bbox 287 938 312 1009; x_wconf 90' lang='grc'><strong><em>5.</em></strong></span> <span class='ocrx_word' id='word_1_55' title='bbox 331 937 360 991; x_wconf 98' lang='grc'><strong><em>4.</em></strong></span> <span class='ocrx_word' id='word_1_56' title='bbox 404 936 540 1009; x_wconf 80' lang='lat' dir='ltr'><strong><em>deseram]</em></strong></span> <span class='ocrx_word' id='word_1_57' title='bbox 560 936 680 1010; x_wconf 87' lang='lat' dir='ltr'><strong><em>deferam</em></strong></span> <span class='ocrx_word' id='word_1_58' title='bbox 696 934 776 993; x_wconf 88' lang='lat' dir='ltr'><strong><em>Flor.</em></strong></span> <span class='ocrx_word' id='word_1_59' title='bbox 794 932 935 992; x_wconf 84' lang='lat' dir='ltr'><strong>CDFHI.</strong></span> 
     </span>
    </p>

    <p class='ocr_par' dir='ltr' id='par_1_6' title="bbox 200 1020 1423 1182">
     <span class='ocr_line' id='line_1_8' title="bbox 288 1020 1423 1099; baseline 0.003 -21"><span class='ocrx_word' id='word_1_60' title='bbox 288 1023 313 1094; x_wconf 88' lang='grc'><strong><em>5.</em></strong></span> <span class='ocrx_word' id='word_1_61' title='bbox 333 1022 360 1078; x_wconf 89' lang='lat'><strong><em>6.</em></strong></span> <span class='ocrx_word' id='word_1_62' title='bbox 395 1021 568 1094; x_wconf 72' lang='lat' dir='ltr'><strong><em>sequebatur]</em></strong></span> <span class='ocrx_word' id='word_1_63' title='bbox 588 1022 779 1096; x_wconf 66' lang='lat' dir='ltr'><strong><em>insequebatur</em></strong></span> <span class='ocrx_word' id='word_1_64' title='bbox 793 1020 873 1079; x_wconf 86' lang='lat' dir='ltr'><strong><em>Flor.</em></strong></span> <span class='ocrx_word' id='word_1_65' title='bbox 886 1038 984 1079; x_wconf 85' lang='lat' dir='ltr'><strong><em>omncs</em></strong></span> <span class='ocrx_word' id='word_1_66' title='bbox 996 1028 1115 1097; x_wconf 76' lang='lat' dir='ltr'><strong><em>practer</em></strong></span> <span class='ocrx_word' id='word_1_67' title='bbox 1128 1021 1164 1082; x_wconf 86' lang='grc' dir='ltr'><strong>Α</strong></span> <span class='ocrx_word' id='word_1_68' title='bbox 1176 1031 1208 1082; x_wconf 83' lang='lat' dir='ltr'><strong><em>ct</em></strong></span> <span class='ocrx_word' id='word_1_69' title='bbox 1223 1021 1266 1099; x_wconf 84' lang='lat' dir='ltr'><strong><em>G,</em></strong></span> <span class='ocrx_word' id='word_1_70' title='bbox 1283 1023 1347 1082; x_wconf 77' lang='lat' dir='ltr'><strong><em>item</em></strong></span> <span class='ocrx_word' id='word_1_71' title='bbox 1361 1024 1423 1082; x_wconf 85' lang='lat' dir='ltr'><strong><em>Bern.</em></strong></span> 
     </span>
     <span class='ocr_line' id='line_1_9' title="bbox 200 1105 561 1182; baseline 0 -20"><span class='ocrx_word' id='word_1_72' title='bbox 200 1105 227 1162; x_wconf 90' lang='lat' dir='ltr'>B</span> <span class='ocrx_word' id='word_1_73' title='bbox 245 1106 334 1164; x_wconf 81' lang='lat' dir='ltr'><strong><em>Voss.</em></strong></span> <span class='ocrx_word' id='word_1_74' title='bbox 353 1106 370 1162; x_wconf 92' lang='lat'><strong>2</strong></span> <span class='ocrx_word' id='word_1_75' title='bbox 390 1106 456 1163; x_wconf 79' lang='lat' dir='ltr'><strong><em>odit.</em></strong></span> <span class='ocrx_word' id='word_1_76' title='bbox 474 1105 561 1182; x_wconf 88' lang='lat' dir='ltr'><strong><em>princ.</em></strong></span> 
     </span>
    </p>

    <p class='ocr_par' dir='ltr' id='par_1_7' title="bbox 200 1190 1425 1354">
     <span class='ocr_line' id='line_1_10' title="bbox 268 1190 1425 1266; baseline 0.006 -19"><span class='ocrx_word' id='word_1_77' title='bbox 268 1194 313 1266; x_wconf 86' lang='grc'><strong>’5.</strong></span> <span class='ocrx_word' id='word_1_78' title='bbox 333 1193 362 1249; x_wconf 98' lang='grc'><strong><em>7.</em></strong></span> <span class='ocrx_word' id='word_1_79' title='bbox 396 1194 496 1266; x_wconf 87' lang='lat' dir='ltr'><strong><em>posset]</em></strong></span> <span class='ocrx_word' id='word_1_80' title='bbox 516 1194 601 1266; x_wconf 88' lang='lat' dir='ltr'><strong><em>possit</em></strong></span> <span class='ocrx_word' id='word_1_81' title='bbox 622 1192 701 1252; x_wconf 83' lang='lat' dir='ltr'><strong><em>Flor.</em></strong></span> <span class='ocrx_word' id='word_1_82' title='bbox 721 1190 760 1251; x_wconf 81' lang='lat' dir='ltr'><strong><em>G.</em></strong></span> <span class='ocrx_word' id='word_1_83' title='bbox 803 1193 960 1266; x_wconf 87' lang='lat' dir='ltr'><strong><em>nominatis]</em></strong></span> <span class='ocrx_word' id='word_1_84' title='bbox 984 1195 1149 1252; x_wconf 87' lang='lat' dir='ltr'><strong><em>nominatus</em></strong></span> <span class='ocrx_word' id='word_1_85' title='bbox 1168 1195 1261 1255; x_wconf 83' lang='lat' dir='ltr'><strong><em>Bern.</em></strong></span> <span class='ocrx_word' id='word_1_86' title='bbox 1279 1197 1311 1256; x_wconf 87' lang='lat' dir='ltr'><strong>A</strong></span> <span class='ocrx_word' id='word_1_87' title='bbox 1327 1196 1425 1256; x_wconf 70' lang='lat' dir='ltr'><strong><em>mont</em></strong></span> 
     </span>
     <span class='ocr_line' id='line_1_11' title="bbox 200 1277 647 1354; baseline 0.002 -19"><span class='ocrx_word' id='word_1_88' title='bbox 200 1297 244 1354; x_wconf 90' lang='lat' dir='ltr'><strong><em>pr.</em></strong></span> <span class='ocrx_word' id='word_1_89' title='bbox 261 1297 309 1351; x_wconf 78' lang='lat' dir='ltr'><strong><em>m,</em></strong></span> <span class='ocrx_word' id='word_1_90' title='bbox 331 1280 497 1335; x_wconf 88' lang='lat' dir='ltr'><strong><em>nominaturi</em></strong></span> <span class='ocrx_word' id='word_1_91' title='bbox 512 1277 592 1335; x_wconf 82' lang='lat' dir='ltr'><strong><em>Flor.</em></strong></span> <span class='ocrx_word' id='word_1_92' title='bbox 611 1278 647 1336; x_wconf 92' lang='grc' dir='ltr'><strong><em>Β.</em></strong></span> 
     </span>
    </p>

    <p class='ocr_par' dir='ltr' id='par_1_8' title="bbox 288 1362 1193 1439">
     <span class='ocr_line' id='line_1_12' title="bbox 288 1362 1193 1439; baseline 0.007 -19"><span class='ocrx_word' id='word_1_93' title='bbox 288 1366 314 1437; x_wconf 94' lang='grc'><strong><em>5.</em></strong></span> <span class='ocrx_word' id='word_1_94' title='bbox 334 1365 363 1423; x_wconf 88' lang='lat'><strong><em>9.</em></strong></span> <span class='ocrx_word' id='word_1_95' title='bbox 399 1373 423 1420; x_wconf 94' lang='lat' dir='ltr'><strong><em>et</em></strong></span> <span class='ocrx_word' id='word_1_96' title='bbox 433 1367 496 1438; x_wconf 85' lang='lat' dir='ltr'><strong><em>sere</em></strong></span> <span class='ocrx_word' id='word_1_97' title='bbox 513 1367 623 1439; x_wconf 78' lang='lat' dir='ltr'><strong><em>noritis]</em></strong></span> <span class='ocrx_word' id='word_1_98' title='bbox 644 1374 668 1421; x_wconf 93' lang='lat' dir='ltr'><strong><em>et</em></strong></span> <span class='ocrx_word' id='word_1_99' title='bbox 684 1382 745 1421; x_wconf 88' lang='lat' dir='ltr'><strong><em>uere</em></strong></span> <span class='ocrx_word' id='word_1_100' title='bbox 761 1365 860 1421; x_wconf 81' lang='lat' dir='ltr'><strong><em>pocius</em></strong></span> <span class='ocrx_word' id='word_1_101' title='bbox 877 1363 954 1422; x_wconf 82' lang='lat' dir='ltr'><strong><em>Flor.</em></strong></span> <span class='ocrx_word' id='word_1_102' title='bbox 972 1362 1004 1421; x_wconf 86' lang='lat' dir='ltr'>A</span> <span class='ocrx_word' id='word_1_103' title='bbox 1021 1364 1092 1422; x_wconf 80' lang='lat' dir='ltr'><strong><em>edit.</em></strong></span> <span class='ocrx_word' id='word_1_104' title='bbox 1117 1365 1193 1426; x_wconf 89' lang='lat' dir='ltr'><strong><em>Iun.</em></strong></span> 
     </span>
    </p>

    <p class='ocr_par' dir='ltr' id='par_1_9' title="bbox 201 1447 1425 1678">
     <span class='ocr_line' id='line_1_13' title="bbox 287 1447 1424 1528; baseline 0.005 -24"><span class='ocrx_word' id='word_1_105' title='bbox 287 1451 311 1523; x_wconf 86' lang='grc'><strong><em>5.</em></strong></span> <span class='ocrx_word' id='word_1_106' title='bbox 332 1451 380 1506; x_wconf 90' lang='grc'><strong><em>10.</em></strong></span> <span class='ocrx_word' id='word_1_107' title='bbox 415 1468 462 1506; x_wconf 89' lang='lat' dir='ltr'><strong><em>nec</em></strong></span> <span class='ocrx_word' id='word_1_108' title='bbox 480 1449 620 1528; x_wconf 81' lang='lat' dir='ltr'><strong><em>cuiquam]</em></strong></span> <span class='ocrx_word' id='word_1_109' title='bbox 633 1468 680 1506; x_wconf 91' lang='lat' dir='ltr'><strong><em>nec</em></strong></span> <span class='ocrx_word' id='word_1_110' title='bbox 694 1451 803 1507; x_wconf 89' lang='lat' dir='ltr'><strong><em>cuidam</em></strong></span> <span class='ocrx_word' id='word_1_111' title='bbox 819 1449 897 1507; x_wconf 85' lang='lat' dir='ltr'><strong><em>Flor.</em></strong></span> <span class='ocrx_word' id='word_1_112' title='bbox 915 1447 1078 1508; x_wconf 84' lang='lat' dir='ltr'><strong>CDEFHI</strong></span> <span class='ocrx_word' id='word_1_113' title='bbox 1091 1451 1189 1512; x_wconf 82' lang='lat' dir='ltr'><strong><em>Bern.</em></strong></span> <span class='ocrx_word' id='word_1_114' title='bbox 1203 1455 1232 1512; x_wconf 95' lang='lat' dir='ltr'>B</span> <span class='ocrx_word' id='word_1_115' title='bbox 1247 1453 1314 1513; x_wconf 76' lang='lat' dir='ltr'><strong><em>Pal.</em></strong></span> <span class='ocrx_word' id='word_1_116' title='bbox 1330 1459 1344 1512; x_wconf 94' lang='lat'>1</span> <span class='ocrx_word' id='word_1_117' title='bbox 1361 1454 1424 1513; x_wconf 80' lang='lat' dir='ltr'><strong><em>Voss.</em></strong></span> 
     </span>
     <span class='ocr_line' id='line_1_14' title="bbox 203 1534 1425 1618; baseline 0.003 -26"><span class='ocrx_word' id='word_1_118' title='bbox 203 1536 239 1608; x_wconf 89' lang='lat'><strong><em>2,</em></strong></span> <span class='ocrx_word' id='word_1_119' title='bbox 263 1553 311 1592; x_wconf 89' lang='lat' dir='ltr'><strong><em>nec</em></strong></span> <span class='ocrx_word' id='word_1_120' title='bbox 329 1537 440 1608; x_wconf 81' lang='lat' dir='ltr'><strong><em>inquam</em></strong></span> <span class='ocrx_word' id='word_1_121' title='bbox 457 1535 536 1592; x_wconf 87' lang='lat' dir='ltr'><strong><em>Flor.</em></strong></span> <span class='ocrx_word' id='word_1_122' title='bbox 555 1534 603 1611; x_wconf 88' lang='lat' dir='ltr'><strong><em>G,</em></strong></span> <span class='ocrx_word' id='word_1_123' title='bbox 627 1554 675 1594; x_wconf 91' lang='lat' dir='ltr'><strong><em>nec</em></strong></span> <span class='ocrx_word' id='word_1_124' title='bbox 693 1536 801 1612; x_wconf 84' lang='lat' dir='ltr'><strong><em>quidem</em></strong></span> <span class='ocrx_word' id='word_1_125' title='bbox 823 1543 938 1594; x_wconf 83' lang='lat' dir='ltr'><strong><em>notatur</em></strong></span> <span class='ocrx_word' id='word_1_126' title='bbox 960 1554 998 1593; x_wconf 82' lang='lat' dir='ltr'><strong><em>cx</em></strong></span> <span class='ocrx_word' id='word_1_127' title='bbox 1020 1535 1090 1595; x_wconf 85' lang='lat' dir='ltr'><strong><em>Pal.</em></strong></span> <span class='ocrx_word' id='word_1_128' title='bbox 1110 1539 1153 1613; x_wconf 93' lang='lat'><strong><em>2,</em></strong></span> <span class='ocrx_word' id='word_1_129' title='bbox 1180 1560 1234 1601; x_wconf 89' lang='lat' dir='ltr'><strong><em>nec</em></strong></span> <span class='ocrx_word' id='word_1_130' title='bbox 1257 1544 1389 1618; x_wconf 82' lang='lat' dir='ltr'><strong><em>quoiquam</em></strong></span> <span class='ocrx_word' id='word_1_131' title='bbox 1401 1559 1425 1597; x_wconf 79' lang='lat' dir='ltr'><strong><em>ex</em></strong></span> 
     </span>
     <span class='ocr_line' id='line_1_15' title="bbox 201 1621 314 1678; baseline -0.009 0"><span class='ocrx_word' id='word_1_132' title='bbox 201 1621 266 1678; x_wconf 83' lang='lat' dir='ltr'><strong><em>Pal.</em></strong></span> <span class='ocrx_word' id='word_1_133' title='bbox 285 1622 314 1678; x_wconf 88' lang='lat'><strong><em>3.</em></strong></span> 
     </span>
    </p>

    <p class='ocr_par' dir='ltr' id='par_1_10' title="bbox 288 1704 1144 1782">
     <span class='ocr_line' id='line_1_16' title="bbox 288 1704 1144 1782; baseline 0.006 -18"><span class='ocrx_word' id='word_1_134' title='bbox 288 1704 358 1782; x_wconf 85' lang='lat' dir='ltr'><strong><em>Cap.</em></strong></span> <span class='ocrx_word' id='word_1_135' title='bbox 377 1706 433 1780; x_wconf 90' lang='lat'><strong><em>38,</em></strong></span> <span class='ocrx_word' id='word_1_136' title='bbox 456 1708 481 1780; x_wconf 87' lang='grc'><strong><em>5.</em></strong></span> <span class='ocrx_word' id='word_1_137' title='bbox 502 1709 550 1764; x_wconf 95' lang='grc'><strong><em>11.</em></strong></span> <span class='ocrx_word' id='word_1_138' title='bbox 594 1708 792 1781; x_wconf 88' lang='lat' dir='ltr'><strong><em>reuertendum]</em></strong></span> <span class='ocrx_word' id='word_1_139' title='bbox 808 1707 1037 1781; x_wconf 86' lang='lat' dir='ltr'><strong><em>praeuertendum</em></strong></span> <span class='ocrx_word' id='word_1_140' title='bbox 1055 1707 1144 1768; x_wconf 87' lang='lat' dir='ltr'><strong><em>Mod.</em></strong></span> 
     </span>
    </p>
   </div>
   <div class='ocr_carea' id='block_1_3' title="bbox 201 1785 1425 1952">
    <p class='ocr_par' dir='ltr' id='par_1_11' title="bbox 201 1785 1425 1952">
     <span class='ocr_line' id='line_1_17' title="bbox 290 1785 1425 1873; baseline 0.005 -25"><span class='ocrx_word' id='word_1_141' title='bbox 290 1791 384 1866; x_wconf 82' lang='lat'><strong>§.12</strong></span> <span class='ocrx_word' id='word_1_142' title='bbox 428 1795 539 1850; x_wconf 90' lang='lat' dir='ltr'><strong><em>mutauit</em></strong></span> <span class='ocrx_word' id='word_1_143' title='bbox 563 1794 646 1849; x_wconf 89' lang='lat' dir='ltr'><strong><em>anim.</em></strong></span> <span class='ocrx_word' id='word_1_144' title='bbox 672 1785 761 1873; x_wconf 92' lang='lat' dir='ltr'><strong><em>tuum]</em></strong></span> <span class='ocrx_word' id='word_1_145' title='bbox 788 1794 906 1849; x_wconf 87' lang='lat' dir='ltr'><strong><em>animum</em></strong></span> <span class='ocrx_word' id='word_1_146' title='bbox 930 1796 1046 1851; x_wconf 84' lang='lat' dir='ltr'><strong><em>mutauit</em></strong></span> <span class='ocrx_word' id='word_1_147' title='bbox 1073 1805 1158 1854; x_wconf 89' lang='lat' dir='ltr'><strong><em>tuum</em></strong></span> <span class='ocrx_word' id='word_1_148' title='bbox 1184 1797 1270 1858; x_wconf 84' lang='lat' dir='ltr'><strong><em>Flor.</em></strong></span> <span class='ocrx_word' id='word_1_149' title='bbox 1289 1798 1425 1858; x_wconf 78' lang='lat' dir='ltr'><strong><em>ODttFffl.</em></strong></span> 
     </span>
     <span class='ocr_line' id='line_1_18' title="bbox 201 1875 988 1952; baseline 0.001 -17"><span class='ocrx_word' id='word_1_150' title='bbox 201 1880 314 1952; x_wconf 76' lang='lat' dir='ltr'><strong><em>inimici]</em></strong></span> <span class='ocrx_word' id='word_1_151' title='bbox 334 1896 375 1934; x_wconf 93' lang='lat' dir='ltr'><strong><em>me</em></strong></span> <span class='ocrx_word' id='word_1_152' title='bbox 392 1879 471 1936; x_wconf 85' lang='lat' dir='ltr'><strong><em>Flor.</em></strong></span> <span class='ocrx_word' id='word_1_153' title='bbox 489 1878 622 1936; x_wconf 84' lang='lat' dir='ltr'><strong>DEFHI</strong></span> <span class='ocrx_word' id='word_1_154' title='bbox 639 1878 727 1935; x_wconf 89' lang='lat' dir='ltr'><strong><em>Bern.</em></strong></span> <span class='ocrx_word' id='word_1_155' title='bbox 746 1877 783 1946; x_wconf 90' lang='grc' dir='ltr'><strong><em>Β,</em></strong></span> <span class='ocrx_word' id='word_1_156' title='bbox 801 1880 821 1935; x_wconf 87' lang='lat' dir='ltr'><strong><em>il</em></strong></span> <span class='ocrx_word' id='word_1_157' title='bbox 831 1880 842 1934; x_wconf 93' lang='lat' dir='ltr'><strong><em>i</em></strong></span> <span class='ocrx_word' id='word_1_158' title='bbox 859 1878 935 1934; x_wconf 84' lang='lat' dir='ltr'><strong><em>Flor.</em></strong></span> <span class='ocrx_word' id='word_1_159' title='bbox 955 1875 988 1936; x_wconf 86' lang='lat' dir='ltr'><strong><em>O.</em></strong></span> 
     </span>
    </p>
   </div>
   <div class='ocr_carea' id='block_1_4' title="bbox 200 1961 1426 2992">
    <p class='ocr_par' dir='ltr' id='par_1_12' title="bbox 287 1961 1224 2040">
     <span class='ocr_line' id='line_1_19' title="bbox 287 1961 1224 2040; baseline 0.013 -22"><span class='ocrx_word' id='word_1_160' title='bbox 287 1966 312 2037; x_wconf 89' lang='grc'><strong><em>5.</em></strong></span> <span class='ocrx_word' id='word_1_161' title='bbox 333 1965 382 2021; x_wconf 87' lang='grc'><strong>17.</strong></span> <span class='ocrx_word' id='word_1_162' title='bbox 421 1967 505 2040; x_wconf 84' lang='lat' dir='ltr'><strong><em>repis]</em></strong></span> <span class='ocrx_word' id='word_1_163' title='bbox 525 1964 617 2021; x_wconf 85' lang='lat' dir='ltr'><strong><em>omitt.</em></strong></span> <span class='ocrx_word' id='word_1_164' title='bbox 635 1965 715 2021; x_wconf 83' lang='lat' dir='ltr'><strong><em>Flor.</em></strong></span> <span class='ocrx_word' id='word_1_165' title='bbox 734 1961 894 2021; x_wconf 83' lang='lat' dir='ltr'>CDEFHI</span> <span class='ocrx_word' id='word_1_166' title='bbox 911 1963 998 2021; x_wconf 84' lang='lat' dir='ltr'><strong><em>Bern.</em></strong></span> <span class='ocrx_word' id='word_1_167' title='bbox 1017 1966 1045 2022; x_wconf 97' lang='lat' dir='ltr'>B</span> <span class='ocrx_word' id='word_1_168' title='bbox 1070 1967 1171 2028; x_wconf 82' lang='lat' dir='ltr'><strong><em>Voss.</em></strong></span> <span class='ocrx_word' id='word_1_169' title='bbox 1193 1971 1224 2030; x_wconf 87' lang='grc'><strong>2.</strong></span> 
     </span>
    </p>

    <p class='ocr_par' dir='ltr' id='par_1_13' title="bbox 202 2050 1425 2216">
     <span class='ocr_line' id='line_1_20' title="bbox 289 2050 1425 2132; baseline 0.004 -26"><span class='ocrx_word' id='word_1_170' title='bbox 289 2052 313 2123; x_wconf 91' lang='grc'><strong><em>5.</em></strong></span> <span class='ocrx_word' id='word_1_171' title='bbox 340 2050 388 2107; x_wconf 89' lang='lat'><strong><em>18.</em></strong></span> <span class='ocrx_word' id='word_1_172' title='bbox 432 2052 532 2125; x_wconf 80' lang='lat' dir='ltr'><strong><em>malla]</em></strong></span> <span class='ocrx_word' id='word_1_173' title='bbox 557 2052 665 2108; x_wconf 89' lang='lat' dir='ltr'><strong><em>mallent</em></strong></span> <span class='ocrx_word' id='word_1_174' title='bbox 693 2050 782 2109; x_wconf 87' lang='lat' dir='ltr'><strong><em>Voss.</em></strong></span> <span class='ocrx_word' id='word_1_175' title='bbox 806 2050 835 2107; x_wconf 88' lang='lat'><strong><em>2.</em></strong></span> <span class='ocrx_word' id='word_1_176' title='bbox 869 2051 1061 2132; x_wconf 75' lang='lat' dir='ltr'><strong><em>arrepturum]</em></strong></span> <span class='ocrx_word' id='word_1_177' title='bbox 1087 2067 1280 2131; x_wconf 85' lang='lat' dir='ltr'><strong><em>accepturum</em></strong></span> <span class='ocrx_word' id='word_1_178' title='bbox 1301 2058 1358 2116; x_wconf 87' lang='lat' dir='ltr'><strong><em>edd.</em></strong></span> <span class='ocrx_word' id='word_1_179' title='bbox 1375 2056 1425 2113; x_wconf 84' lang='lat' dir='ltr'><strong><em>Mer.</em></strong></span> 
     </span>
     <span class='ocr_line' id='line_1_21' title="bbox 202 2132 572 2216; baseline -0.003 -21"><span class='ocrx_word' id='word_1_180' title='bbox 202 2136 273 2195; x_wconf 87' lang='lat' dir='ltr'><strong><em>Ald.</em></strong></span> <span class='ocrx_word' id='word_1_181' title='bbox 292 2136 358 2192; x_wconf 89' lang='lat' dir='ltr'><strong><em>Iun.</em></strong></span> <span class='ocrx_word' id='word_1_182' title='bbox 378 2134 449 2211; x_wconf 86' lang='lat' dir='ltr'><strong><em>(non</em></strong></span> <span class='ocrx_word' id='word_1_183' title='bbox 466 2132 572 2216; x_wconf 62' lang='lat' dir='ltr'><strong><em>Most).</em></strong></span> 
     </span>
    </p>

    <p class='ocr_par' dir='ltr' id='par_1_14' title="bbox 287 2219 1383 2305">
     <span class='ocr_line' id='line_1_22' title="bbox 287 2219 1383 2305; baseline 0.007 -28"><span class='ocrx_word' id='word_1_184' title='bbox 287 2224 312 2296; x_wconf 84' lang='lat'><strong><em>§.</em></strong></span> <span class='ocrx_word' id='word_1_185' title='bbox 338 2221 387 2278; x_wconf 85' lang='grc'><strong><em>19.</em></strong></span> <span class='ocrx_word' id='word_1_186' title='bbox 430 2219 630 2299; x_wconf 76' lang='lat' dir='ltr'><strong><em>interpellatus]</em></strong></span> <span class='ocrx_word' id='word_1_187' title='bbox 648 2222 824 2296; x_wconf 83' lang='lat' dir='ltr'><strong><em>interpolatas</em></strong></span> <span class='ocrx_word' id='word_1_188' title='bbox 841 2222 902 2280; x_wconf 79' lang='lat' dir='ltr'><strong><em>odd.</em></strong></span> <span class='ocrx_word' id='word_1_189' title='bbox 920 2221 993 2280; x_wconf 82' lang='lat' dir='ltr'><strong><em>Mer.</em></strong></span> <span class='ocrx_word' id='word_1_190' title='bbox 1012 2221 1088 2281; x_wconf 87' lang='lat' dir='ltr'><strong><em>Ald.</em></strong></span> <span class='ocrx_word' id='word_1_191' title='bbox 1111 2224 1194 2301; x_wconf 91' lang='lat' dir='ltr'><strong><em>(non</em></strong></span> <span class='ocrx_word' id='word_1_192' title='bbox 1213 2228 1297 2305; x_wconf 90' lang='lat' dir='ltr'><strong><em>Iun.)</em></strong></span> <span class='ocrx_word' id='word_1_193' title='bbox 1315 2228 1383 2288; x_wconf 88' lang='lat' dir='ltr'><strong><em>Mod.</em></strong></span> 
     </span>
    </p>

    <p class='ocr_par' dir='ltr' id='par_1_15' title="bbox 201 2305 1426 2631">
     <span class='ocr_line' id='line_1_23' title="bbox 287 2305 1426 2386; baseline 0.004 -22"><span class='ocrx_word' id='word_1_194' title='bbox 287 2305 361 2382; x_wconf 84' lang='lat' dir='ltr'><strong><em>Cap.</em></strong></span> <span class='ocrx_word' id='word_1_195' title='bbox 382 2309 438 2380; x_wconf 83' lang='lat'><strong><em>39,</em></strong></span> <span class='ocrx_word' id='word_1_196' title='bbox 464 2309 488 2381; x_wconf 87' lang='lat'><strong><em>§.</em></strong></span> <span class='ocrx_word' id='word_1_197' title='bbox 507 2309 557 2364; x_wconf 92' lang='grc'><strong>22.</strong></span> <span class='ocrx_word' id='word_1_198' title='bbox 591 2309 752 2383; x_wconf 87' lang='lat' dir='ltr'><strong><em>impensius]</em></strong></span> <span class='ocrx_word' id='word_1_199' title='bbox 779 2310 917 2382; x_wconf 79' lang='lat' dir='ltr'><strong><em>inpensius</em></strong></span> <span class='ocrx_word' id='word_1_200' title='bbox 941 2308 1030 2365; x_wconf 86' lang='lat' dir='ltr'><strong><em>Bern.</em></strong></span> <span class='ocrx_word' id='word_1_201' title='bbox 1050 2309 1102 2382; x_wconf 88' lang='lat' dir='ltr'><strong><em>A,</em></strong></span> <span class='ocrx_word' id='word_1_202' title='bbox 1132 2315 1201 2386; x_wconf 90' lang='lat' dir='ltr'><strong><em>ipse</em></strong></span> <span class='ocrx_word' id='word_1_203' title='bbox 1219 2319 1282 2373; x_wconf 87' lang='lat' dir='ltr'><strong><em>suis</em></strong></span> <span class='ocrx_word' id='word_1_204' title='bbox 1305 2315 1374 2374; x_wconf 82' lang='lat' dir='ltr'><strong><em>Flor.</em></strong></span> <span class='ocrx_word' id='word_1_205' title='bbox 1388 2310 1426 2370; x_wconf 88' lang='grc' dir='ltr'><strong><em>ΕΗ</em></strong></span> 
     </span>
     <span class='ocr_line' id='line_1_24' title="bbox 201 2392 1426 2477; baseline 0.002 -28"><span class='ocrx_word' id='word_1_206' title='bbox 201 2392 287 2450; x_wconf 85' lang='lat' dir='ltr'><strong><em>Bern.</em></strong></span> <span class='ocrx_word' id='word_1_207' title='bbox 305 2393 348 2464; x_wconf 92' lang='lat' dir='ltr'><strong><em>B,</em></strong></span> <span class='ocrx_word' id='word_1_208' title='bbox 371 2411 405 2448; x_wconf 87' lang='lat' dir='ltr'><strong><em>ec</em></strong></span> <span class='ocrx_word' id='word_1_209' title='bbox 422 2396 479 2449; x_wconf 87' lang='lat' dir='ltr'><strong><em>suis</em></strong></span> <span class='ocrx_word' id='word_1_210' title='bbox 496 2393 575 2450; x_wconf 85' lang='lat' dir='ltr'><strong><em>Flor.</em></strong></span> <span class='ocrx_word' id='word_1_211' title='bbox 593 2392 664 2465; x_wconf 84' lang='lat' dir='ltr'><strong><em>DF,</em></strong></span> <span class='ocrx_word' id='word_1_212' title='bbox 690 2396 748 2468; x_wconf 91' lang='lat' dir='ltr'><strong><em>ipse</em></strong></span> <span class='ocrx_word' id='word_1_213' title='bbox 765 2412 799 2450; x_wconf 83' lang='lat' dir='ltr'><strong><em>ea</em></strong></span> <span class='ocrx_word' id='word_1_214' title='bbox 815 2395 873 2450; x_wconf 88' lang='lat' dir='ltr'><strong><em>suis</em></strong></span> <span class='ocrx_word' id='word_1_215' title='bbox 894 2393 972 2451; x_wconf 83' lang='lat' dir='ltr'><strong><em>Flor.</em></strong></span> <span class='ocrx_word' id='word_1_216' title='bbox 991 2394 1018 2450; x_wconf 95' lang='lat' dir='ltr'><strong><em>I.</em></strong></span> <span class='ocrx_word' id='word_1_217' title='bbox 1066 2396 1224 2477; x_wconf 85' lang='lat' dir='ltr'><strong><em>obiicitur]</em></strong></span> <span class='ocrx_word' id='word_1_218' title='bbox 1251 2403 1360 2460; x_wconf 84' lang='lat' dir='ltr'><strong><em>obicitur</em></strong></span> <span class='ocrx_word' id='word_1_219' title='bbox 1372 2397 1426 2457; x_wconf 84' lang='lat' dir='ltr'><strong><em>Leid.</em></strong></span> 
     </span>
     <span class='ocr_line' id='line_1_25' title="bbox 201 2475 1426 2566; baseline 0.003 -31"><span class='ocrx_word' id='word_1_220' title='bbox 201 2478 289 2535; x_wconf 80' lang='lat' dir='ltr'><strong><em>Voss.</em></strong></span> <span class='ocrx_word' id='word_1_221' title='bbox 310 2477 325 2532; x_wconf 92' lang='lat'>1</span> <span class='ocrx_word' id='word_1_222' title='bbox 350 2478 436 2533; x_wconf 85' lang='lat' dir='ltr'><strong><em>Bern.</em></strong></span> <span class='ocrx_word' id='word_1_223' title='bbox 453 2478 485 2534; x_wconf 89' lang='lat' dir='ltr'>A</span> <span class='ocrx_word' id='word_1_224' title='bbox 507 2478 585 2535; x_wconf 83' lang='lat' dir='ltr'><strong><em>Flor.</em></strong></span> <span class='ocrx_word' id='word_1_225' title='bbox 605 2475 764 2537; x_wconf 82' lang='lat' dir='ltr'>ODEFHI</span> <span class='ocrx_word' id='word_1_226' title='bbox 789 2477 859 2554; x_wconf 89' lang='lat' dir='ltr'><strong><em>(non</em></strong></span> <span class='ocrx_word' id='word_1_227' title='bbox 876 2478 964 2555; x_wconf 85' lang='lat' dir='ltr'><strong><em>igitur</em></strong></span> <span class='ocrx_word' id='word_1_228' title='bbox 980 2479 1063 2538; x_wconf 82' lang='lat' dir='ltr'><strong><em>Flor.</em></strong></span> <span class='ocrx_word' id='word_1_229' title='bbox 1083 2481 1180 2566; x_wconf 83' lang='grc' dir='ltr'><strong>ΑΒ.)</strong></span> <span class='ocrx_word' id='word_1_230' title='bbox 1196 2489 1360 2565; x_wconf 84' lang='lat' dir='ltr'><strong><em>fastidiam]</em></strong></span> <span class='ocrx_word' id='word_1_231' title='bbox 1370 2486 1426 2564; x_wconf 71' lang='lat' dir='ltr'><strong><em>fusti·</em></strong></span> 
     </span>
     <span class='ocr_line' id='line_1_26' title="bbox 202 2563 1317 2631; baseline 0 -11"><span class='ocrx_word' id='word_1_232' title='bbox 202 2564 258 2620; x_wconf 80' lang='lat' dir='ltr'><strong><em>diui</em></strong></span> <span class='ocrx_word' id='word_1_233' title='bbox 275 2563 353 2619; x_wconf 82' lang='lat' dir='ltr'><strong><em>Flor.</em></strong></span> <span class='ocrx_word' id='word_1_234' title='bbox 371 2563 504 2621; x_wconf 84' lang='lat' dir='ltr'><strong>DEFHI</strong></span> <span class='ocrx_word' id='word_1_235' title='bbox 521 2563 607 2623; x_wconf 84' lang='lat' dir='ltr'><strong><em>Bern.</em></strong></span> <span class='ocrx_word' id='word_1_236' title='bbox 626 2565 663 2621; x_wconf 89' lang='lat' dir='ltr'><strong><em>B.</em></strong></span> <span class='ocrx_word' id='word_1_237' title='bbox 1313 2625 1317 2631; x_wconf 60' lang='grc'>,</span> 
     </span>
    </p>

    <p class='ocr_par' dir='ltr' id='par_1_16' title="bbox 288 2649 1035 2725">
     <span class='ocr_line' id='line_1_27' title="bbox 288 2649 1035 2725; baseline 0.005 -21"><span class='ocrx_word' id='word_1_238' title='bbox 288 2649 313 2721; x_wconf 88' lang='grc'><strong>5.</strong></span> <span class='ocrx_word' id='word_1_239' title='bbox 332 2649 383 2711; x_wconf 84' lang='grc'><strong><em>23.</em></strong></span> <span class='ocrx_word' id='word_1_240' title='bbox 419 2651 543 2725; x_wconf 83' lang='lat' dir='ltr'><strong><em>enoleuit]</em></strong></span> <span class='ocrx_word' id='word_1_241' title='bbox 567 2651 667 2707; x_wconf 82' lang='lat' dir='ltr'><strong><em>euoluit</em></strong></span> <span class='ocrx_word' id='word_1_242' title='bbox 684 2650 762 2708; x_wconf 81' lang='lat' dir='ltr'><strong><em>Flor.</em></strong></span> <span class='ocrx_word' id='word_1_243' title='bbox 779 2650 882 2708; x_wconf 83' lang='lat' dir='ltr'>EFHI</span> <span class='ocrx_word' id='word_1_244' title='bbox 898 2650 986 2708; x_wconf 78' lang='lat' dir='ltr'><strong><em>Voss·</em></strong></span> <span class='ocrx_word' id='word_1_245' title='bbox 1006 2651 1035 2708; x_wconf 93' lang='grc'><strong>2.</strong></span> 
     </span>
    </p>

    <p class='ocr_par' dir='ltr' id='par_1_17' title="bbox 200 2735 1425 2882">
     <span class='ocr_line' id='line_1_28' title="bbox 287 2735 1425 2821; baseline 0.005 -29"><span class='ocrx_word' id='word_1_246' title='bbox 287 2737 312 2809; x_wconf 88' lang='grc'><strong>5.</strong></span> <span class='ocrx_word' id='word_1_247' title='bbox 331 2735 381 2793; x_wconf 93' lang='grc'><strong><em>24.</em></strong></span> <span class='ocrx_word' id='word_1_248' title='bbox 422 2738 495 2812; x_wconf 82' lang='lat' dir='ltr'><strong><em>quod</em></strong></span> <span class='ocrx_word' id='word_1_249' title='bbox 512 2737 644 2810; x_wconf 89' lang='lat' dir='ltr'><strong><em>amicitia]</em></strong></span> <span class='ocrx_word' id='word_1_250' title='bbox 664 2738 789 2812; x_wconf 81' lang='lat' dir='ltr'><strong><em>quodque</em></strong></span> <span class='ocrx_word' id='word_1_251' title='bbox 806 2739 883 2795; x_wconf 88' lang='lat' dir='ltr'><strong><em>amic.</em></strong></span> <span class='ocrx_word' id='word_1_252' title='bbox 908 2736 987 2794; x_wconf 86' lang='lat' dir='ltr'><strong><em>Flor.</em></strong></span> <span class='ocrx_word' id='word_1_253' title='bbox 1000 2737 1131 2815; x_wconf 85' lang='lat' dir='ltr'>DFHI,</span> <span class='ocrx_word' id='word_1_254' title='bbox 1154 2745 1276 2817; x_wconf 83' lang='lat' dir='ltr'><strong><em>quidem</em></strong></span> <span class='ocrx_word' id='word_1_255' title='bbox 1287 2763 1354 2821; x_wconf 85' lang='lat' dir='ltr'><strong><em>quoe</em></strong></span> <span class='ocrx_word' id='word_1_256' title='bbox 1366 2743 1425 2801; x_wconf 83' lang='lat' dir='ltr'><strong><em>Bern.</em></strong></span> 
     </span>
     <span class='ocr_line' id='line_1_29' title="bbox 200 2820 389 2882; baseline 0.021 -5"><span class='ocrx_word' id='word_1_257' title='bbox 200 2820 227 2877; x_wconf 90' lang='lat' dir='ltr'>B</span> <span class='ocrx_word' id='word_1_258' title='bbox 250 2820 339 2879; x_wconf 69' lang='lat' dir='ltr'><strong><em>Voss</em></strong></span> <span class='ocrx_word' id='word_1_259' title='bbox 359 2822 389 2882; x_wconf 93' lang='grc'><strong>2.</strong></span> 
     </span>
    </p>

    <p class='ocr_par' dir='ltr' id='par_1_18' title="bbox 288 2907 1424 2992">
     <span class='ocr_line' id='line_1_30' title="bbox 288 2907 1424 2992; baseline 0.003 -28"><span class='ocrx_word' id='word_1_260' title='bbox 288 2909 313 2981; x_wconf 90' lang='grc'><strong>5.</strong></span> <span class='ocrx_word' id='word_1_261' title='bbox 332 2909 382 2965; x_wconf 93' lang='grc'><strong><em>27.</em></strong></span> <span class='ocrx_word' id='word_1_262' title='bbox 425 2908 502 2982; x_wconf 76' lang='lat' dir='ltr'><strong><em>lcoec]</em></strong></span> <span class='ocrx_word' id='word_1_263' title='bbox 522 2907 570 2966; x_wconf 81' lang='lat' dir='ltr'><strong><em>loc</em></strong></span> <span class='ocrx_word' id='word_1_264' title='bbox 587 2907 666 2966; x_wconf 88' lang='lat' dir='ltr'><strong><em>Flor.</em></strong></span> <span class='ocrx_word' id='word_1_265' title='bbox 684 2908 715 2965; x_wconf 95' lang='lat' dir='ltr'>H</span> <span class='ocrx_word' id='word_1_266' title='bbox 733 2908 819 2966; x_wconf 86' lang='lat' dir='ltr'><strong><em>Bern.</em></strong></span> <span class='ocrx_word' id='word_1_267' title='bbox 837 2908 872 2965; x_wconf 92' lang='grc' dir='ltr'><strong><em>Β.</em></strong></span> <span class='ocrx_word' id='word_1_268' title='bbox 901 2909 1013 2983; x_wconf 85' lang='lat' dir='ltr'><strong><em>stirpem</em></strong></span> <span class='ocrx_word' id='word_1_269' title='bbox 1031 2912 1139 2968; x_wconf 89' lang='lat' dir='ltr'><strong><em>tacitus</em></strong></span> <span class='ocrx_word' id='word_1_270' title='bbox 1160 2918 1336 2992; x_wconf 77' lang='lat' dir='ltr'><strong><em>apnosceret]</em></strong></span> <span class='ocrx_word' id='word_1_271' title='bbox 1353 2911 1424 2973; x_wconf 78' lang='lat' dir='ltr'><strong><em>Ouio</em></strong></span> 
     </span>
    </p>
   </div>
   <div class='ocr_carea' id='block_1_5' title="bbox 198 2994 1424 4513">
    <p class='ocr_par' dir='ltr' id='par_1_19' title="bbox 201 2994 1424 3155">
     <span class='ocr_line' id='line_1_31' title="bbox 202 2994 1424 3078; baseline 0.004 -28"><span class='ocrx_word' id='word_1_272' title='bbox 202 2996 300 3051; x_wconf 84' lang='lat' dir='ltr'><strong><em>tacitus</em></strong></span> <span class='ocrx_word' id='word_1_273' title='bbox 324 2994 403 3052; x_wconf 88' lang='lat' dir='ltr'><strong><em>Flor.</em></strong></span> <span class='ocrx_word' id='word_1_274' title='bbox 421 2994 556 3051; x_wconf 85' lang='lat' dir='ltr'>DEFHI</span> <span class='ocrx_word' id='word_1_275' title='bbox 579 2994 665 3051; x_wconf 90' lang='lat' dir='ltr'><strong><em>Bern.</em></strong></span> <span class='ocrx_word' id='word_1_276' title='bbox 683 2994 718 3052; x_wconf 90' lang='lat' dir='ltr'><strong><em>B.</em></strong></span> <span class='ocrx_word' id='word_1_277' title='bbox 759 3014 840 3071; x_wconf 83' lang='lat' dir='ltr'><strong><em>quom</em></strong></span> <span class='ocrx_word' id='word_1_278' title='bbox 853 2995 914 3070; x_wconf 86' lang='lat' dir='ltr'><strong><em>qm]</em></strong></span> <span class='ocrx_word' id='word_1_279' title='bbox 933 2997 1089 3071; x_wconf 84' lang='lat' dir='ltr'><strong><em>etiamquae</em></strong></span> <span class='ocrx_word' id='word_1_280' title='bbox 1107 2998 1198 3058; x_wconf 87' lang='lat' dir='ltr'><strong><em>Flor.</em></strong></span> <span class='ocrx_word' id='word_1_281' title='bbox 1218 3001 1259 3078; x_wconf 89' lang='lat' dir='ltr'><strong><em>E,</em></strong></span> <span class='ocrx_word' id='word_1_282' title='bbox 1277 3006 1354 3061; x_wconf 86' lang='lat' dir='ltr'><strong><em>etiam</em></strong></span> <span class='ocrx_word' id='word_1_283' title='bbox 1368 3016 1424 3076; x_wconf 82' lang='lat' dir='ltr'><strong><em>quon</em></strong></span> 
     </span>
     <span class='ocr_line' id='line_1_32' title="bbox 201 3080 822 3155; baseline 0 -17"><span class='ocrx_word' id='word_1_284' title='bbox 201 3080 280 3138; x_wconf 89' lang='lat' dir='ltr'><strong><em>Flor.</em></strong></span> <span class='ocrx_word' id='word_1_285' title='bbox 298 3080 334 3154; x_wconf 87' lang='lat' dir='ltr'><strong><em>F,</em></strong></span> <span class='ocrx_word' id='word_1_286' title='bbox 356 3083 436 3138; x_wconf 87' lang='lat' dir='ltr'><strong><em>etiam</em></strong></span> <span class='ocrx_word' id='word_1_287' title='bbox 454 3084 502 3155; x_wconf 83' lang='lat' dir='ltr'><strong><em>qui</em></strong></span> <span class='ocrx_word' id='word_1_288' title='bbox 518 3080 596 3138; x_wconf 83' lang='lat' dir='ltr'><strong><em>Flor.</em></strong></span> <span class='ocrx_word' id='word_1_289' title='bbox 615 3081 664 3138; x_wconf 89' lang='lat' dir='ltr'><strong><em>HI</em></strong></span> <span class='ocrx_word' id='word_1_290' title='bbox 681 3081 768 3138; x_wconf 86' lang='lat' dir='ltr'><strong><em>Bern.</em></strong></span> <span class='ocrx_word' id='word_1_291' title='bbox 786 3081 822 3138; x_wconf 92' lang='lat' dir='ltr'><strong><em>B.</em></strong></span> 
     </span>
    </p>

    <p class='ocr_par' dir='ltr' id='par_1_20' title="bbox 286 3166 1247 3241">
     <span class='ocr_line' id='line_1_33' title="bbox 286 3166 1247 3241; baseline 0.007 -17"><span class='ocrx_word' id='word_1_292' title='bbox 286 3168 311 3240; x_wconf 88' lang='grc'><strong>5.</strong></span> <span class='ocrx_word' id='word_1_293' title='bbox 334 3168 384 3224; x_wconf 87' lang='grc'><strong><em>29.</em></strong></span> <span class='ocrx_word' id='word_1_294' title='bbox 424 3168 555 3241; x_wconf 89' lang='lat' dir='ltr'><strong><em>oraculis]</em></strong></span> <span class='ocrx_word' id='word_1_295' title='bbox 574 3168 685 3224; x_wconf 88' lang='lat' dir='ltr'><strong><em>oracula</em></strong></span> <span class='ocrx_word' id='word_1_296' title='bbox 702 3167 781 3225; x_wconf 89' lang='lat' dir='ltr'><strong><em>Flor.</em></strong></span> <span class='ocrx_word' id='word_1_297' title='bbox 799 3166 930 3225; x_wconf 85' lang='lat' dir='ltr'><strong>DEFHI</strong></span> <span class='ocrx_word' id='word_1_298' title='bbox 947 3166 1033 3223; x_wconf 87' lang='lat' dir='ltr'><strong><em>Bern.</em></strong></span> <span class='ocrx_word' id='word_1_299' title='bbox 1051 3167 1080 3223; x_wconf 94' lang='lat' dir='ltr'>B</span> <span class='ocrx_word' id='word_1_300' title='bbox 1100 3166 1200 3229; x_wconf 87' lang='lat' dir='ltr'><strong><em>Voss.</em></strong></span> <span class='ocrx_word' id='word_1_301' title='bbox 1216 3173 1247 3230; x_wconf 91' lang='lat'><strong><em>2.</em></strong></span> 
     </span>
    </p>

    <p class='ocr_par' dir='ltr' id='par_1_21' title="bbox 202 3250 1422 3412">
     <span class='ocr_line' id='line_1_34' title="bbox 288 3250 1422 3333; baseline -0.001 -24"><span class='ocrx_word' id='word_1_302' title='bbox 288 3250 357 3329; x_wconf 83' lang='lat' dir='ltr'><strong><em>Cap.</em></strong></span> <span class='ocrx_word' id='word_1_303' title='bbox 384 3254 440 3327; x_wconf 84' lang='lat'><strong><em>40,</em></strong></span> <span class='ocrx_word' id='word_1_304' title='bbox 468 3255 492 3326; x_wconf 90' lang='grc'><strong>5.</strong></span> <span class='ocrx_word' id='word_1_305' title='bbox 517 3253 569 3311; x_wconf 88' lang='grc'><strong>30.</strong></span> <span class='ocrx_word' id='word_1_306' title='bbox 613 3271 661 3309; x_wconf 89' lang='lat' dir='ltr'><strong><em>nec</em></strong></span> <span class='ocrx_word' id='word_1_307' title='bbox 685 3254 822 3310; x_wconf 86' lang='lat' dir='ltr'><strong><em>ostendere</em></strong></span> <span class='ocrx_word' id='word_1_308' title='bbox 841 3254 966 3327; x_wconf 89' lang='lat' dir='ltr'><strong><em>possum]</em></strong></span> <span class='ocrx_word' id='word_1_309' title='bbox 989 3254 1135 3310; x_wconf 84' lang='lat' dir='ltr'><strong><em>ostendere</em></strong></span> <span class='ocrx_word' id='word_1_310' title='bbox 1160 3276 1219 3314; x_wconf 91' lang='lat' dir='ltr'><strong><em>non</em></strong></span> <span class='ocrx_word' id='word_1_311' title='bbox 1236 3277 1349 3333; x_wconf 84' lang='lat' dir='ltr'><strong><em>possum</em></strong></span> <span class='ocrx_word' id='word_1_312' title='bbox 1366 3255 1422 3314; x_wconf 82' lang='lat' dir='ltr'><strong><em>Flor.</em></strong></span> 
     </span>
     <span class='ocr_line' id='line_1_35' title="bbox 202 3335 1309 3412; baseline 0.007 -18"><span class='ocrx_word' id='word_1_313' title='bbox 202 3335 361 3396; x_wconf 86' lang='lat' dir='ltr'>CDEFHI</span> <span class='ocrx_word' id='word_1_314' title='bbox 379 3339 464 3396; x_wconf 89' lang='lat' dir='ltr'><strong><em>Bern.</em></strong></span> <span class='ocrx_word' id='word_1_315' title='bbox 487 3339 513 3396; x_wconf 93' lang='lat' dir='ltr'>B</span> <span class='ocrx_word' id='word_1_316' title='bbox 530 3338 619 3396; x_wconf 81' lang='lat' dir='ltr'><strong><em>Voss.</em></strong></span> <span class='ocrx_word' id='word_1_317' title='bbox 639 3338 656 3393; x_wconf 93' lang='lat'><strong>2</strong></span> <span class='ocrx_word' id='word_1_318' title='bbox 675 3337 741 3396; x_wconf 90' lang='lat' dir='ltr'><strong><em>Pal.</em></strong></span> <span class='ocrx_word' id='word_1_319' title='bbox 763 3340 790 3411; x_wconf 86' lang='lat'><strong><em>1,</em></strong></span> <span class='ocrx_word' id='word_1_320' title='bbox 808 3355 856 3395; x_wconf 89' lang='lat' dir='ltr'><strong><em>nec</em></strong></span> <span class='ocrx_word' id='word_1_321' title='bbox 869 3356 982 3412; x_wconf 86' lang='lat' dir='ltr'><strong><em>possum</em></strong></span> <span class='ocrx_word' id='word_1_322' title='bbox 999 3340 1145 3396; x_wconf 89' lang='lat' dir='ltr'><strong><em>ostendere</em></strong></span> <span class='ocrx_word' id='word_1_323' title='bbox 1164 3343 1249 3401; x_wconf 83' lang='lat' dir='ltr'><strong><em>Flor.</em></strong></span> <span class='ocrx_word' id='word_1_324' title='bbox 1268 3342 1309 3404; x_wconf 80' lang='lat' dir='ltr'><strong><em>G.</em></strong></span> 
     </span>
    </p>

    <p class='ocr_par' dir='ltr' id='par_1_22' title="bbox 286 3421 1236 3499">
     <span class='ocr_line' id='line_1_36' title="bbox 286 3421 1236 3499; baseline 0.006 -19"><span class='ocrx_word' id='word_1_325' title='bbox 286 3425 311 3496; x_wconf 90' lang='grc'><strong>5.</strong></span> <span class='ocrx_word' id='word_1_326' title='bbox 331 3425 380 3481; x_wconf 91' lang='grc'><strong>31.</strong></span> <span class='ocrx_word' id='word_1_327' title='bbox 415 3435 454 3482; x_wconf 92' lang='lat' dir='ltr'><strong><em>est</em></strong></span> <span class='ocrx_word' id='word_1_328' title='bbox 471 3427 552 3499; x_wconf 89' lang='lat' dir='ltr'><strong><em>enim]</em></strong></span> <span class='ocrx_word' id='word_1_329' title='bbox 573 3422 674 3482; x_wconf 90' lang='lat' dir='ltr'><strong><em>Omitt.</em></strong></span> <span class='ocrx_word' id='word_1_330' title='bbox 693 3426 763 3482; x_wconf 87' lang='lat' dir='ltr'><strong><em>enim</em></strong></span> <span class='ocrx_word' id='word_1_331' title='bbox 780 3424 860 3481; x_wconf 88' lang='lat' dir='ltr'><strong><em>Flor.</em></strong></span> <span class='ocrx_word' id='word_1_332' title='bbox 880 3421 920 3495; x_wconf 84' lang='lat' dir='ltr'><strong><em>G,</em></strong></span> <span class='ocrx_word' id='word_1_333' title='bbox 938 3424 1007 3480; x_wconf 87' lang='lat' dir='ltr'><strong><em>enim</em></strong></span> <span class='ocrx_word' id='word_1_334' title='bbox 1024 3431 1064 3480; x_wconf 85' lang='lat' dir='ltr'><strong><em>est</em></strong></span> <span class='ocrx_word' id='word_1_335' title='bbox 1083 3424 1170 3484; x_wconf 88' lang='lat' dir='ltr'><strong><em>Flor.</em></strong></span> <span class='ocrx_word' id='word_1_336' title='bbox 1195 3429 1236 3491; x_wconf 89' lang='grc' dir='ltr'><strong><em>Ε.</em></strong></span> 
     </span>
    </p>

    <p class='ocr_par' dir='ltr' id='par_1_23' title="bbox 286 3508 1271 3585">
     <span class='ocr_line' id='line_1_37' title="bbox 286 3508 1271 3585; baseline 0.01 -20"><span class='ocrx_word' id='word_1_337' title='bbox 286 3510 310 3581; x_wconf 88' lang='grc'><strong>5.</strong></span> <span class='ocrx_word' id='word_1_338' title='bbox 330 3509 379 3566; x_wconf 89' lang='lat'><strong><em>33.</em></strong></span> <span class='ocrx_word' id='word_1_339' title='bbox 415 3511 568 3585; x_wconf 87' lang='lat' dir='ltr'><strong><em>enpectare]</em></strong></span> <span class='ocrx_word' id='word_1_340' title='bbox 588 3508 678 3568; x_wconf 88' lang='lat' dir='ltr'><strong><em>omitt.</em></strong></span> <span class='ocrx_word' id='word_1_341' title='bbox 696 3511 775 3567; x_wconf 88' lang='lat' dir='ltr'><strong><em>Flor.</em></strong></span> <span class='ocrx_word' id='word_1_342' title='bbox 795 3508 951 3568; x_wconf 81' lang='lat' dir='ltr'>CDEFHI</span> <span class='ocrx_word' id='word_1_343' title='bbox 968 3508 1053 3565; x_wconf 84' lang='lat' dir='ltr'><strong><em>Bern.</em></strong></span> <span class='ocrx_word' id='word_1_344' title='bbox 1072 3509 1100 3566; x_wconf 95' lang='lat' dir='ltr'><strong>B</strong></span> <span class='ocrx_word' id='word_1_345' title='bbox 1120 3509 1218 3572; x_wconf 87' lang='lat' dir='ltr'><strong><em>Voss.</em></strong></span> <span class='ocrx_word' id='word_1_346' title='bbox 1239 3515 1271 3574; x_wconf 92' lang='grc'><strong>2.</strong></span> 
     </span>
    </p>

    <p class='ocr_par' dir='ltr' id='par_1_24' title="bbox 286 3593 1204 3671">
     <span class='ocr_line' id='line_1_38' title="bbox 286 3593 1204 3671; baseline 0.005 -20"><span class='ocrx_word' id='word_1_347' title='bbox 286 3595 310 3667; x_wconf 86' lang='grc'><strong><em>5.</em></strong></span> <span class='ocrx_word' id='word_1_348' title='bbox 329 3596 379 3651; x_wconf 91' lang='grc'><strong><em>34.</em></strong></span> <span class='ocrx_word' id='word_1_349' title='bbox 414 3597 575 3671; x_wconf 85' lang='lat' dir='ltr'><strong><em>Parmenio]</em></strong></span> <span class='ocrx_word' id='word_1_350' title='bbox 595 3597 761 3653; x_wconf 89' lang='lat' dir='ltr'><strong><em>Parmenion</em></strong></span> <span class='ocrx_word' id='word_1_351' title='bbox 779 3595 858 3654; x_wconf 88' lang='lat' dir='ltr'><strong><em>Flor.</em></strong></span> <span class='ocrx_word' id='word_1_352' title='bbox 878 3593 1033 3653; x_wconf 84' lang='lat' dir='ltr'>CDEFHI</span> <span class='ocrx_word' id='word_1_353' title='bbox 1051 3594 1143 3654; x_wconf 83' lang='lat' dir='ltr'><strong><em>Bem.</em></strong></span> <span class='ocrx_word' id='word_1_354' title='bbox 1164 3598 1204 3656; x_wconf 95' lang='lat' dir='ltr'><strong><em>B.</em></strong></span> 
     </span>
    </p>

    <p class='ocr_par' dir='ltr' id='par_1_25' title="bbox 285 3679 1323 3756">
     <span class='ocr_line' id='line_1_39' title="bbox 285 3679 1323 3756; baseline 0.005 -19"><span class='ocrx_word' id='word_1_355' title='bbox 285 3681 309 3753; x_wconf 82' lang='lat'><strong><em>§.</em></strong></span> <span class='ocrx_word' id='word_1_356' title='bbox 328 3680 378 3738; x_wconf 86' lang='lat'><strong><em>35.</em></strong></span> <span class='ocrx_word' id='word_1_357' title='bbox 413 3683 593 3756; x_wconf 79' lang='lat' dir='ltr'><strong><em>credulitatis]</em></strong></span> <span class='ocrx_word' id='word_1_358' title='bbox 612 3683 779 3739; x_wconf 74' lang='lat' dir='ltr'><strong><em>crudelitatis</em></strong></span> <span class='ocrx_word' id='word_1_359' title='bbox 795 3683 874 3740; x_wconf 87' lang='lat' dir='ltr'><strong><em>Flor.</em></strong></span> <span class='ocrx_word' id='word_1_360' title='bbox 892 3679 983 3740; x_wconf 83' lang='lat' dir='ltr'><strong><em>ABG</em></strong></span> <span class='ocrx_word' id='word_1_361' title='bbox 1003 3699 1046 3756; x_wconf 87' lang='lat' dir='ltr'><strong><em>pr.</em></strong></span> <span class='ocrx_word' id='word_1_362' title='bbox 1063 3699 1103 3738; x_wconf 87' lang='lat' dir='ltr'><strong><em>m.</em></strong></span> <span class='ocrx_word' id='word_1_363' title='bbox 1123 3682 1160 3741; x_wconf 93' lang='lat' dir='ltr'>H</span> <span class='ocrx_word' id='word_1_364' title='bbox 1178 3684 1269 3742; x_wconf 83' lang='lat' dir='ltr'><strong><em>Bern.</em></strong></span> <span class='ocrx_word' id='word_1_365' title='bbox 1287 3684 1323 3741; x_wconf 90' lang='lat' dir='ltr'><strong><em>B.</em></strong></span> 
     </span>
    </p>

    <p class='ocr_par' dir='ltr' id='par_1_26' title="bbox 200 3762 1419 3928">
     <span class='ocr_line' id='line_1_40' title="bbox 285 3762 1419 3842; baseline 0 -18"><span class='ocrx_word' id='word_1_366' title='bbox 285 3768 310 3840; x_wconf 88' lang='grc'><strong>5.</strong></span> <span class='ocrx_word' id='word_1_367' title='bbox 329 3767 379 3824; x_wconf 90' lang='grc'><strong><em>37.</em></strong></span> <span class='ocrx_word' id='word_1_368' title='bbox 412 3769 521 3842; x_wconf 80' lang='lat' dir='ltr'><strong><em>procia]</em></strong></span> <span class='ocrx_word' id='word_1_369' title='bbox 545 3770 675 3842; x_wconf 81' lang='lat' dir='ltr'><strong><em>praviora</em></strong></span> <span class='ocrx_word' id='word_1_370' title='bbox 696 3767 775 3824; x_wconf 89' lang='lat' dir='ltr'><strong><em>Flor.</em></strong></span> <span class='ocrx_word' id='word_1_371' title='bbox 793 3768 905 3825; x_wconf 82' lang='lat' dir='ltr'><strong>DEFI.</strong></span> <span class='ocrx_word' id='word_1_372' title='bbox 943 3775 1006 3824; x_wconf 89' lang='lat' dir='ltr'><strong><em>sunt</em></strong></span> <span class='ocrx_word' id='word_1_373' title='bbox 1022 3766 1096 3841; x_wconf 75' lang='lat' dir='ltr'><strong><em>ursa]</em></strong></span> <span class='ocrx_word' id='word_1_374' title='bbox 1122 3769 1189 3826; x_wconf 84' lang='lat' dir='ltr'><strong><em>uisa</em></strong></span> <span class='ocrx_word' id='word_1_375' title='bbox 1207 3779 1275 3828; x_wconf 81' lang='lat' dir='ltr'><strong><em>sunt</em></strong></span> <span class='ocrx_word' id='word_1_376' title='bbox 1291 3770 1364 3828; x_wconf 84' lang='lat' dir='ltr'><strong><em>Flor.</em></strong></span> <span class='ocrx_word' id='word_1_377' title='bbox 1378 3762 1419 3824; x_wconf 75' lang='lat' dir='ltr'><strong><em>GL</em></strong></span> 
     </span>
     <span class='ocr_line' id='line_1_41' title="bbox 200 3849 918 3928; baseline 0 -19"><span class='ocrx_word' id='word_1_378' title='bbox 200 3852 357 3928; x_wconf 81' lang='lat' dir='ltr'><strong><em>abducitur]</em></strong></span> <span class='ocrx_word' id='word_1_379' title='bbox 376 3854 525 3911; x_wconf 83' lang='lat' dir='ltr'><strong><em>adducitur</em></strong></span> <span class='ocrx_word' id='word_1_380' title='bbox 541 3854 620 3911; x_wconf 82' lang='lat' dir='ltr'><strong><em>Flor.</em></strong></span> <span class='ocrx_word' id='word_1_381' title='bbox 638 3849 756 3910; x_wconf 80' lang='lat' dir='ltr'><strong>ABCH</strong></span> <span class='ocrx_word' id='word_1_382' title='bbox 779 3853 864 3911; x_wconf 82' lang='lat' dir='ltr'><strong><em>Bern.</em></strong></span> <span class='ocrx_word' id='word_1_383' title='bbox 882 3853 918 3911; x_wconf 93' lang='lat' dir='ltr'><strong><em>B.</em></strong></span> 
     </span>
    </p>

    <p class='ocr_par' dir='ltr' id='par_1_27' title="bbox 199 3936 1419 4100">
     <span class='ocr_line' id='line_1_42' title="bbox 286 3936 1419 4016; baseline 0.003 -20"><span class='ocrx_word' id='word_1_384' title='bbox 286 3936 357 4014; x_wconf 79' lang='lat' dir='ltr'><strong><em>Cap.</em></strong></span> <span class='ocrx_word' id='word_1_385' title='bbox 376 3940 427 4012; x_wconf 83' lang='lat'><strong><em>41,</em></strong></span> <span class='ocrx_word' id='word_1_386' title='bbox 445 3941 470 4012; x_wconf 88' lang='grc'><strong>5.</strong></span> <span class='ocrx_word' id='word_1_387' title='bbox 489 3940 517 3997; x_wconf 89' lang='grc'><strong><em>3.</em></strong></span> <span class='ocrx_word' id='word_1_388' title='bbox 554 3941 597 4013; x_wconf 91' lang='lat' dir='ltr'><strong><em>ac]</em></strong></span> <span class='ocrx_word' id='word_1_389' title='bbox 617 3949 646 3997; x_wconf 91' lang='lat' dir='ltr'><strong><em>at</em></strong></span> <span class='ocrx_word' id='word_1_390' title='bbox 658 3938 737 3996; x_wconf 84' lang='lat' dir='ltr'><strong><em>codd.</em></strong></span> <span class='ocrx_word' id='word_1_391' title='bbox 752 3936 840 3997; x_wconf 84' lang='lat' dir='ltr'><strong><em>Snak.</em></strong></span> <span class='ocrx_word' id='word_1_392' title='bbox 858 3947 887 3995; x_wconf 86' lang='lat' dir='ltr'><strong><em>et</em></strong></span> <span class='ocrx_word' id='word_1_393' title='bbox 899 3936 976 3995; x_wconf 82' lang='lat' dir='ltr'><strong><em>Flor.</em></strong></span> <span class='ocrx_word' id='word_1_394' title='bbox 989 3953 1088 3994; x_wconf 86' lang='lat' dir='ltr'><strong><em>omnes</em></strong></span> <span class='ocrx_word' id='word_1_395' title='bbox 1102 3946 1225 4013; x_wconf 75' lang='lat' dir='ltr'><strong><em>praeter</em></strong></span> <span class='ocrx_word' id='word_1_396' title='bbox 1236 3940 1297 3998; x_wconf 85' lang='lat' dir='ltr'><strong><em>AB</em></strong></span> <span class='ocrx_word' id='word_1_397' title='bbox 1316 3943 1345 4016; x_wconf 83' lang='lat' dir='ltr'><strong><em>(e</em></strong></span> <span class='ocrx_word' id='word_1_398' title='bbox 1356 3939 1419 3997; x_wconf 80' lang='lat' dir='ltr'><strong><em>Bem-</em></strong></span> 
     </span>
     <span class='ocr_line' id='line_1_43' title="bbox 199 4020 1238 4100; baseline 0.005 -21"><span class='ocrx_word' id='word_1_399' title='bbox 199 4022 270 4080; x_wconf 88' lang='lat' dir='ltr'><strong><em>nihil</em></strong></span> <span class='ocrx_word' id='word_1_400' title='bbox 286 4042 304 4080; x_wconf 83' lang='lat' dir='ltr'><strong><em>a</em></strong></span> <span class='ocrx_word' id='word_1_401' title='bbox 321 4024 400 4100; x_wconf 86' lang='lat' dir='ltr'><strong><em>vulg.</em></strong></span> <span class='ocrx_word' id='word_1_402' title='bbox 410 4044 451 4082; x_wconf 84' lang='lat' dir='ltr'><strong><em>ac</em></strong></span> <span class='ocrx_word' id='word_1_403' title='bbox 468 4024 614 4083; x_wconf 83' lang='lat' dir='ltr'><strong><em>diversum</em></strong></span> <span class='ocrx_word' id='word_1_404' title='bbox 631 4025 759 4099; x_wconf 86' lang='lat' dir='ltr'><strong><em>notatur)</em></strong></span> <span class='ocrx_word' id='word_1_405' title='bbox 779 4026 845 4082; x_wconf 79' lang='lat' dir='ltr'><strong><em>edit.</em></strong></span> <span class='ocrx_word' id='word_1_406' title='bbox 862 4024 927 4081; x_wconf 90' lang='lat' dir='ltr'><strong><em>Iun.</em></strong></span> <span class='ocrx_word' id='word_1_407' title='bbox 940 4022 1019 4080; x_wconf 88' lang='lat' dir='ltr'><strong><em>Mod.</em></strong></span> <span class='ocrx_word' id='word_1_408' title='bbox 1035 4020 1084 4095; x_wconf 76' lang='lat' dir='ltr'><strong><em>al,</em></strong></span> <span class='ocrx_word' id='word_1_409' title='bbox 1102 4041 1143 4079; x_wconf 89' lang='lat' dir='ltr'><strong><em>an</em></strong></span> <span class='ocrx_word' id='word_1_410' title='bbox 1163 4025 1238 4083; x_wconf 87' lang='lat' dir='ltr'><strong><em>Ald.</em></strong></span> 
     </span>
    </p>

    <p class='ocr_par' dir='ltr' id='par_1_28' title="bbox 199 4101 1418 4251">
     <span class='ocr_line' id='line_1_44' title="bbox 286 4101 1418 4186; baseline 0.006 -20"><span class='ocrx_word' id='word_1_411' title='bbox 286 4110 311 4182; x_wconf 88' lang='lat'><strong><em>§.</em></strong></span> <span class='ocrx_word' id='word_1_412' title='bbox 331 4112 360 4166; x_wconf 87' lang='grc'><strong>4.</strong></span> <span class='ocrx_word' id='word_1_413' title='bbox 394 4111 602 4186; x_wconf 79' lang='lat' dir='ltr'><strong><em>Paphlapouas]</em></strong></span> <span class='ocrx_word' id='word_1_414' title='bbox 624 4110 813 4186; x_wconf 83' lang='lat' dir='ltr'><strong><em>papllaponos</em></strong></span> <span class='ocrx_word' id='word_1_415' title='bbox 837 4111 915 4168; x_wconf 82' lang='lat' dir='ltr'><strong><em>Flor.</em></strong></span> <span class='ocrx_word' id='word_1_416' title='bbox 934 4106 1006 4182; x_wconf 86' lang='lat' dir='ltr'><strong><em>cD,</em></strong></span> <span class='ocrx_word' id='word_1_417' title='bbox 1029 4107 1228 4184; x_wconf 71' lang='lat' dir='ltr'><strong><em>popttuqones</em></strong></span> <span class='ocrx_word' id='word_1_418' title='bbox 1245 4113 1327 4171; x_wconf 88' lang='lat' dir='ltr'><strong><em>Flor.</em></strong></span> <span class='ocrx_word' id='word_1_419' title='bbox 1343 4101 1418 4174; x_wconf 74' lang='lat' dir='ltr'><strong>EFHI</strong></span> 
     </span>
     <span class='ocr_line' id='line_1_45' title="bbox 199 4191 340 4251; baseline 0.007 -1"><span class='ocrx_word' id='word_1_420' title='bbox 199 4191 285 4250; x_wconf 89' lang='lat' dir='ltr'><strong><em>Bern.</em></strong></span> <span class='ocrx_word' id='word_1_421' title='bbox 303 4195 340 4251; x_wconf 96' lang='lat' dir='ltr'><strong><em>B.</em></strong></span> 
     </span>
    </p>

    <p class='ocr_par' dir='ltr' id='par_1_29' title="bbox 198 4274 1419 4513">
     <span class='ocr_line' id='line_1_46' title="bbox 284 4274 1419 4356; baseline -0.002 -18"><span class='ocrx_word' id='word_1_422' title='bbox 284 4279 356 4352; x_wconf 84' lang='grc'><strong><em>56.</em></strong></span> <span class='ocrx_word' id='word_1_423' title='bbox 391 4282 468 4338; x_wconf 91' lang='lat' dir='ltr'><strong><em>cuius</em></strong></span> <span class='ocrx_word' id='word_1_424' title='bbox 485 4284 609 4342; x_wconf 87' lang='lat' dir='ltr'><strong><em>custodia</em></strong></span> <span class='ocrx_word' id='word_1_425' title='bbox 626 4284 766 4340; x_wconf 85' lang='lat' dir='ltr'><strong><em>commissa</em></strong></span> <span class='ocrx_word' id='word_1_426' title='bbox 782 4283 829 4356; x_wconf 90' lang='lat' dir='ltr'><strong><em>sit]</em></strong></span> <span class='ocrx_word' id='word_1_427' title='bbox 858 4298 926 4356; x_wconf 84' lang='lat' dir='ltr'><strong><em>quae</em></strong></span> <span class='ocrx_word' id='word_1_428' title='bbox 950 4280 1007 4337; x_wconf 84' lang='lat' dir='ltr'><strong><em>eius</em></strong></span> <span class='ocrx_word' id='word_1_429' title='bbox 1030 4279 1177 4338; x_wconf 76' lang='lat' dir='ltr'><strong><em>custodiae</em></strong></span> <span class='ocrx_word' id='word_1_430' title='bbox 1204 4300 1302 4341; x_wconf 88' lang='lat' dir='ltr'><strong><em>comm.</em></strong></span> <span class='ocrx_word' id='word_1_431' title='bbox 1321 4286 1354 4342; x_wconf 83' lang='lat' dir='ltr'><strong><em>eit</em></strong></span> <span class='ocrx_word' id='word_1_432' title='bbox 1372 4274 1419 4336; x_wconf 75' lang='lat' dir='ltr'><strong><em>odil·</em></strong></span> 
     </span>
     <span class='ocr_line' id='line_1_47' title="bbox 198 4361 1419 4443; baseline 0.002 -23"><span class='ocrx_word' id='word_1_433' title='bbox 198 4379 241 4438; x_wconf 84' lang='lat' dir='ltr'><strong><em>pr.</em></strong></span> <span class='ocrx_word' id='word_1_434' title='bbox 259 4361 331 4422; x_wconf 82' lang='lat' dir='ltr'><strong><em>Mer.</em></strong></span> <span class='ocrx_word' id='word_1_435' title='bbox 350 4365 419 4423; x_wconf 92' lang='lat' dir='ltr'><strong><em>Ald.</em></strong></span> <span class='ocrx_word' id='word_1_436' title='bbox 438 4366 503 4424; x_wconf 89' lang='lat' dir='ltr'><strong><em>Iun.</em></strong></span> <span class='ocrx_word' id='word_1_437' title='bbox 526 4370 623 4427; x_wconf 86' lang='lat' dir='ltr'><strong><em>nullus</em></strong></span> <span class='ocrx_word' id='word_1_438' title='bbox 640 4369 729 4428; x_wconf 84' lang='lat' dir='ltr'><strong><em>codex</em></strong></span> <span class='ocrx_word' id='word_1_439' title='bbox 751 4367 808 4425; x_wconf 85' lang='lat' dir='ltr'><strong><em>nisi</em></strong></span> <span class='ocrx_word' id='word_1_440' title='bbox 825 4369 900 4443; x_wconf 90' lang='lat' dir='ltr'><strong><em>quod</em></strong></span> <span class='ocrx_word' id='word_1_441' title='bbox 916 4365 1052 4426; x_wconf 76' lang='lat' dir='ltr'><strong><em>custodiae</em></strong></span> <span class='ocrx_word' id='word_1_442' title='bbox 1075 4363 1162 4424; x_wconf 86' lang='lat' dir='ltr'><strong><em>Flor.</em></strong></span> <span class='ocrx_word' id='word_1_443' title='bbox 1182 4367 1212 4427; x_wconf 84' lang='lat' dir='ltr'>E</span> <span class='ocrx_word' id='word_1_444' title='bbox 1235 4377 1267 4427; x_wconf 77' lang='lat' dir='ltr'><strong><em>et</em></strong></span> <span class='ocrx_word' id='word_1_445' title='bbox 1283 4371 1341 4428; x_wconf 81' lang='lat' dir='ltr'><strong><em>ciac</em></strong></span> <span class='ocrx_word' id='word_1_446' title='bbox 1356 4371 1419 4426; x_wconf 76' lang='lat' dir='ltr'><strong><em>coar</em></strong></span> 
     </span>
     <span class='ocr_line' id='line_1_48' title="bbox 199 4449 1220 4513; baseline 0.008 -7"><span class='ocrx_word' id='word_1_447' title='bbox 199 4450 261 4507; x_wconf 90' lang='lat' dir='ltr'><strong><em>diae</em></strong></span> <span class='ocrx_word' id='word_1_448' title='bbox 278 4449 356 4509; x_wconf 87' lang='lat' dir='ltr'><strong><em>Flor.</em></strong></span> <span class='ocrx_word' id='word_1_449' title='bbox 374 4450 437 4511; x_wconf 84' lang='lat' dir='ltr'><strong><em>GH</em></strong></span> <span class='ocrx_word' id='word_1_450' title='bbox 454 4453 541 4512; x_wconf 85' lang='lat' dir='ltr'><strong><em>Bern.</em></strong></span> <span class='ocrx_word' id='word_1_451' title='bbox 559 4455 595 4513; x_wconf 88' lang='lat' dir='ltr'><strong><em>B.</em></strong></span> <span class='ocrx_word' id='word_1_452' title='bbox 1215 4498 1220 4506; x_wconf 82' lang='lat'>-</span> 
     </span>
    </p>
   </div>
   <div class='ocr_carea' id='block_1_6' title="bbox 0 0 1468 5174">
    <p class='ocr_par' dir='ltr' id='par_1_30' title="bbox 0 0 1468 5174">
     <span class='ocr_line' id='line_1_49' title="bbox 0 0 1468 5174; baseline 0 0"><span class='ocrx_word' id='word_1_453' title='bbox 0 0 1468 5174; x_wconf 95' lang='lat' dir='ltr'><strong><em> </em></strong></span> 
     </span>
    </p>
   </div>
  </div>
 </body>
</html>
