2926 5174
399 303 448 353 nn
474 301 600 356 onsrrs
626 303 734 355 anax.
760 303 845 356 aaa.
871 304 970 357 mam
990 291 1044 356 ¹v1.
1269 287 1341 358 225

105 490 157 551 tur,
178 490 209 538 et
224 483 257 538 de
272 479 364 553 iniqua
382 481 537 536 condicione
555 483 611 537 sive
628 482 772 552 indicandi,
791 482 847 537 sive
864 484 985 550 tacendi,
1004 501 1072 556 quae
1091 484 1125 535 ad
1141 483 1213 555 regis
1231 485 1341 539 salutem

104 559 266 630 pertineant,
284 558 412 631 queritur.
441 563 499 628 (41)
518 559 616 615 Contio
635 578 651 614 a
667 560 774 615 Bolone
794 562 909 633 quodam
927 561 1037 616 incitata
1053 571 1082 616 et
1099 560 1235 615 admonita
1251 579 1341 633 super-

103 637 181 705 biae,
207 655 258 709 qua
272 636 396 691 Philotas
415 637 480 690 olim
496 655 558 690 usus
576 646 652 706 erat,
678 637 772 709 capitis
789 637 864 691 illum
882 640 1050 694 condemnat.
1086 643 1145 708 (42)
1164 639 1264 693 Verum
1281 657 1342 710 sup-

103 713 186 785 plicio
205 714 386 785 inposterum
409 714 507 782 dilato,
531 731 581 768 rex
599 716 632 768 de
652 715 795 771 amicorum
821 716 953 770 sententia
970 715 1106 770 Philotam
1123 715 1242 788 torqueri
1259 715 1342 769 iubet.

102 791 139 845 Et
162 791 277 862 primum
299 790 346 844 ille
368 791 474 846 fortiter
497 791 618 845 dolorem
640 793 705 860 fert,
731 791 828 845 deinde
850 793 979 847 laceratus
1003 792 1091 848 omnia
1113 811 1141 848 se
1163 794 1343 847 confessurum

103 868 246 938 promittit.
280 867 392 922 Interim
414 867 638 923 nobilissimomm
658 870 778 942 equitum
791 871 862 940 'fuga
887 871 930 938 fit,
953 872 1039 926 donec
1055 871 1210 925 Alexander
1226 879 1344 924 veterem

104 946 196 1016 legem
214 946 247 998 de
265 944 396 1016 supplicio
414 945 623 1017 propinquorum
639 963 669 999 se
687 947 820 1001 remittere
839 946 931 1001 edixit.
968 951 1026 1016 (43)
1045 948 1195 1003 Confitetur
1213 947 1343 1015 Philotas,

103 1023 290 1093 Hegelochum
308 1021 373 1075 olim
389 1021 525 1076 tribunum
541 1023 659 1095 equitum
676 1023 848 1078 Parmenioni
866 1023 970 1096 sibique
990 1034 1125 1079 auctorem
1143 1024 1233 1092 fuisse,
1253 1041 1344 1094 regem

104 1099 252 1152 divinitatis
270 1116 350 1153 causa
368 1099 480 1153 invisum
497 1100 749 1169 interimendi,'eam
765 1118 829 1154 vero
848 1118 912 1167 rem,
923 1102 1010 1155 donec
1017 1102 1120 1155 Dareus
1133 1102 1162 1155 in
1178 1101 1245 1156 vivis
1263 1110 1343 1169 esset,

104 1176 217 1230 dilatam
238 1193 304 1230 esse.
345 1176 465 1248 Cumque
490 1175 566 1231 initio
590 1175 657 1230 nihil
681 1195 709 1230 se
732 1197 791 1233 cum
813 1176 913 1231 Dimno
942 1196 1080 1232 commune
1103 1180 1203 1233 habere
1222 1178 1342 1247 dixisset,

104 1262 202 1324 postea
219 1253 299 1307 etiam
317 1255 368 1308 hoo
386 1253 520 1324 agnoseit,
545 1255 594 1306 sed
614 1261 717 1324 patrem
734 1254 937 1309 Parmenionem
961 1256 1054 1326 eulpae
1077 1255 1177 1311 eximit.
1213 1257 1272 1324 (44)
1289 1256 1343 1310 Ρο-

103 1339 176 1384 stero
196 1330 238 1383 die
257 1329 286 1383 in
305 1329 432 1384 contione
450 1330 529 1384 etiam
547 1330 686 1384 Demetrio
704 1339 732 1384 et
750 1331 809 1386 Caii
827 1333 944 1401 quodam
962 1331 1102 1400 convictis,
1122 1331 1280 1405 supplicium
1296 1349 1342 1386 ve·

103 1416 175 1461 tusto
203 1425 278 1462 more
304 1409 338 1460 de
362 1407 504 1462 coniuratis
528 1407 645 1462 sumitur.
681 1411 840 1477 (Auctomoo
862 1411 937 1479 onai,
962 1411 1125 1478 arridetur,
1148 1429 1172 1464 a.
1200 1400 1262 1464 oth.
1284 1416 1343 1464 380.

106 1487 208 1555 Olymp.
229 1491 288 1553 112,
308 1489 345 1552 3.)

348 1762 737 1865 Supple'mentum
776 1763 1105 1842 Freinshemii.

175 1950 259 2021 [Dum
277 1967 310 2004 ea
327 1967 375 2021 per
393 1949 486 2005 Asiam
508 1957 649 2020 gerrmtur,
672 1967 706 2003 ne
725 1949 752 2003 in
771 1948 883 2005 Graecia
906 1949 1014 2022 quidem
1036 1947 1250 2022 Macedoniaque
1271 1959 1343 2006 tran·

107 2027 204 2099 quillae
226 2045 270 2082 res
293 2028 376 2081 fuere.
412 2027 555 2097 Regnabat
578 2028 649 2098 apud
668 2026 895 2082 Lacedaemonios
917 2025 984 2097 Agis
1010 2026 1163 2081 Archidami
1188 2028 1270 2097 filius,
1297 2025 1342 2098 qui

108 2105 261 2159 Tarentinis
285 2121 366 2176 opem
386 2105 475 2157 ferens
500 2102 647 2173 ceciderat,
675 2104 771 2158 eodem
797 2105 840 2158 die
867 2123 920 2177 quo
949 2103 1088 2175 Philippus
1109 2103 1287 2158 Athenienses
1310 2104 1344 2156 ad

108 2183 296 2238 Chaeroneam
319 2182 390 2236 vicit.
425 2181 453 2234 Is
470 2180 619 2234 Alexandri
640 2198 689 2252 per
705 2180 830 2241 virtutem
852 2181 983 2250 aemulus,
1010 2181 1081 2236 cives
1104 2199 1165 2236 suos
1183 2182 1343 2249 stimulabat,

107 2278 140 2313 ne
162 2260 304 2316 Graeciam
327 2258 454 2312 servitute
475 2257 653 2314 Macedonum
675 2257 772 2311 diutim
800 2257 885 2328 premi
907 2267 1074 2329 paterentur:
1100 2258 1152 2312 nisi
1173 2259 1202 2313 in
1223 2269 1345 2332 tempore

107 2338 294 2409 providerent,
320 2336 392 2389 idem
417 2335 507 2406 iugum
528 2335 561 2388 ad
582 2332 654 2404 ipsos
670 2335 841 2389 transiturum
859 2352 926 2389 esse.
961 2336 1145 2390 Annitendum
1162 2337 1257 2409 igitur,
1281 2339 1345 2390 dum

109 2415 208 2487 aliquae
227 2416 317 2469 adhuc
338 2411 427 2465 Persis
445 2413 479 2464 ad
502 2411 676 2466 resistendum
692 2412 762 2466 vires
780 2421 881 2467 essent:
908 2412 960 2467 illis
978 2413 1124 2487 oppressis,
1151 2417 1277 2470 adversus
1294 2416 1343 2468 im·

108 2511 208 2547 manem
230 2490 382 2564 potentiam
402 2489 498 2541 frustra
519 2488 606 2542 avitae
627 2489 756 2544 libertatis
778 2507 909 2544 memores
927 2491 1038 2547 futuros.
1073 2491 1119 2546 Sic
1136 2491 1266 2547 instinctis
1286 2492 1342 2546 ani-

108 2571 162 2639 mis,
181 2571 354 2626 occasionem
370 2564 434 2619 belli
453 2582 487 2619 ex
505 2568 644 2621 commodo
662 2567 803 2638 coaptandi
825 2566 1075 2639 circumspiciebant.
1110 2569 1196 2640 Igitur
1214 2568 1341 2624 felicitate

108 2648 258 2702 Memnonis
276 2643 392 2710 invitati,
411 2642 519 2697 consilia
536 2661 595 2698 eum
611 2643 669 2715 ipso
686 2643 798 2699 miscere
816 2643 934 2716 aggressi
952 2655 1024 2715 sunt;
1044 2655 1071 2701 et
1088 2654 1230 2717 postquam
1247 2645 1342 2700 illare-

108 2742 162 2778 mm
178 2726 311 2779 laetarum
328 2720 404 2775 initia
421 2719 605 2791 intempestiva
622 2729 708 2775 morte
725 2721 857 2790 destituit,
879 2720 963 2776 nihilo
980 2723 1112 2776 remissius
1130 2724 1252 2793 agebant
1288 2722 1344 2776 Sed

107 2804 139 2856 ad
155 2804 364 2857 Pharnabazum
380 2807 407 2853 et
424 2792 644 2868 Autophradaten
660 2799 795 2869 profectus
812 2799 892 2868 Agis,
911 2798 1021 2870 triginta
1038 2798 1142 2871 argenti
1158 2799 1273 2868 talenta,
1296 2800 1343 2852 de·

107 2897 214 2952 eamque
232 2881 358 2943 triremes
376 2875 531 2949 impetravit,
549 2893 613 2946 quas
631 2875 758 2946 Agesilao
776 2875 851 2929 fratri
868 2874 951 2942 misit,
979 2876 1054 2930 utin
1072 2877 1179 2931 Cretam
1196 2877 1342 2949 navigaret,

106 2957 174 3012 orius
195 2957 305 3012 insulae
323 2954 436 3009 cultores
458 2955 526 3008 inter
543 2952 766 3006 Lacedaemonios
785 2963 813 3007 et
829 2953 991 3007 Macedonas
1010 2953 1120 3006 diversis
1138 2953 1231 3007 studiis
1250 2953 1344 3008 distra-

105 3032 245 3088 hebantur.
283 3030 382 3102 Legati
403 3024 508 3103 quoque
530 3030 565 3082 ad
582 3029 699 3083 Dareum
715 3030 878 3095 missisunt,
902 3028 993 3098 quiin
1011 3048 1087 3083 usum
1103 3029 1169 3083 belli
1187 3031 1343 3102 ampliorem

105 3111 156 3164 vim
176 3109 312 3183 pecuniae
334 3109 474 3179 pluresque
496 3123 577 3160 naves
597 3115 729 3177 peterent.
766 3109 856 3178 Atque
878 3107 943 3159 haec
966 3123 1058 3160 eorum
1080 3115 1177 3176 coepta
1199 3107 1287 3162 clades
1309 3109 1344 3161 ad

104 3187 187 3242 Issum
206 3196 286 3254 (nam
305 3203 338 3238 ea
354 3185 542 3250 intervenerat)
561 3185 629 3237 adeo
647 3203 703 3237 non
719 3182 907 3255 interpellavit,
926 3191 955 3237 ut
972 3184 1051 3238 etiam
1068 3182 1206 3238 adiuverit
1238 3182 1344 3254 Quippe

103 3264 254 3336 ibgientem
273 3263 406 3316 insecutus
423 3261 577 3316 Alexander
593 3261 622 3314 in
638 3260 785 3332 longinqua
801 3263 860 3315 loca
876 3260 960 3330 magis
977 3261 1113 3333 magisque
1130 3260 1297 3332 rapiebatur,
1316 3268 1345 3314 et

103 3359 138 3396 ex
153 3343 213 3414 ipso
232 3339 345 3413 proelio
363 3338 583 3393 mercenariorum
598 3337 691 3409 ingens
708 3337 849 3392 multitudo
868 3338 897 3391 in
914 3337 1052 3392 Graeciam
1068 3338 1131 3408 fuga
1143 3345 1344 3408 penetraverat:

102 3439 216 3492 quorum
240 3427 308 3474 octo
329 3415 401 3469 milia
421 3414 529 3469 Persica
551 3415 663 3486 pecunia
684 3415 813 3469 conduxit
835 3414 911 3486 Agis,
935 3432 1078 3486 eorumque
1101 3432 1184 3487 opera
1205 3416 1345 3488 plerasque

103 3497 280 3553 Cretensium
302 3494 381 3546 urbes
402 3491 509 3562 recepit.
546 3491 614 3546 Cum
639 3492 761 3563 deinceps
778 3493 894 3560 Menon,
918 3494 946 3546 in
968 3491 1108 3547 Thraciam
1131 3494 1165 3546 ab
1188 3493 1344 3548 Alexandro

101 3577 204 3642 missus,
224 3573 363 3627 barbaros
380 3571 414 3624 ad
431 3567 607 3623 defectionem
623 3570 776 3640 impulisset,
794 3571 880 3641 adque
897 3588 956 3624 eam
973 3570 1198 3641 comprimendam
1205 3571 1347 3642 Antipater

99 3653 252 3707 exereitum
277 3666 314 3701 ex
330 3645 488 3700 Macedonia
509 3644 537 3698 in
556 3645 695 3700 Thraciam
718 3647 849 3714 duxisset,
875 3647 1071 3718 opportunitate
1093 3648 1219 3719 temporis
1238 3657 1345 3701 strenue

101 3730 139 3784 usi
156 3723 375 3785 Lacedaemonii
392 3731 476 3777 totam
484 3722 709 3792 Peloponnesum,
728 3725 818 3794 paucis
835 3724 944 3778 urbibus
962 3724 1088 3796 exceptis,
1106 3724 1134 3776 in
1151 3733 1240 3796 partes
1257 3731 1346 3778 traxe-

99 3817 170 3875 runt,
190 3804 377 3872 confectoque
394 3801 510 3855 exercitu
527 3798 621 3869 viginti
639 3799 738 3853 milium
754 3801 882 3871 peditum,
893 3821 951 3855 cum
968 3800 1100 3873 equitibus
1117 3800 1159 3853 bis
1175 3800 1255 3867 mille,
1265 3798 1346 3870 Agidi

101 3902 235 3939 summam
255 3876 361 3948 imperii
379 3879 534 3932 detulerunt.
569 3876 710 3948 Antipater
728 3893 759 3929 ea
776 3896 805 3932 re
822 3887 958 3948 comperta
980 3879 1080 3931 bellum
1096 3877 1124 3929 in
1143 3875 1266 3943 Thracia,
1286 3875 1342 3946 qui-

99 3963 149 4016 bus
166 3964 269 4034 potest
287 3954 489 4022 conditionibus,
508 3953 654 4024 componit;
673 3954 821 4025 raptimque
839 3956 867 4009 in
885 3954 1023 4011 Graeciam
1040 3970 1183 4026 regressus,
1203 3953 1236 4004 ab
1255 3950 1345 4005 amicis

101 4039 241 4109 sociisque
263 4029 413 4085 civitatibus
430 4031 528 4086 auxilia
545 4030 627 4101 cogit.
646 4031 749 4096 Quibus
768 4032 993 4100 convenientibus,
1011 4034 1044 4086 ad
1063 4027 1347 4102 quadragintapugna·

101 4122 191 4168 torum
214 4108 296 4165 milia
318 4109 452 4163 recensuit.
491 4109 646 4162 Advenerat
668 4115 695 4160 et
713 4125 746 4161 ex
764 4109 953 4180 Peloponneso
980 4108 1069 4161 valida
1090 4123 1193 4158 manus:
1220 4106 1268 4158 sed
1286 4104 1347 4177 quia

101 4191 215 4245 dubiam
242 4186 366 4257 ipsorum
385 4185 463 4240 fidem
485 4183 641 4251 resciverat,
666 4183 828 4239 dissimulata
850 4184 998 4256 suspicione
1015 4182 1114 4254 gratias
1132 4181 1200 4252 egit,
1222 4183 1296 4253 quod
1313 4182 1349 4234 ad

102 4263 314 4320 defendendam
336 4261 456 4315 adversus
473 4260 699 4316 Lacedaemonios
719 4261 866 4316 Alexandri
890 4261 1045 4332 dignitatem
1068 4258 1214 4312 affuissent:
1239 4259 1348 4330 seriptu-

102 4362 160 4398 rum
178 4360 210 4396 se
231 4341 266 4394 id
283 4337 350 4407 regi,
368 4339 476 4408 gratiam
492 4338 521 4392 in
537 4346 657 4407 tempore
674 4338 798 4392 relaturo.
833 4338 867 4391 In
883 4355 1008 4408 praesens
1024 4335 1091 4390 nihil
1109 4352 1176 4405 opus
1193 4351 1250 4387 esse
1266 4335 1348 4389 maio-

103 4420 177 4475 ribus
196 4415 304 4488 copiis:
322 4413 409 4484 itaque
426 4418 519 4470 domos
537 4413 663 4483 redirent,
681 4416 795 4471 foederis
812 4413 968 4470 necessitate
985 4412 1098 4485 expleta.
1124 4411 1240 4466 Nuntios
1253 4410 1349 4467 deinde

1110 4503 1142 4551 15
