2984 5176
628 267 847 320 PRAEFATIO.
982 306 985 310 Α
1295 268 1361 318 xx1

120 463 321 553 propagata
347 451 456 524 etiam
481 448 714 546 Brunsvigae,
741 452 802 524 ubi
828 452 919 526 liber
945 452 1224 541 describebatur,
1250 450 1361 523 homi·

121 607 211 655 num
252 590 389 653 mentes
425 603 448 650 a
480 578 578 674 pacis
617 579 768 676 negotiis
809 579 855 652 ad
896 580 1111 654 discordiam
1144 580 1361 674 bellioosque

121 710 297 784 tumultus
333 729 525 802 rerumque
560 729 704 778 suerum
743 706 976 782 diffidentiam
1020 719 1198 783 avocaret.
1256 705 1361 778 Nunc

121 838 241 936 igitur,
267 836 388 934 quiete
415 832 638 929 aliquatenus
664 835 839 928 restituta,
867 862 949 910 cum
975 836 1092 910 denuo
1119 836 1221 934 quasi
1246 833 1358 907 umbi-

121 967 213 1039 licus
238 965 323 1038 huio
350 961 451 1057 operi
468 960 703 1056 imponendus
730 973 795 1052 est,
819 964 1011 1036 infaustam
1036 965 1129 1037 hanc
1154 961 1360 1061 opportuni·

122 1102 240 1166 tatem
276 1087 563 1188 praetermittere
603 1113 676 1160 non
717 1115 864 1188 possum
904 1092 988 1186 quin
1031 1092 1166 1188 aliquot
1200 1093 1361 1163 locorum

126 1216 395 1292 emendationes
430 1215 498 1288 hoc
527 1216 608 1289 loco
643 1217 875 1315 subiungam,
916 1244 1004 1315 quas
1036 1218 1092 1291 vir
1124 1217 1266 1306 doctus,
1303 1216 1362 1312 qui

126 1344 315 1445 gymnasio
343 1339 657 1445 Guelpherbytano
678 1355 834 1443 praeest,
872 1345 992 1421 Justrrs
1016 1344 1156 1446 Jeepirrc
1180 1345 1217 1417 in
1243 1343 1362 1416 Anna·

124 1473 221 1545 libus
241 1470 456 1545 scholasticis
482 1472 528 1545 ab
540 1468 802 1570 Hcydemanno
817 1487 854 1547 et
865 1473 1069 1550 Muetzellio
1082 1472 1237 1547 Berolini
1257 1471 1362 1545 editis

122 1599 209 1672 anni
239 1601 333 1672 1848
354 1624 434 1697 pag.
464 1602 537 1672 416
566 1624 641 1697 sqq.
669 1601 736 1673 sub
763 1601 859 1675 idem
883 1602 973 1678 illud
993 1615 1136 1703 tempus
1163 1600 1360 1701 proposuit.

227 1726 302 1801 Lib.
334 1750 374 1800 1v
406 1753 483 1825 cap.
513 1731 533 1799 't'
564 1736 594 1818 S.
624 1730 644 1800 6
672 1729 765 1802 bene
792 1732 934 1804 coniicit
959 1759 1025 1831 pro
1053 1758 1096 1805 eo
1131 1729 1229 1828 quod
1265 1727 1360 1802 edidi

120 1855 279 1930 dimissos
303 1882 435 1931 mouere
462 1855 594 1954 [amer]
622 1871 796 1956 coeperant
827 1858 966 1931 abiecto
994 1860 1114 1956 spurio
1140 1859 1253 1931 verbo
1280 1855 1362 1928 scri-

120 1984 284 2059 bendum
310 2009 389 2057 esse
416 1984 549 2059 dimissi
573 2009 651 2059 arros
676 2010 807 2059 monde
832 1999 1014 2085 coeperam.

226 2114 458 2210 lib.1vcap.
487 2115 534 2184 21
564 2121 594 2204 ς.
625 2116 644 2185 1
672 2139 739 2211 pro
766 2113 928 2188 codicum
955 2116 1130 2214 scriptura
1160 2115 1266 2188 dotem
1280 2115 1362 2215 sore

122 2240 375 2340 corrigendum
406 2251 512 2339 putat
546 2242 652 2316 dotem
683 2245 808 2344 offerre,
845 2270 998 2342 quocum
1024 2244 1262 2318 Accusativus
1288 2267 1361 2315 corr·

121 2384 245 2446 tentum
271 2370 347 2444 sine
374 2371 621 2469 supplemento
648 2369 816 2445 Modiano
850 2398 886 2446 se
907 2377 987 2476 fore
1021 2383 1118 2446 recte
1152 2372 1233 2445 coit.
1288 2367 1360 2442 Sed

123 2498 221 2599 quod
248 2499 374 2574 eodem
401 2499 516 2597 capite
544 2508 575 2590 §.
596 2502 618 2571 3
645 2503 763 2601 affeetu
787 2511 893 2599 putat
911 2502 1022 2576 careri
1048 2526 1165 2599 posse,
1192 2497 1361 2597 quoniam

123 2639 293 2703 neutrum
327 2653 440 2727 genus
476 2627 734 2703 adiectivorum
774 2631 874 2704 iaaac
906 2656 946 2705 ac
973 2630 1103 2729 puerile
1142 2626 1260 2701 ruentis
1294 2648 1360 2722 pro

121 2759 267 2831 nomine
285 2757 509 2831 substantivo
530 2758 678 2849 dicetur,
705 2757 881 2831 difficilius
906 2761 1090 2857 probatur.

227 2886 287 2959 lib.
314 2909 356 2959 VI
381 2912 456 2984 cap.
486 2890 531 2958 21
554 2885 584 2959 i.
606 2890 652 2959 10
672 2911 738 2984 pro
751 2886 889 2976 Aldina
915 2888 1091 2983 scriptura
1116 2897 1224 2957 terrtae
1249 2905 1361 2954 morae

122 3017 269 3118 pretium
293 3015 457 3114 proxime
478 3015 589 3087 libros
611 3025 753 3089 veteres
771 3014 1033 3111 manuscriptos
1060 3037 1124 3111 qao
1150 3009 1283 3083 leodem
1308 3032 1362 3081 ore

125 3144 317 3246 legendum
343 3155 440 3218 recte
466 3143 626 3218 coniecit.

227 3275 286 3349 lib.
312 3296 367 3347 vn
393 3300 469 3373 cap.
499 3277 545 3346 21
575 3282 606 3365 ς.
637 3275 682 3346 16
710 3271 804 3353 ‚illud
829 3272 946 3370 ipsum
973 3268 1070 3369 quod
1103 3267 1284 3368 expectari
1319 3291 1361 3340 eo

125 3408 207 3480 loco
235 3403 310 3476 dixi
336 3403 396 3505 qui
420 3428 540 3504 opmerr
565 3404 759 3478 obededom
790 3402 907 3476 inesse
947 3403 984 3475 in
1020 3398 1182 3473 codicum
1212 3397 1361 3470 nonnul·

123 3536 244 3608 lorum
277 3533 453 3632 scriptura
484 3533 658 3622 ducebant,
692 3532 722 3604 si
754 3532 932 3617 scribatur
963 3530 1135 3605 eludebant
1167 3526 1363 3626 prudenter

128 3662 319 3736 existimat.

229 3791 289 3864 lib.
316 3813 371 3863 vn
397 3816 472 3891 cap.
502 3793 548 3863 31
581 3799 611 3882 ς.
640 3792 687 3863 28
714 3790 751 3862 in
776 3791 856 3864 loco
883 3788 1114 3888 dubitationis
1145 3786 1252 3884 pleno
1280 3782 1362 3856 scri·

125 3920 285 3995 bendum
324 3919 512 4019 proposuit
545 3919 623 3994 Rea
656 3920 754 3994 iussit
786 3945 861 3994 eum
895 3919 1055 4015 confidere
1076 3920 1233 4021 felicitati
1265 3943 1363 3992 suae.-

115 4050 247 4154 fctalia
272 4050 336 4125 stt
360 4049 408 4124 cd
429 4050 573 4150 pierium
599 4048 771 4123 concedere
797 4048 884 4141 deos,
916 4059 953 4122 et
969 4048 1097 4150 fatalia
1124 4046 1169 4119 de
1200 4045 1363 4118 tristibus

127 4178 223 4252 extis
250 4179 358 4277 paulo
385 4188 470 4252 ante
496 4178 781 4251 commemoratis
807 4177 982 4274 intelligit.

164 4386 167 4393 ,
231 4309 360 4381 lib.1x
387 4334 462 4405 cap.
492 4309 513 4378 2
543 4315 574 4397 §.
606 4311 624 4380 1
653 4332 719 4404 pro
745 4307 888 4379 nomine
914 4305 1002 4380 Poro
1030 4300 1240 4374 adverbium
1259 4324 1365 4398 porro

126 4436 354 4514 reddendum
379 4436 517 4510 auctori
543 4445 675 4533 censet.
