2926 5174
419 341 468 390 nn
496 339 623 391 ansus
649 340 758 391 Anax.
785 342 836 409 111,
865 339 910 393 ro.
1223 324 1271 394 27

26 548 122 614 suum,
162 520 310 595 deinde
352 547 483 621 corpus
518 546 660 619 quoque
692 523 941 621 expectatione
972 526 1145 598 matinius
1171 551 1269 598 recu-

24 634 160 733 paravit:
190 633 342 731 quippe
370 643 456 731 post
480 634 627 708 tertium
653 633 756 724 diem,
783 659 891 730 quam
916 635 953 707 in
978 635 1047 709 hoc
1073 645 1172 708 statu
1196 639 1269 711 fue·

10 756 77 835 rat,
106 745 147 817 in
176 754 436 841 conspectum
466 745 619 817 militum
650 744 759 817 venit.
811 742 885 818 Nec
911 745 1050 819 avidius
1075 747 1192 843 ipsum
1217 772 1271 822 re·

22 883 93 954 gem,
117 880 239 953 quam
253 853 483 954 Philippum,
509 854 716 927 intuebatur
742 855 937 929 exercitus:
963 882 1029 954 pro
1057 869 1110 930 se'
1123 859 1271 954 quisque

23 967 170 1040 danuam
199 964 289 1039 eius
321 966 483 1063 amplexi
508 974 630 1062 grates
654 964 838 1037 habebant
864 966 964 1039 velut
984 967 1164 1063 praesenti
1191 967 1269 1042 deo.

21 1077 162 1175 Namque
191 1073 309 1148 haud
338 1075 445 1148 facile
471 1075 568 1148 dictu
594 1085 664 1164 est,
698 1085 842 1172 praeter
876 1075 1071 1172 ingenitam
1095 1078 1146 1150 illi
1171 1079 1271 1175 genti

23 1215 89 1286 erga
110 1212 224 1285 reges
257 1211 356 1259 suos
383 1187 670 1274 venerationem,
697 1195 871 1281 quantum
896 1186 1001 1259 huius
1026 1188 1149 1284 utique
1174 1189 1269 1284 regis

10 1301 72 1371 ivel
91 1297 338 1370 admirationi
368 1295 480 1371 dediti
503 1296 646 1386 fuerim,
667 1297 727 1369 vel
753 1298 901 1369 caritate
926 1297 1166 1395 flagraverint.
1192 1296 1269 1370 Iam

27 1409 159 1506 primum
181 1408 284 1480 nihil
316 1407 399 1480 sine
426 1405 547 1479 divina
573 1431 641 1504 ope
668 1407 815 1504 aggredi
841 1405 1049 1498 videbatur3
1076 1434 1161 1480 nam
1187 1435 1269 1482 cum

30 1530 147 1617 praesto
173 1528 286 1593 esset
317 1518 455 1614 ubique
480 1519 633 1608 fortuna,
653 1518 836 1590 temeritas
862 1519 900 1591 in
925 1520 1076 1617 gloriam
1102 1531 1267 1594 cesserat.

24 1703 108 1774 deinde]
133 1702 269 1755 Primum
291 1700 376 1754 codd.
394 1699 466 1753 Flor.
483 1706 590 1771 praeter
606 1699 634 1752 H
667 1698 814 1754 Latinitate
830 1700 943 1771 petitum
960 1701 1127 1772 ignorabant,
1146 1703 1208 1758 olim
1221 1721 1267 1758 ex-

15 1787 92 1824 ‘onnes
107 1767 526 1824 ciunBern.ALeid.Voss.l.
544 1767 635 1837 Vulgo
668 1767 782 1821 titerunt
804 1768 850 1839 qui
872 1769 1033 1839 corrigerent
1050 1789 1158 1841 qaoque,
1185 1789 1268 1842 eaque

21 1838 90 1892 editur
104 1841 220 1909 primo,
252 1837 334 1907 quod
365 1835 393 1889 in
419 1837 469 1890 hac
493 1838 634 1890 verborum
668 1836 802 1906 corruptio
835 1837 951 1907 pervasit
977 1837 1004 1890 in
1028 1840 1101 1909 vulg.
1131 1839 1267 1894 editiones.

21 1907 187 1962 coniunctione
213 1905 317 1960 nescio
337 1922 375 1956 an
393 1904 525 1958 soloecum
542 1903 633 1957 existi-
658 1903 722 1956 'Sed
739 1921 828 1957 veram
845 1904 979 1975 scriptoris
1001 1906 1186 1976 elegantissimi
1212 1925 1268 1960 ma·

20 1991 80 2028 nem.
99 1976 144 2030 Sic
161 1975 245 2028 enim
264 1972 411 2042 intelligo,
429 1973 475 2026 ubi
493 1973 528 2026 sit
545 1974 631 2038 initio,
667 1989 731 2024 num
757 1981 895 2025 servarunt
920 1973 1001 2026 Bern.
1018 1975 1044 2026 A
1070 1974 1141 2027 Flos.
1167 1973 1268 2028 BCEG

20 2042 88 2097 locum
101 2046 207 2098 habere
226 2050 386 2111 utramque
403 2041 520 2109 sormam,
539 2042 633 2109 etpri-
667 2047 774 2108 praeter
794 2039 857 2094 olim
879 2040 987 2094 collatos
1004 2041 1077 2094 Leid.
1100 2050 1129 2095 et
1145 2042 1222 2095 Voss.
1242 2050 1266 2110 1,

21 2116 215 2182 moetprimam,
248 2127 354 2164 verum
373 2109 420 2162 ubi
437 2109 539 2163 diversa
556 2106 631 2178 quasi
667 2115 695 2160 et
712 2109 753 2161 ed.
771 2107 904 2161 Modiana.
939 2109 1006 2162 Mox
1023 2113 1106 2164 dediti
1122 2113 1267 2175 eisaerint

21 2190 209 2249 enumerentur,
241 2197 304 2233 non
324 2177 394 2248 poni
411 2195 486 2248 posse
502 2177 552 2231 nisi
570 2178 631 2246 pri-
664 2175 818 2246 adiungitur
844 2177 912 2230 male
934 2177 961 2229 in
986 2178 1067 2231 Bern.
1092 2179 1119 2231 A
1144 2179 1215 2232 Flor.
1240 2180 1264 2232 Β

21 2266 80 2302 mm,
569 2309 576 2317 ·
664 2243 748 2312 Leid.,
767 2247 941 2298 admiratione
959 2249 984 2299 ei
1001 2249 1083 2300 dediti
1100 2255 1142 2301 est
1156 2247 1263 2302 inFlor.

47 2320 66 2384 §.
81 2325 116 2371 17.
160 2320 299 2371 dextram
319 2315 380 2367 aas
400 2315 524 2384 amplexa]
564 2317 630 2365 Am-
665 2312 734 2366 Cet
750 2313 801 2366 fuit
818 2321 880 2366 ante
898 2333 964 2367 corr.
981 2314 1009 2367 in
1025 2313 1058 2368 G.

34 2384 153 2440 lactantur
170 2393 226 2439 aut
246 2382 474 2453 complectuntur
489 2399 596 2434 manum
609 2398 630 2434 s.
699 2385 779 2450 §.18.
806 2383 866 2435 Iam
879 2385 995 2452 primum
1017 2385 1083 2435 nibil
1100 2385 1157 2436 sine
1175 2384 1264 2437 divina

21 2403 136 2508 iexteram
155 2451 299 2525 imprimis
318 2458 448 2504 orantes:
483 2450 520 2503 sic
536 2465 577 2515 VI,
597 2455 630 2502 88
664 2451 722 2520 ope]
741 2449 872 2503 Recenset
889 2450 1190 2505 eausasnonnullastam
1203 2469 1264 2521 pro·

23 2524 134 2577 metuam
147 2533 226 2576 taam
237 2522 400 2590 amplexas,
419 2519 582 2571 reconciliati
585 2520 630 2587 pi·
663 2534 760 2588 pensae
777 2517 805 2570 in
821 2536 911 2588 regem
933 2538 1009 2572 suum
1031 2518 1175 2573 voluntatis
1196 2519 1265 2572 mili-

21 2608 76 2657 yaas
94 2594 192 2659 animi,
223 2588 356 2644 commoto
384 2604 483 2656 qaoque
512 2587 630 2654 interfici,
664 2593 738 2653 tum,
784 2605 836 2657 qua
875 2587 902 2639 in
939 2604 969 2640 re
1015 2604 1092 2641 nemo
1125 2587 1265 2641 mirabitm·

23 2666 92 2724 vait
107 2664 247 2714 dexteram
267 2656 374 2710 exoleti
397 2658 552 2724 completas.
587 2653 632 2707 Sic
663 2655 734 2724 quod
750 2654 920 2725 praemissum
932 2657 1048 2725 primam
1068 2667 1122 2709 non
1139 2664 1266 2726 sequatur

25 2734 48 2777 et
61 2727 128 2798 Virg.
146 2731 219 2782 Aen.
238 2740 313 2791 vm,
335 2728 390 2776 558
418 2725 536 2775 dextram
563 2727 630 2775 com-
665 2725 766 2790 deinde,
789 2741 849 2777 cum
869 2723 952 2794 ipsam
978 2724 1134 2777 sententiam
1152 2723 1264 2793 scriptor

22 2797 100 2861 pletas
116 2800 212 2863 euntis,
231 2794 426 2857 Liv.xxx,12
446 2810 502 2844 cam
512 2794 631 2843 dextram
663 2808 717 2843 non
734 2791 913 2861 imperfectam
930 2793 975 2845 ille
992 2791 1097 2862 quidem
1117 2792 1263 2912 reliquerit,

26 2865 162 2931 amplectens
180 2867 210 2918 ia
229 2866 273 2930 id,
294 2878 332 2914 ne
352 2861 398 2912 cai
408 2860 527 2912 Romano
545 2862 631 2912 trade·
663 2860 710 2912 sed
727 2859 784 2912 aliis
805 2861 940 2929 particulis
962 2860 1130 2914 continuarit.
1190 2877 1262 2912 xem-

27 2941 100 2999 retar,
107 2935 189 3000 fidem
208 2937 389 3002 exposceret,
408 2927 629 2998 Plin.epist.V1,
663 2927 707 2997 pla
730 2927 815 2980 ubivis
836 2927 1014 2994 inveniuntur,
1032 2946 1152 2997 quorum-
1165 2945 1263 2981 memo-

28 3004 65 3064 20,
80 3007 108 3052 12
138 3019 245 3055 manum
272 3000 337 3052 eius
367 2998 505 3064 amplexas
532 2998 630 3049 addere
663 2995 703 3047 ria
726 2994 922 3048 Schmiederum
944 2996 1058 3048 retinere
1080 2997 1202 3062 debebat,
1229 3012 1264 3048 ne

30 3069 129 3132 prodam
145 3087 212 3138 009⁰·
665 3061 856 3117 Theocreniani
882 3062 976 3115 codicis
1003 3081 1055 3115 non
1078 3062 1263 3115 auctoritatem

63 3144 143 3200 protes
160 3137 299 3206 latebunt]
331 3133 380 3186 De
397 3131 524 3185 vocabulo
539 3142 630 3201 protes
663 3134 710 3185 sed
727 3129 884 3202 pravitatem
898 3138 1002 3183 secutus
1015 3132 1119 3198 pridem
1129 3129 1262 3183 scriberet.

34 3202 96 3278 apud
110 3201 206 3256 Livium
228 3212 255 3258 et
273 3200 445 3275 posteriores
462 3217 554 3270 prosae
572 3217 630 3253 ora-
662 3201 730 3254 Post
746 3198 825 3269 paulo
842 3200 908 3266 sine,
925 3207 957 3250 ut
973 3198 1048 3252 iubet
1065 3197 1182 3252 codicum
1201 3215 1264 3252 eon-

33 3268 102 3322 tronis
116 3280 229 3326 auctores
246 3267 395 3340 frequenti
416 3268 477 3321 vide
494 3267 630 3320 Drakenb.
663 3287 766 3334 sensus,
794 3266 883 3337 scripsi
904 3285 952 3338 pro
975 3269 1042 3334 misi,
1069 3267 1139 3336 quod
1160 3266 1264 3319 Numae

27 3337 58 3388 ad
79 3336 175 3393 Livium
191 3356 284 3407 xxm,
307 3346 355 3404 12,
377 3344 408 3388 17
436 3344 464 3389 et
490 3353 568 3405 quem
593 3336 631 3389 ibi
662 3337 770 3391 alicuius
788 3335 921 3406 ingenium
939 3337 1045 3390 deceret
1062 3336 1171 3388 deorum
1188 3335 1263 3388 auxi-

26 3404 105 3460 laudat
121 3408 267 3463 cellarium
286 3408 320 3460 in
338 3404 525 3458 Antibarbaro
539 3411 630 3473 paca.
662 3406 726 3458 Eum
753 3404 903 3475 priusquam
920 3405 954 3457 ad
977 3405 1108 3475 agendum
1125 3403 1264 3484 quicquam

25 3472 107 3530 Cioero
122 3477 190 3530 enim
208 3495 268 3530 uno
286 3481 403 3528 tantum
420 3471 630 3593 loooinfflmnio
663 3475 800 3530 accederet
817 3472 971 3538 invocantis,
989 3491 1044 3526 non
1060 3473 1213 3525 Alexandri.

23 3541 276 3613 Scipionislhabet:
294 3550 394 3613 qrates
408 3543 523 3610 titiopo,
565 3559 630 3593 orme
698 3560 755 3596 cam
768 3552 877 3610 praesto
895 3543 972 3611 esset]
1008 3541 1068 3595 Hoc
1085 3540 1203 3610 legitimo
1221 3559 1263 3594 or-

23 3611 71 3678 Sol,
94 3631 151 3666 cum
168 3615 264 3667 colore
282 3608 405 3682 poetico.
440 3608 493 3662 Sed
520 3625 553 3660 ex
579 3609 630 3662 illis
664 3611 724 3663 dine
742 3626 832 3664 omnes
848 3609 918 3676 libri,
936 3617 965 3662 et
980 3620 1086 3678 praesto
1104 3626 1159 3662 esse
1173 3608 1263 3662 dicun-

22 3677 77 3732 locis
92 3682 180 3736 malles
192 3691 294 3752 grates
305 3679 432 3748 agebant,
451 3677 500 3730 nisi
517 3676 560 3730 hio
577 3677 630 3730 illie
663 3687 709 3732 tur
724 3677 799 3749 quasi
816 3677 973 3744 militariter,
992 3677 1036 3747 qui
1050 3679 1147 3730 adsum
1164 3678 1199 3730 ad
1215 3677 1263 3729 im-

21 3753 48 3798 et
61 3753 156 3816 oratius
174 3752 279 3804 babere
303 3745 485 3812 inveniretur,
511 3753 542 3797 ut
560 3746 630 3815 apud
663 3746 765 3819 perium
778 3745 955 3815 accipiendum
964 3754 992 3798 et
1001 3747 1191 3816 exequendum,
1209 3744 1263 3798 vid.

22 3813 118 3871 Terent.
135 3820 225 3872 Andr.
245 3831 292 3882 Ν,
308 3822 336 3880 4,
354 3820 398 3880 31,
417 3824 445 3866 et
463 3814 533 3884 apud
552 3813 630 3866 Taci-
663 3831 717 3881 v11,
738 3822 762 3881 1,
780 3821 805 3866 4.
832 3821 960 3881 v111,44,
979 3822 1010 3882 2,
1045 3815 1084 3868 ita
1102 3831 1135 3866 ue
1161 3814 1195 3865 ad
1212 3813 1263 3864 alia

17 3889 71 3936 tum
85 3889 153 3941 Ann.
169 3896 194 3953 1,
213 3889 354 3940 caesae
382 3884 473 3934 laudes
497 3891 520 3934 et
539 3892 629 3950 protes
663 3882 820 3936 translatum
837 3881 907 3935 idem
924 3890 966 3936 est
983 3884 1053 3954 quod
1070 3833 1261 3951 oltemperare,

18 3957 119 4008 reversis
135 3956 295 4025 leyionibas
314 3951 421 4004 babere.
438 3949 586 4016 Nosterrx,
596 3956 629 4002 25
663 3951 795 4017 adiuvare,
813 3951 910 4003 adesse.

19 4020 82 4073 volis
103 4034 195 4093 grates
225 4039 284 4090 ayo
319 4019 459 4086 habeoque.
504 4017 630 4071 Ceterum
697 4021 828 4072 temeritas
854 4021 882 4071 in
907 4021 1020 4088 ploriam
1043 4016 1168 4085 cesserat]
1203 4014 1220 4067 i.
1238 4031 1262 4067 e.

18 4088 86 4141 aaa
102 4109 160 4145 mss.
179 4092 208 4144 h.
229 4091 249 4142 l.
270 4105 331 4141 non
349 4093 465 4152 mutant,
482 4103 544 4137 nam
559 4086 630 4156 quod
663 4087 867 4140 convertebatur
884 4087 912 4139 in
929 4086 1047 4167 gloriam,
1075 4085 1128 4137 sive
1145 4090 1263 4136 verterat

20 4150 90 4211 Bern.
106 4159 128 4212 B
145 4161 264 4230 gratias
284 4162 317 4207 et
335 4153 414 4207 Voss.
432 4160 447 4206 2
472 4155 565 4223 ayebat
583 4154 629 4206 ha-
662 4156 690 4208 in
707 4155 827 4235 gloriam,
845 4155 975 4209 utLivrus
992 4153 1081 4206 etalii
1099 4152 1184 4205 solent
1197 4168 1262 4204 neu-

21 4217 78 4276 bent
92 4227 135 4280 vix
152 4221 423 4282 commemoratione
448 4221 557 4291 dignum
578 4230 627 4275 est.
662 4224 767 4277 trahter
784 4223 878 4276 dicere.
913 4223 982 4275 Plin.
1002 4230 1055 4273 nat.
1073 4220 1134 4273 hist.
1158 4227 1200 4286 35,
1222 4226 1261 4272 15.

53 4307 164 4357 quantam
183 4297 272 4348 tuias
292 4292 387 4357 atique
404 4291 473 4358 repis
491 4292 530 4342 vel
544 4292 628 4342 admi·
661 4310 750 4345 veram
776 4293 836 4361 ipsa
863 4293 963 4344 iniuria
990 4290 1067 4340 cessit
1097 4291 1125 4340 in
1149 4290 1262 4357 ylariam

24 4360 107 4414 rationi
130 4365 219 4418 dediti
237 4358 371 4431 fuerint]
406 4356 505 4410 Vocem
531 4359 627 4437 atique,
662 4361 786 4427 artificis,
815 4356 901 4412 Tacit.
920 4357 1008 4412 Germ.
1027 4362 1059 4409 36
1081 4356 1166 4409 Cattis
1183 4358 1262 4408 victo-

23 4420 116 4485 fortasse
139 4431 218 4504 quod
242 4428 306 4482 eius
330 4441 438 4478 sensum
454 4441 487 4478 ex
503 4424 629 4480 interiore
662 4430 735 4483 ribus
752 4431 861 4490 fomaaa
879 4429 907 4480 ia
925 4424 1082 4495 sapientiam
1099 4425 1184 4478 cessit.
