2926 5174
524 313 570 396 oa
597 312 722 365 onsrrs
748 313 857 364 Anax.
882 313 960 382 vm,
986 311 1028 361 aa.
1295 299 1368 372 421

145 522 227 569 nam
251 495 319 585 his,
345 497 404 593 qui
431 522 478 571 ex
505 497 580 570 acie
606 523 679 570 non
704 498 935 589 rettulissent,
961 508 1076 588 metu,
1103 524 1209 595 quem
1235 527 1282 574 ex
1307 502 1367 575 illo

144 607 244 680 hoste
269 607 445 704 quondam
471 619 717 706 conceperant,
745 610 851 682 etiam
877 610 914 680 in
940 611 1146 706 religionem
1171 613 1367 685 veneratio·

141 743 289 815 nemque
326 745 509 793 converso.
566 720 781 794 Macedonas
811 746 885 792 non
922 720 1109 792 beluarum
1140 720 1247 794 modo
1254 752 1263 812 ,
1304 721 1368 795 sed
1423 780 1426 784 .

101 847 124 896 a
140 830 246 902 etiam
270 831 375 927 ipsius
401 833 496 928 regis
519 843 683 929 aspectus
710 857 902 930 parumper
926 831 1088 904 inhibuit.
1140 831 1272 905 Beluae
1300 831 1368 905 dis*

138 941 274 1036 positae
299 942 389 1014 inter
408 953 565 1016 armatos
584 943 737 1040 speciem
764 945 915 1016 turrium
932 943 1057 1040 procul
1083 943 1251 1016 fecerant.
1285 941 1368 1042 Ipse

137 1049 251 1123 Porus
281 1051 455 1126 humanae
488 1053 741 1152 magnitudinis
774 1053 1033 1152 propemodum
1065 1064 1268 1126 excesserat
1299 1056 1368 1127 for-

136 1187 239 1233 mam.
290 1161 526 1260 Magnitudini
551 1164 635 1238 Pori
662 1164 812 1239 adiicere
838 1164 1029 1237 videbatur
1054 1163 1174 1253 belua,
1211 1191 1282 1261 qua
1309 1191 1368 1241 ve·

134 1273 302 1363 hebatur,
341 1285 484 1348 tantum
515 1276 608 1349 inter
644 1287 780 1350 ceteras
808 1276 981 1366 eminens,
1016 1286 1149 1371 quanto
1182 1275 1259 1348 aliis
1291 1277 1368 1374 ipse

91 1399 122 1449 14
135 1386 346 1480 praestabat.
397 1384 524 1484 Itaque
556 1388 782 1479 Alexander,
814 1388 1075 1484 contemplatus
1109 1396 1145 1458 et
1176 1410 1298 1484 regem
1330 1399 1368 1461 et
1394 1445 1397 1451 .

136 1520 262 1593 agmen
287 1496 472 1588 Indorum,
504 1500 671 1592 Tandem,
696 1501 826 1596 inquit,
855 1524 924 1597 par
949 1499 1060 1572 animo
1086 1522 1157 1572 mcv
1176 1499 1367 1596 periculam

91 1622 121 1671 14
135 1607 237 1681 video.
279 1606 364 1683 Cum
388 1609 498 1682 bestiis
512 1611 614 1684 simvl
637 1625 667 1685 ct
681 1638 756 1685 cnm
770 1609 910 1710 eprepiia
926 1609 1010 1683 vivis
1035 1633 1089 1682 rea
1105 1621 1160 1682 eet.
1204 1608 1365 1682 Intuens-

134 1743 201 1812 que
220 1715 372 1811 Coenon,
389 1718 476 1797 Cam
493 1745 559 1821 epo,
585 1722 708 1818 inquit,
735 1723 918 1797 Ptolemaeo
935 1720 1157 1820 Perdiccaque
1172 1733 1202 1793 et
1212 1718 1366 1817 Hepha-

133 1831 232 1904 ctvm
251 1832 418 1906 comitatus
439 1832 476 1904 in
495 1829 623 1908 benum
644 1835 783 1908 leontiam
802 1858 904 1907 corna
931 1831 1088 1930 impetam
1104 1831 1367 1933 sececavidecis·

133 1960 192 2039 quc
203 1967 257 2015 me
276 1943 313 2015 in
324 1943 431 2017 medio
449 1945 571 2018 ardere
589 1946 789 2036 certaminis,
810 1946 882 2041 ipae
900 1943 1052 2016 denham
1064 1968 1165 2034 meuc,
1183 1955 1213 2016 et
1230 1942 1367 2017 tardatis

135 2053 230 2152 abac
247 2053 343 2156 infer.
387 2053 441 2128 Ta
453 2055 627 2153 Antigene,
652 2067 682 2128 et
699 2068 733 2128 ta
749 2057 925 2146 aeonae,
951 2067 981 2127 ct
997 2054 1143 2145 Tauron,
1169 2053 1369 2128 invehemini

91 2179 121 2230 tt
135 2163 168 2236 in
192 2165 337 2238 mediam
362 2166 480 2259 aciem,
514 2179 544 2239 et
567 2166 722 2266 arpebih'a
744 2172 902 2270 frontem
948 2165 1077 2238 Hastae
1108 2178 1238 2238 metrae
1263 2189 1365 2262 prac-

135 2274 245 2374 bnpac
271 2288 301 2348 ct
324 2277 454 2352 validae
480 2303 548 2351 non
572 2279 659 2352 alias
684 2280 794 2378 magis
820 2303 920 2378 qaam
943 2277 1104 2351 adversm
1129 2275 1241 2349 belvas
1267 2282 1370 2350 vecto'

132 2410 245 2485 resqvve
263 2411 378 2460 cavam
402 2390 483 2464 usai
506 2414 576 2464 esse
585 2403 758 2489 poterant:
784 2390 948 2463 demetata
971 2413 1033 2480 eos,
1059 2387 1118 2487 qai
1142 2387 1311 2479 vehantur,
1337 2401 1368 2462 ct

132 2496 223 2594 ipsas
253 2501 422 2602 confodite.
480 2501 616 2600 Anceps
650 2527 758 2600 penas
789 2501 910 2575 aemilii
933 2513 994 2591 cst,
1029 2511 1059 2571 ct
1083 2496 1119 2571 in
1144 2523 1221 2573 sava
1252 2501 1366 2574 acnvs

100 2609 220 2710 tfnvit.
267 2609 312 2683 In
335 2610 468 2701 hostemr
481 2612 569 2685 enim
594 2613 750 2710 imperio,
782 2613 819 2686 in
844 2637 921 2686 save
939 2634 1069 2709 pavore
1094 2610 1214 2707 opiter.
1267 2609 1366 2684 Haec

132 2720 289 2793 elocutus
312 2723 465 2796 concitat
485 2747 616 2819 equum
629 2723 781 2822 primus;
808 2725 958 2818 iamque,
984 2729 1026 2793 ut
1040 2719 1256 2793 destinatum
1276 2733 1362 2813 erat,

129 2830 309 2906 invaserat
331 2831 472 2907 ordines
490 2834 658 2924 hostium,
687 2859 767 2906 cum
786 2832 926 2907 Coenus
942 2830 1077 2928 ingenti
1096 2830 1132 2902 vi
1159 2831 1195 2901 in
1220 2833 1363 2905 laevum

159 3051 181 3117 §-
211 3057 254 3105 13.
298 3051 474 3119 magnitudini
500 3051 566 3104 Pori
599 3053 726 3122 adiicere]
762 3050 841 3103 fuerit
858 3050 1008 3102 invehimini
1025 3057 1049 3101 et
1065 3056 1160 3116 arcete.
1188 3047 1297 3102 correxi
1313 3049 1363 3119 igi-

127 3115 223 3189 Supple
241 3120 360 3187 aliquid,
387 3127 417 3172 ut
433 3119 529 3174 omisso
553 3136 586 3172 co
612 3121 729 3174 adiicere
762 3127 807 3172 tur
824 3119 987 3180 invehemini,
1014 3126 1042 3169 et
1064 3115 1151 3168 inveni
1177 3115 1247 3171 idem
1273 3118 1365 3172 fecisse

126 3188 283 3241 cumdativo
297 3185 426 3256 significet
436 3204 533 3258 augere
542 3188 656 3268 aliquam
665 3204 728 3241 rem.
761 3186 889 3241 Modiam.
923 3186 1014 3239 Verbo
1035 3184 1121 3237 indico
1145 3185 1173 3238 in
1190 3186 1366 3241 deterioribus

123 3254 179 3309 Hoc
194 3256 369 3327 perturbasse
385 3256 489 3310 videtur
506 3256 626 3311 librarios
652 3257 727 3309 codd
762 3255 865 3326 aliquot
882 3255 958 3308 codd.
975 3254 1045 3307 Flor.
1056 3251 1121 3307 FGI
1137 3253 1219 3308 Pell
1239 3272 1366 3311 essenon

124 3323 191 3378 Flor.
204 3324 248 3377 DI
269 3323 316 3395 qui
333 3326 538 3392 magnitudinem
559 3325 608 3379 scri
640 3331 727 3377 erunt.
762 3323 912 3376 invehimini
930 3325 959 3376 in
975 3324 1087 3376 mediam
1104 3324 1201 3389 aciem,
1224 3328 1273 3378 sed
1289 3343 1366 3394 urge·
1449 3354 1451 3358 Δ

123 3390 189 3446 Item
205 3411 258 3464 pro
277 3393 400 3463 eoquod
417 3401 456 3446 est
474 3403 569 3463 quanto
587 3411 602 3446 e
621 3394 647 3446 d.
665 3392 728 3445 Ald.
762 3393 822 3445 bitis
839 3393 965 3461 frontem.
1000 3391 1082 3444 Vides
1109 3391 1252 3445 scribarum
1275 3393 1367 3449 sollcr-

123 3459 179 3514 Iun.
194 3462 274 3515 Mod.
293 3470 419 3540 qvantvm
434 3461 631 3532 praetulerunt,
656 3460 728 3540 quod
762 3459 840 3513 tiam:
866 3459 989 3539 nimirum
1011 3460 1082 3541 Flor.
1105 3460 1130 3512 D
1157 3464 1206 3514 scd
1230 3463 1367 3541 urgebitis,

121 3537 148 3582 et
169 3530 194 3583 le
214 3532 273 3583 'tur
294 3547 323 3582 m
343 3529 461 3583 codicum
482 3528 563 3583 classe
586 3531 728 3583 deterrima
763 3530 848 3599 (quod
858 3535 886 3581 et
900 3529 1143 3597 mMod.ed1t.est)
1154 3530 1288 3599 quodcum
1303 3548 1368 3584 serr-

121 3597 190 3653 Flor.
282 3597 365 3650 Bern.
383 3598 416 3652 B.
450 3597 525 3652 Nihil
541 3598 661 3665 interest,
680 3598 725 3650 sed
760 3609 835 3667 ptum
852 3598 989 3651 inventum
1005 3606 1088 3666 esset,
1112 3597 1221 3652 accessit
1237 3599 1319 3653 etiam
1340 3598 1369 3650 in

120 3677 212 3736 quanto
229 3665 366 3720 usitatius.
695 3674 698 3679 ’
768 3665 927 3737 praegressis
952 3667 1067 3737 negandi
1083 3667 1220 3736 particula.

150 3742 173 3803 5.
190 3741 232 3790 15.
265 3735 308 3788 Ta
327 3736 466 3806 Antigene]
502 3734 592 3805 Vulgo
614 3736 725 3803 Antipe·
793 3739 818 3802 s.
838 3742 878 3789 16.
900 3745 924 3787 et
942 3738 1016 3806 qrsas
1035 3737 1176 3803 comedite]
1212 3733 1258 3788 Sic
1275 3749 1368 3788 omnes

119 3820 172 3871 nce,
189 3805 404 3872 mss.Antiyvne.
431 3803 630 3874 AtAntigonus
648 3820 726 3874 prae-
760 3821 820 3856 mss.
846 3802 932 3857 nostri
957 3811 986 3857 et
1011 3803 1066 3857 Vin
1085 3803 1168 3856 elinus
1195 3810 1223 3854 et
1249 3801 1394 3871 Medius„

119 3879 162 3926 tor
176 3871 284 3943 Lydiae
300 3878 436 3941 praeerat,
462 3871 507 3926 lib.
524 3887 571 3938 ιν,
589 3877 606 3926 6
623 3880 653 3925 et
670 3873 726 3923 Aa·
760 3872 865 3926 Merula
878 3874 1004 3939 cosmidim,
1023 3873 1108 3925 Aldus
1118 3871 1274 3949 consondite,
1292 3877 1368 3922 uter-

118 3939 395 4062 ilm‘ss'ibniffdff
411 3938 527 4062 diii
544 3939 727 4063 illidii}
761 3936 1369 4064 ‘tttttttntlttftstttt..ltt

118 4025 327 4200 &minoda
355 4075 516 4145 appellatur,
546 4076 590 4130 lib.
617 4079 657 4141 V,
685 4083 725 4130 16.
759 4027 840 4133 iiimi
857 4094 906 4131 nec
920 4025 1216 4146 snakenbuigiumpnev
1233 4046 1315 4126 aliuin
1334 4071 1369 4124 de

130 4212 136 4226 .
163 4146 206 4201 ‘be
228 4144 319 4215 igitur
335 4146 478 4223 Antigene,
501 4146 592 4225 eadem
610 4143 725 4225 declina·
760 4148 892 4201 codicibus
909 4145 1066 4229 meminisse.

117 4211 585 4338 t⁰⁹⁰aq⁰ttttlt¹⁰e¹ttttt
601 4222 725 4335 vocilli
758 4219 817 4337 ait
842 4209 1367 4350 tt·i.tt..²t⁶²⁷tt.⁶⁰ttt¹nttttt

117 4301 240 4430 adaia.
262 4348 383 4403 Gramm.
401 4320 485 4430 pies.
520 4322 586 4431 Post
602 4370 657 4406 non
674 4350 725 4403 tuli
758 4351 861 4406 laevum
878 4351 994 4406 hostium
1011 4322 1094 4402 domu
1111 4363 1249 4418 aggressus
1267 4354 1318 4427 est,
1336 4352 1365 4398 et

116 4419 272 4476 amolimini
288 4427 313 4472 et
327 4418 461 4488 urgebitis,
479 4436 538 4474 cum
554 4438 581 4472 m
598 4427 725 4492 promptu
758 4437 837 4491 supra
853 4420 965 4476 iusserat
983 4418 1093 4474 Coenon
1115 4417 1239 4470 dextrum
1248 4415 1364 4469 hostium
