<?xml version="1.0" encoding="UTF-8"?>
<!DOCTYPE html PUBLIC "-//W3C//DTD XHTML 1.0 Transitional//EN"
    "http://www.w3.org/TR/xhtml1/DTD/xhtml1-transitional.dtd">
<html xmlns="http://www.w3.org/1999/xhtml" xml:lang="en" lang="en">
 <head>
  <title>
</title>
<meta http-equiv="Content-Type" content="text/html;charset=utf-8" />
  <meta name='ocr-system' content='tesseract 3.04.00' />
  <meta name='ocr-capabilities' content='ocr_page ocr_carea ocr_par ocr_line ocrx_word'/>
</head>
<body>
  <div class='ocr_page' id='page_1' title='image "./qcurtiirufidege01rufugoog_0479.png"; bbox 0 0 2926 5174; ppageno 0'>
   <div class='ocr_carea' id='block_1_1' title="bbox 199 294 960 373">
    <p class='ocr_par' dir='ltr' id='par_1_1' title="bbox 199 294 960 373">
     <span class='ocr_line' id='line_1_1' title="bbox 199 294 960 373; baseline -0.007 -8"><span class='ocrx_word' id='word_1_1' title='bbox 199 294 272 365; x_wconf 82' lang='lat'>448</span> <span class='ocrx_word' id='word_1_2' title='bbox 664 310 698 373; x_wconf 83' lang='lat' dir='ltr'>a.</span> <span class='ocrx_word' id='word_1_3' title='bbox 727 308 850 362; x_wconf 82' lang='lat' dir='ltr'>conrn</span> <span class='ocrx_word' id='word_1_4' title='bbox 874 308 960 361; x_wconf 80' lang='lat' dir='ltr'>narr</span> 
     </span>
    </p>
   </div>
   <div class='ocr_carea' id='block_1_2' title="bbox 148 491 1448 2709">
    <p class='ocr_par' dir='ltr' id='par_1_2' title="bbox 197 491 1420 596">
     <span class='ocr_line' id='line_1_2' title="bbox 197 491 1420 596; baseline -0.004 -26"><span class='ocrx_word' id='word_1_5' title='bbox 197 498 256 596; x_wconf 90' lang='lat' dir='ltr'>gia</span> <span class='ocrx_word' id='word_1_6' title='bbox 282 496 467 570; x_wconf 89' lang='lat' dir='ltr'>submersa</span> <span class='ocrx_word' id='word_1_7' title='bbox 492 503 593 582; x_wconf 82' lang='lat' dir='ltr'>sunt3</span> <span class='ocrx_word' id='word_1_8' title='bbox 624 493 769 585; x_wconf 90' lang='lat' dir='ltr'>leviora,</span> <span class='ocrx_word' id='word_1_9' title='bbox 797 517 877 566; x_wconf 91' lang='lat' dir='ltr'>cum</span> <span class='ocrx_word' id='word_1_10' title='bbox 903 491 1045 587; x_wconf 88' lang='lat' dir='ltr'>etipsa</span> <span class='ocrx_word' id='word_1_11' title='bbox 1072 491 1276 589; x_wconf 80' lang='lat' dir='ltr'>nequirent</span> <span class='ocrx_word' id='word_1_12' title='bbox 1299 493 1420 590; x_wconf 77' lang='lat' dir='ltr'>regiin</span> 
     </span>
    </p>

    <p class='ocr_par' dir='ltr' id='par_1_3' title="bbox 197 601 1420 706">
     <span class='ocr_line' id='line_1_3' title="bbox 197 601 1420 706; baseline -0.005 -25"><span class='ocrx_word' id='word_1_13' title='bbox 197 610 310 706; x_wconf 84' lang='lat' dir='ltr'>ripam</span> <span class='ocrx_word' id='word_1_14' title='bbox 335 617 457 678; x_wconf 85' lang='lat' dir='ltr'>tamen</span> <span class='ocrx_word' id='word_1_15' title='bbox 481 605 628 677; x_wconf 87' lang='lat' dir='ltr'>innoxia</span> <span class='ocrx_word' id='word_1_16' title='bbox 653 606 804 702; x_wconf 86' lang='lat' dir='ltr'>expulsa</span> <span class='ocrx_word' id='word_1_17' title='bbox 831 614 924 677; x_wconf 87' lang='lat' dir='ltr'>sunt.</span> <span class='ocrx_word' id='word_1_18' title='bbox 980 601 1064 700; x_wconf 90' lang='lat' dir='ltr'>Ipse</span> <span class='ocrx_word' id='word_1_19' title='bbox 1098 628 1172 676; x_wconf 85' lang='lat' dir='ltr'>rex</span> <span class='ocrx_word' id='word_1_20' title='bbox 1204 603 1244 675; x_wconf 92' lang='lat' dir='ltr'>in</span> <span class='ocrx_word' id='word_1_21' title='bbox 1270 603 1420 701; x_wconf 86' lang='lat' dir='ltr'>rapidissi-</span> 
     </span>
    </p>

    <p class='ocr_par' dir='ltr' id='par_1_4' title="bbox 197 714 1420 813">
     <span class='ocr_line' id='line_1_4' title="bbox 197 714 1420 813; baseline -0.001 -23"><span class='ocrx_word' id='word_1_22' title='bbox 197 746 274 792; x_wconf 90' lang='lat' dir='ltr'>mos</span> <span class='ocrx_word' id='word_1_23' title='bbox 300 718 452 790; x_wconf 89' lang='lat' dir='ltr'>vertices</span> <span class='ocrx_word' id='word_1_24' title='bbox 477 714 618 789; x_wconf 80' lang='lat' dir='ltr'>incidit:</span> <span class='ocrx_word' id='word_1_25' title='bbox 645 716 773 812; x_wconf 90' lang='lat' dir='ltr'>quibus</span> <span class='ocrx_word' id='word_1_26' title='bbox 799 717 933 789; x_wconf 85' lang='lat' dir='ltr'>intorta</span> <span class='ocrx_word' id='word_1_27' title='bbox 960 714 1066 787; x_wconf 91' lang='lat' dir='ltr'>navis</span> <span class='ocrx_word' id='word_1_28' title='bbox 1091 715 1246 812; x_wconf 87' lang='lat' dir='ltr'>obliqua</span> <span class='ocrx_word' id='word_1_29' title='bbox 1264 725 1302 787; x_wconf 89' lang='lat' dir='ltr'>et</span> <span class='ocrx_word' id='word_1_30' title='bbox 1321 716 1420 813; x_wconf 90' lang='lat' dir='ltr'>guber·</span> 
     </span>
    </p>

    <p class='ocr_par' dir='ltr' id='par_1_5' title="bbox 197 824 1448 1039">
     <span class='ocr_line' id='line_1_5' title="bbox 198 824 1448 925; baseline -0.009 -23"><span class='ocrx_word' id='word_1_31' title='bbox 198 829 314 902; x_wconf 90' lang='lat' dir='ltr'>naculi</span> <span class='ocrx_word' id='word_1_32' title='bbox 339 828 526 925; x_wconf 84' lang='lat' dir='ltr'>impatiens</span> <span class='ocrx_word' id='word_1_33' title='bbox 553 827 736 925; x_wconf 83' lang='lat' dir='ltr'>agebatur.</span> <span class='ocrx_word' id='word_1_34' title='bbox 787 824 864 899; x_wconf 90' lang='lat' dir='ltr'>Iam</span> <span class='ocrx_word' id='word_1_35' title='bbox 889 835 1029 899; x_wconf 88' lang='lat' dir='ltr'>vestem</span> <span class='ocrx_word' id='word_1_36' title='bbox 1055 824 1280 899; x_wconf 83' lang='lat' dir='ltr'>detraxerat</span> <span class='ocrx_word' id='word_1_37' title='bbox 1298 826 1420 924; x_wconf 89' lang='lat' dir='ltr'>corpori,</span> <span class='ocrx_word' id='word_1_38' title='bbox 1431 844 1448 891; x_wconf 83' lang='lat'>12</span> 
     </span>
     <span class='ocr_line' id='line_1_6' title="bbox 197 938 1420 1039; baseline -0.003 -27"><span class='ocrx_word' id='word_1_39' title='bbox 197 941 419 1039; x_wconf 89' lang='lat' dir='ltr'>proiecturus</span> <span class='ocrx_word' id='word_1_40' title='bbox 446 950 559 1012; x_wconf 87' lang='lat' dir='ltr'>semet</span> <span class='ocrx_word' id='word_1_41' title='bbox 585 940 621 1010; x_wconf 91' lang='lat' dir='ltr'>in</span> <span class='ocrx_word' id='word_1_42' title='bbox 646 939 794 1029; x_wconf 91' lang='lat' dir='ltr'>flumen,</span> <span class='ocrx_word' id='word_1_43' title='bbox 827 938 1014 1034; x_wconf 84' lang='lat' dir='ltr'>amicique,</span> <span class='ocrx_word' id='word_1_44' title='bbox 1041 948 1086 1011; x_wconf 94' lang='lat' dir='ltr'>ut</span> <span class='ocrx_word' id='word_1_45' title='bbox 1113 939 1330 1036; x_wconf 81' lang='lat' dir='ltr'>exciperent</span> <span class='ocrx_word' id='word_1_46' title='bbox 1352 961 1420 1025; x_wconf 90' lang='lat' dir='ltr'>eun,</span> 
     </span>
    </p>

    <p class='ocr_par' dir='ltr' id='par_1_6' title="bbox 197 1048 1421 1148">
     <span class='ocr_line' id='line_1_7' title="bbox 197 1048 1421 1148; baseline -0.003 -24"><span class='ocrx_word' id='word_1_47' title='bbox 197 1048 295 1124; x_wconf 92' lang='lat' dir='ltr'>haud</span> <span class='ocrx_word' id='word_1_48' title='bbox 326 1050 451 1146; x_wconf 89' lang='lat' dir='ltr'>procul</span> <span class='ocrx_word' id='word_1_49' title='bbox 476 1051 627 1141; x_wconf 83' lang='lat' dir='ltr'>nabent,</span> <span class='ocrx_word' id='word_1_50' title='bbox 666 1049 932 1148; x_wconf 86' lang='lat' dir='ltr'>apparebatque</span> <span class='ocrx_word' id='word_1_51' title='bbox 963 1073 1100 1145; x_wconf 89' lang='lat' dir='ltr'>anceps</span> <span class='ocrx_word' id='word_1_52' title='bbox 1134 1050 1338 1147; x_wconf 89' lang='lat' dir='ltr'>periculum</span> <span class='ocrx_word' id='word_1_53' title='bbox 1365 1058 1421 1120; x_wconf 86' lang='lat' dir='ltr'>tan</span> 
     </span>
    </p>

    <p class='ocr_par' dir='ltr' id='par_1_7' title="bbox 196 1158 1447 1369">
     <span class='ocr_line' id='line_1_8' title="bbox 197 1158 1447 1259; baseline -0.005 -23"><span class='ocrx_word' id='word_1_54' title='bbox 197 1161 363 1250; x_wconf 87' lang='lat' dir='ltr'>nataturi,</span> <span class='ocrx_word' id='word_1_55' title='bbox 390 1186 496 1256; x_wconf 89' lang='lat' dir='ltr'>quam</span> <span class='ocrx_word' id='word_1_56' title='bbox 522 1163 692 1259; x_wconf 81' lang='lat' dir='ltr'>navigare</span> <span class='ocrx_word' id='word_1_57' title='bbox 717 1160 986 1259; x_wconf 86' lang='lat' dir='ltr'>perseverantis.</span> <span class='ocrx_word' id='word_1_58' title='bbox 1037 1158 1140 1258; x_wconf 85' lang='lat' dir='ltr'>Ergo</span> <span class='ocrx_word' id='word_1_59' title='bbox 1168 1159 1310 1259; x_wconf 84' lang='lat' dir='ltr'>ingenti</span> <span class='ocrx_word' id='word_1_60' title='bbox 1335 1168 1447 1231; x_wconf 78' lang='lat' dir='ltr'>certa-1³</span> 
     </span>
     <span class='ocr_line' id='line_1_9' title="bbox 196 1270 1420 1369; baseline -0.006 -23"><span class='ocrx_word' id='word_1_61' title='bbox 196 1277 290 1346; x_wconf 91' lang='lat' dir='ltr'>mine</span> <span class='ocrx_word' id='word_1_62' title='bbox 317 1271 498 1344; x_wconf 84' lang='lat' dir='ltr'>concitant</span> <span class='ocrx_word' id='word_1_63' title='bbox 522 1298 655 1363; x_wconf 92' lang='lat' dir='ltr'>remos,</span> <span class='ocrx_word' id='word_1_64' title='bbox 693 1282 896 1369; x_wconf 79' lang='lat' dir='ltr'>quantaque</span> <span class='ocrx_word' id='word_1_65' title='bbox 922 1271 976 1343; x_wconf 90' lang='lat' dir='ltr'>vis</span> <span class='ocrx_word' id='word_1_66' title='bbox 1002 1270 1171 1344; x_wconf 89' lang='lat' dir='ltr'>humana</span> <span class='ocrx_word' id='word_1_67' title='bbox 1199 1296 1280 1345; x_wconf 90' lang='lat' dir='ltr'>esse</span> <span class='ocrx_word' id='word_1_68' title='bbox 1305 1278 1420 1368; x_wconf 84' lang='lat' dir='ltr'>poterat</span> 
     </span>
    </p>

    <p class='ocr_par' dir='ltr' id='par_1_8' title="bbox 197 1382 1418 1478">
     <span class='ocr_line' id='line_1_10' title="bbox 197 1382 1418 1478; baseline -0.007 -20"><span class='ocrx_word' id='word_1_69' title='bbox 197 1385 343 1458; x_wconf 87' lang='lat' dir='ltr'>admota</span> <span class='ocrx_word' id='word_1_70' title='bbox 369 1391 439 1472; x_wconf 87' lang='lat' dir='ltr'>est,</span> <span class='ocrx_word' id='word_1_71' title='bbox 466 1392 506 1454; x_wconf 90' lang='lat' dir='ltr'>ut</span> <span class='ocrx_word' id='word_1_72' title='bbox 531 1383 661 1455; x_wconf 85' lang='lat' dir='ltr'>fluctus</span> <span class='ocrx_word' id='word_1_73' title='bbox 668 1382 763 1478; x_wconf 86' lang='lat' dir='ltr'>,.qui</span> <span class='ocrx_word' id='word_1_74' title='bbox 790 1407 828 1455; x_wconf 90' lang='lat' dir='ltr'>se</span> <span class='ocrx_word' id='word_1_75' title='bbox 854 1382 1091 1472; x_wconf 86' lang='lat' dir='ltr'>invehebant,</span> <span class='ocrx_word' id='word_1_76' title='bbox 1129 1384 1418 1457; x_wconf 86' lang='lat' dir='ltr'>everberarentur.</span> 
     </span>
    </p>

    <p class='ocr_par' dir='ltr' id='par_1_9' title="bbox 196 1489 1445 1709">
     <span class='ocr_line' id='line_1_11' title="bbox 197 1489 1445 1592; baseline -0.007 -22"><span class='ocrx_word' id='word_1_77' title='bbox 197 1495 301 1570; x_wconf 88' lang='lat' dir='ltr'>Findi</span> <span class='ocrx_word' id='word_1_78' title='bbox 332 1492 496 1567; x_wconf 86' lang='lat' dir='ltr'>crederes</span> <span class='ocrx_word' id='word_1_79' title='bbox 528 1492 660 1585; x_wconf 89' lang='lat' dir='ltr'>undas,</span> <span class='ocrx_word' id='word_1_80' title='bbox 699 1503 735 1566; x_wconf 89' lang='lat' dir='ltr'>et</span> <span class='ocrx_word' id='word_1_81' title='bbox 770 1504 868 1566; x_wconf 87' lang='lat' dir='ltr'>retro</span> <span class='ocrx_word' id='word_1_82' title='bbox 907 1493 1068 1592; x_wconf 83' lang='lat' dir='ltr'>gurgites</span> <span class='ocrx_word' id='word_1_83' title='bbox 1109 1492 1255 1567; x_wconf 88' lang='lat' dir='ltr'>cedere.</span> <span class='ocrx_word' id='word_1_84' title='bbox 1309 1489 1418 1581; x_wconf 81' lang='lat' dir='ltr'>Quibus</span> <span class='ocrx_word' id='word_1_85' title='bbox 1429 1506 1445 1552; x_wconf 79' lang='lat'>1⁴</span> 
     </span>
     <span class='ocr_line' id='line_1_12' title="bbox 196 1600 1418 1709; baseline -0.01 -25"><span class='ocrx_word' id='word_1_86' title='bbox 196 1611 342 1684; x_wconf 85' lang='lat' dir='ltr'>tandem</span> <span class='ocrx_word' id='word_1_87' title='bbox 367 1605 470 1678; x_wconf 86' lang='lat' dir='ltr'>navis</span> <span class='ocrx_word' id='word_1_88' title='bbox 497 1615 636 1702; x_wconf 85' lang='lat' dir='ltr'>erepta,</span> <span class='ocrx_word' id='word_1_89' title='bbox 673 1630 746 1678; x_wconf 93' lang='lat' dir='ltr'>non</span> <span class='ocrx_word' id='word_1_90' title='bbox 772 1615 893 1677; x_wconf 88' lang='lat' dir='ltr'>tamen</span> <span class='ocrx_word' id='word_1_91' title='bbox 925 1605 1023 1709; x_wconf 81' lang='lat' dir='ltr'>ripae</span> <span class='ocrx_word' id='word_1_92' title='bbox 1051 1604 1283 1702; x_wconf 88' lang='lat' dir='ltr'>applicatur,</span> <span class='ocrx_word' id='word_1_93' title='bbox 1320 1600 1418 1676; x_wconf 90' lang='lat' dir='ltr'>sedin</span> 
     </span>
    </p>

    <p class='ocr_par' dir='ltr' id='par_1_10' title="bbox 196 1713 1418 1821">
     <span class='ocr_line' id='line_1_13' title="bbox 196 1713 1418 1821; baseline -0.007 -27"><span class='ocrx_word' id='word_1_94' title='bbox 196 1719 399 1821; x_wconf 87' lang='lat' dir='ltr'>proximum</span> <span class='ocrx_word' id='word_1_95' title='bbox 430 1714 564 1789; x_wconf 87' lang='lat' dir='ltr'>vadum</span> <span class='ocrx_word' id='word_1_96' title='bbox 594 1716 750 1788; x_wconf 88' lang='lat' dir='ltr'>illiditur.</span> <span class='ocrx_word' id='word_1_97' title='bbox 804 1714 894 1790; x_wconf 82' lang='lat' dir='ltr'>Cum</span> <span class='ocrx_word' id='word_1_98' title='bbox 925 1714 1021 1788; x_wconf 90' lang='lat' dir='ltr'>amni</span> <span class='ocrx_word' id='word_1_99' title='bbox 1055 1713 1202 1814; x_wconf 87' lang='lat' dir='ltr'>bellum</span> <span class='ocrx_word' id='word_1_100' title='bbox 1233 1714 1341 1788; x_wconf 87' lang='lat' dir='ltr'>fuisse</span> <span class='ocrx_word' id='word_1_101' title='bbox 1366 1737 1418 1786; x_wconf 88' lang='lat' dir='ltr'>cre</span> 
     </span>
    </p>

    <p class='ocr_par' dir='ltr' id='par_1_11' title="bbox 197 1824 1418 1926">
     <span class='ocr_line' id='line_1_14' title="bbox 197 1824 1418 1926; baseline -0.011 -18"><span class='ocrx_word' id='word_1_102' title='bbox 197 1835 309 1907; x_wconf 80' lang='lat' dir='ltr'>deres</span> <span class='ocrx_word' id='word_1_103' title='bbox 362 1825 459 1926; x_wconf 89' lang='lat' dir='ltr'>Ergo</span> <span class='ocrx_word' id='word_1_104' title='bbox 486 1828 555 1900; x_wconf 93' lang='lat' dir='ltr'>aris</span> <span class='ocrx_word' id='word_1_105' title='bbox 582 1853 648 1925; x_wconf 95' lang='lat' dir='ltr'>pro</span> <span class='ocrx_word' id='word_1_106' title='bbox 673 1851 822 1900; x_wconf 88' lang='lat' dir='ltr'>numero</span> <span class='ocrx_word' id='word_1_107' title='bbox 856 1828 1044 1901; x_wconf 89' lang='lat' dir='ltr'>fluminum</span> <span class='ocrx_word' id='word_1_108' title='bbox 1070 1825 1224 1923; x_wconf 90' lang='lat' dir='ltr'>positis,</span> <span class='ocrx_word' id='word_1_109' title='bbox 1262 1824 1418 1900; x_wconf 83' lang='lat' dir='ltr'>sacrificio</span> 
     </span>
    </p>

    <p class='ocr_par' dir='ltr' id='par_1_12' title="bbox 196 1939 853 2045">
     <span class='ocr_line' id='line_1_15' title="bbox 196 1939 853 2045; baseline -0.006 -27"><span class='ocrx_word' id='word_1_110' title='bbox 196 1972 264 2045; x_wconf 91' lang='lat' dir='ltr'>que</span> <span class='ocrx_word' id='word_1_111' title='bbox 290 1944 395 2030; x_wconf 82' lang='lat' dir='ltr'>facte,</span> <span class='ocrx_word' id='word_1_112' title='bbox 422 1965 502 2011; x_wconf 85' lang='lat' dir='ltr'>xxx</span> <span class='ocrx_word' id='word_1_113' title='bbox 529 1939 646 2011; x_wconf 86' lang='lat' dir='ltr'>stadia</span> <span class='ocrx_word' id='word_1_114' title='bbox 670 1940 853 2036; x_wconf 86' lang='lat' dir='ltr'>processit.</span> 
     </span>
    </p>

    <p class='ocr_par' dir='ltr' id='par_1_13' title="bbox 148 2046 1444 2709">
     <span class='ocr_line' id='line_1_16' title="bbox 148 2046 1444 2148; baseline -0.009 -16"><span class='ocrx_word' id='word_1_115' title='bbox 148 2062 193 2132; x_wconf 91' lang='grc'>16</span> <span class='ocrx_word' id='word_1_116' title='bbox 296 2056 385 2133; x_wconf 91' lang='lat' dir='ltr'>Inde</span> <span class='ocrx_word' id='word_1_117' title='bbox 411 2064 560 2131; x_wconf 86' lang='lat' dir='ltr'>ventum</span> <span class='ocrx_word' id='word_1_118' title='bbox 586 2051 703 2124; x_wconf 89' lang='lat' dir='ltr'>estin</span> <span class='ocrx_word' id='word_1_119' title='bbox 729 2051 910 2148; x_wconf 89' lang='lat' dir='ltr'>regionem</span> <span class='ocrx_word' id='word_1_120' title='bbox 937 2046 1225 2148; x_wconf 86' lang='lat' dir='ltr'>Oxydracarum</span> <span class='ocrx_word' id='word_1_121' title='bbox 1242 2047 1417 2123; x_wconf 87' lang='lat' dir='ltr'>Mallorum·</span> <span class='ocrx_word' id='word_1_122' title='bbox 1428 2058 1444 2108; x_wconf 75' lang='lat'>1⁵</span> 
     </span>
     <span class='ocr_line' id='line_1_17' title="bbox 197 2160 1417 2268; baseline -0.009 -27"><span class='ocrx_word' id='word_1_123' title='bbox 197 2195 275 2268; x_wconf 91' lang='lat' dir='ltr'>que,</span> <span class='ocrx_word' id='word_1_124' title='bbox 301 2194 390 2266; x_wconf 88' lang='lat' dir='ltr'>quos</span> <span class='ocrx_word' id='word_1_125' title='bbox 404 2167 491 2240; x_wconf 90' lang='lat' dir='ltr'>alias</span> <span class='ocrx_word' id='word_1_126' title='bbox 511 2163 644 2238; x_wconf 89' lang='lat' dir='ltr'>bellare</span> <span class='ocrx_word' id='word_1_127' title='bbox 663 2162 756 2234; x_wconf 87' lang='lat' dir='ltr'>inter</span> <span class='ocrx_word' id='word_1_128' title='bbox 782 2187 820 2234; x_wconf 90' lang='lat' dir='ltr'>se</span> <span class='ocrx_word' id='word_1_129' title='bbox 848 2162 969 2234; x_wconf 91' lang='lat' dir='ltr'>solitos</span> <span class='ocrx_word' id='word_1_130' title='bbox 996 2169 1085 2232; x_wconf 88' lang='lat' dir='ltr'>tunc</span> <span class='ocrx_word' id='word_1_131' title='bbox 1112 2161 1269 2258; x_wconf 88' lang='lat' dir='ltr'>periculi</span> <span class='ocrx_word' id='word_1_132' title='bbox 1293 2160 1417 2235; x_wconf 86' lang='lat' dir='ltr'>societas</span> 
     </span>
     <span class='ocr_line' id='line_1_18' title="bbox 196 2269 1417 2373; baseline -0.007 -20"><span class='ocrx_word' id='word_1_133' title='bbox 196 2282 372 2353; x_wconf 86' lang='lat' dir='ltr'>iunxerat.</span> <span class='ocrx_word' id='word_1_134' title='bbox 415 2276 620 2373; x_wconf 87' lang='lat' dir='ltr'>Nonaginta</span> <span class='ocrx_word' id='word_1_135' title='bbox 645 2273 740 2347; x_wconf 92' lang='lat' dir='ltr'>milia</span> <span class='ocrx_word' id='word_1_136' title='bbox 757 2273 933 2346; x_wconf 90' lang='lat' dir='ltr'>iuniorum</span> <span class='ocrx_word' id='word_1_137' title='bbox 959 2269 1124 2368; x_wconf 89' lang='lat' dir='ltr'>peditum</span> <span class='ocrx_word' id='word_1_138' title='bbox 1141 2271 1183 2343; x_wconf 93' lang='lat' dir='ltr'>in</span> <span class='ocrx_word' id='word_1_139' title='bbox 1203 2273 1314 2347; x_wconf 89' lang='lat' dir='ltr'>armis</span> <span class='ocrx_word' id='word_1_140' title='bbox 1331 2278 1417 2356; x_wconf 63' lang='lat' dir='ltr'>eram</span> 
     </span>
     <span class='ocr_line' id='line_1_19' title="bbox 195 2379 1443 2488; baseline -0.01 -26"><span class='ocrx_word' id='word_1_141' title='bbox 195 2402 338 2488; x_wconf 86' lang='lat' dir='ltr'>praeter</span> <span class='ocrx_word' id='word_1_142' title='bbox 363 2391 428 2462; x_wconf 89' lang='lat' dir='ltr'>hos</span> <span class='ocrx_word' id='word_1_143' title='bbox 456 2387 615 2483; x_wconf 84' lang='lat' dir='ltr'>equiturn</span> <span class='ocrx_word' id='word_1_144' title='bbox 639 2412 665 2458; x_wconf 85' lang='lat' dir='ltr'><strong>x</strong></span> <span class='ocrx_word' id='word_1_145' title='bbox 691 2386 796 2477; x_wconf 90' lang='lat' dir='ltr'>milia,</span> <span class='ocrx_word' id='word_1_146' title='bbox 822 2392 1097 2481; x_wconf 87' lang='lat' dir='ltr'>nongentaeque</span> <span class='ocrx_word' id='word_1_147' title='bbox 1127 2383 1339 2484; x_wconf 88' lang='lat' dir='ltr'>quadrigae.</span> <span class='ocrx_word' id='word_1_148' title='bbox 1381 2379 1417 2453; x_wconf 80' lang='lat' dir='ltr'>lt</span> <span class='ocrx_word' id='word_1_149' title='bbox 1427 2391 1443 2440; x_wconf 73' lang='lat'>1⁶</span> 
     </span>
     <span class='ocr_line' id='line_1_20' title="bbox 194 2493 1417 2599; baseline -0.007 -26"><span class='ocrx_word' id='word_1_150' title='bbox 194 2499 419 2590; x_wconf 86' lang='lat' dir='ltr'>Macedones,</span> <span class='ocrx_word' id='word_1_151' title='bbox 446 2498 505 2599; x_wconf 93' lang='lat' dir='ltr'>qui</span> <span class='ocrx_word' id='word_1_152' title='bbox 532 2498 627 2569; x_wconf 92' lang='lat' dir='ltr'>omni</span> <span class='ocrx_word' id='word_1_153' title='bbox 654 2497 853 2570; x_wconf 90' lang='lat' dir='ltr'>discrimine</span> <span class='ocrx_word' id='word_1_154' title='bbox 879 2495 949 2567; x_wconf 88' lang='lat' dir='ltr'>iam</span> <span class='ocrx_word' id='word_1_155' title='bbox 976 2493 1171 2567; x_wconf 79' lang='lat' dir='ltr'>defunctos</span> <span class='ocrx_word' id='word_1_156' title='bbox 1201 2520 1244 2569; x_wconf 90' lang='lat' dir='ltr'>se</span> <span class='ocrx_word' id='word_1_157' title='bbox 1270 2520 1347 2570; x_wconf 89' lang='lat' dir='ltr'>esse</span> <span class='ocrx_word' id='word_1_158' title='bbox 1366 2516 1417 2566; x_wconf 86' lang='lat' dir='ltr'>crc-</span> 
     </span>
     <span class='ocr_line' id='line_1_21' title="bbox 195 2605 1416 2709; baseline -0.006 -25"><span class='ocrx_word' id='word_1_159' title='bbox 195 2611 368 2702; x_wconf 89' lang='lat' dir='ltr'>diderant,</span> <span class='ocrx_word' id='word_1_160' title='bbox 394 2620 585 2709; x_wconf 86' lang='lat' dir='ltr'>postquam</span> <span class='ocrx_word' id='word_1_161' title='bbox 611 2609 788 2707; x_wconf 90' lang='lat' dir='ltr'>integrum</span> <span class='ocrx_word' id='word_1_162' title='bbox 814 2607 947 2680; x_wconf 90' lang='lat' dir='ltr'>bellum</span> <span class='ocrx_word' id='word_1_163' title='bbox 966 2630 1048 2677; x_wconf 88' lang='lat' dir='ltr'>cum</span> <span class='ocrx_word' id='word_1_164' title='bbox 1066 2606 1307 2681; x_wconf 85' lang='lat' dir='ltr'>ferocissimis</span> <span class='ocrx_word' id='word_1_165' title='bbox 1320 2605 1416 2680; x_wconf 81' lang='lat' dir='ltr'>Indiae</span> 
     </span>
    </p>
   </div>
   <div class='ocr_carea' id='block_1_3' title="bbox 194 2714 1442 2929">
    <p class='ocr_par' dir='ltr' id='par_1_14' title="bbox 194 2714 1442 2929">
     <span class='ocr_line' id='line_1_22' title="bbox 194 2714 1416 2823; baseline -0.007 -25"><span class='ocrx_word' id='word_1_166' title='bbox 194 2723 359 2823; x_wconf 89' lang='lat' dir='ltr'>gentibus</span> <span class='ocrx_word' id='word_1_167' title='bbox 400 2744 586 2819; x_wconf 89' lang='lat' dir='ltr'>superesse</span> <span class='ocrx_word' id='word_1_168' title='bbox 626 2728 886 2818; x_wconf 88' lang='lat' dir='ltr'>cognoverunt,</span> <span class='ocrx_word' id='word_1_169' title='bbox 932 2716 1130 2813; x_wconf 87' lang='lat' dir='ltr'>improviso</span> <span class='ocrx_word' id='word_1_170' title='bbox 1173 2730 1280 2793; x_wconf 86' lang='lat' dir='ltr'>metu</span> <span class='ocrx_word' id='word_1_171' title='bbox 1318 2714 1416 2803; x_wconf 76' lang='lat' dir='ltr'>territi,</span> 
     </span>
     <span class='ocr_line' id='line_1_23' title="bbox 194 2827 1442 2929; baseline -0.01 -19"><span class='ocrx_word' id='word_1_172' title='bbox 194 2862 317 2910; x_wconf 91' lang='lat' dir='ltr'>rursus</span> <span class='ocrx_word' id='word_1_173' title='bbox 344 2832 519 2908; x_wconf 86' lang='lat' dir='ltr'>seditiosis</span> <span class='ocrx_word' id='word_1_174' title='bbox 544 2831 692 2905; x_wconf 89' lang='lat' dir='ltr'>vocibus</span> <span class='ocrx_word' id='word_1_175' title='bbox 719 2856 840 2929; x_wconf 89' lang='lat' dir='ltr'>regem</span> <span class='ocrx_word' id='word_1_176' title='bbox 872 2830 1056 2927; x_wconf 87' lang='lat' dir='ltr'>increpare</span> <span class='ocrx_word' id='word_1_177' title='bbox 1088 2844 1315 2927; x_wconf 86' lang='lat' dir='ltr'>coeperunt:</span> <span class='ocrx_word' id='word_1_178' title='bbox 1347 2827 1442 2903; x_wconf 79' lang='lat' dir='ltr'>Gan-1¹</span> 
     </span>
    </p>
   </div>
   <div class='ocr_carea' id='block_1_4' title="bbox 190 3098 1458 4495">
    <p class='ocr_par' dir='ltr' id='par_1_15' title="bbox 190 3098 1458 4495">
     <span class='ocr_line' id='line_1_24' title="bbox 193 3098 1413 3173; baseline -0.007 -13"><span class='ocrx_word' id='word_1_179' title='bbox 193 3104 228 3160; x_wconf 81' lang='lat' dir='ltr'>tis</span> <span class='ocrx_word' id='word_1_180' title='bbox 241 3103 409 3171; x_wconf 79' lang='lat' dir='ltr'>editionibua,</span> <span class='ocrx_word' id='word_1_181' title='bbox 429 3112 475 3156; x_wconf 86' lang='lat' dir='ltr'>aut</span> <span class='ocrx_word' id='word_1_182' title='bbox 492 3103 605 3157; x_wconf 82' lang='lat' dir='ltr'>omnium</span> <span class='ocrx_word' id='word_1_183' title='bbox 621 3120 730 3173; x_wconf 88' lang='lat' dir='ltr'>prorsus</span> <span class='ocrx_word' id='word_1_184' title='bbox 744 3103 789 3156; x_wconf 90' lang='lat' dir='ltr'>de·</span> <span class='ocrx_word' id='word_1_185' title='bbox 861 3098 1071 3170; x_wconf 77' lang='lat' dir='ltr'>cap.1o,§.15.</span> <span class='ocrx_word' id='word_1_186' title='bbox 1108 3100 1140 3153; x_wconf 84' lang='lat' dir='ltr'>ia</span> <span class='ocrx_word' id='word_1_187' title='bbox 1158 3103 1299 3172; x_wconf 65' lang='lat' dir='ltr'>regionem</span> <span class='ocrx_word' id='word_1_188' title='bbox 1319 3100 1413 3170; x_wconf 63' lang='lat' dir='ltr'>aaut</span> 
     </span>
     <span class='ocr_line' id='line_1_25' title="bbox 192 3166 1413 3245; baseline -0.003 -17"><span class='ocrx_word' id='word_1_189' title='bbox 192 3183 242 3241; x_wconf 84' lang='lat' dir='ltr'>est,</span> <span class='ocrx_word' id='word_1_190' title='bbox 260 3175 287 3226; x_wconf 92' lang='lat' dir='ltr'>id</span> <span class='ocrx_word' id='word_1_191' title='bbox 305 3173 419 3245; x_wconf 90' lang='lat' dir='ltr'>quodin</span> <span class='ocrx_word' id='word_1_192' title='bbox 436 3171 609 3226; x_wconf 86' lang='lat' dir='ltr'>Flor.DFHI</span> <span class='ocrx_word' id='word_1_193' title='bbox 626 3171 790 3238; x_wconf 85' lang='lat' dir='ltr'>factumest,</span> <span class='ocrx_word' id='word_1_194' title='bbox 825 3171 925 3238; x_wconf 86' lang='lat' dir='ltr'>caram]</span> <span class='ocrx_word' id='word_1_195' title='bbox 962 3166 1007 3221; x_wconf 88' lang='lat' dir='ltr'>Sic</span> <span class='ocrx_word' id='word_1_196' title='bbox 1027 3167 1131 3237; x_wconf 86' lang='lat' dir='ltr'>primus</span> <span class='ocrx_word' id='word_1_197' title='bbox 1148 3169 1251 3226; x_wconf 86' lang='lat' dir='ltr'>Aldus.</span> <span class='ocrx_word' id='word_1_198' title='bbox 1287 3169 1355 3225; x_wconf 76' lang='lat' dir='ltr'>Nem</span> <span class='ocrx_word' id='word_1_199' title='bbox 1371 3178 1413 3244; x_wconf 49' lang='lat' dir='ltr'>m}</span> 
     </span>
     <span class='ocr_line' id='line_1_26' title="bbox 191 3237 1413 3308; baseline -0.005 -13"><span class='ocrx_word' id='word_1_200' title='bbox 191 3243 254 3296; x_wconf 85' lang='lat' dir='ltr'>item</span> <span class='ocrx_word' id='word_1_201' title='bbox 276 3242 303 3295; x_wconf 92' lang='lat' dir='ltr'>in</span> <span class='ocrx_word' id='word_1_202' title='bbox 325 3242 406 3295; x_wconf 85' lang='lat' dir='ltr'>Bora.</span> <span class='ocrx_word' id='word_1_203' title='bbox 424 3241 447 3295; x_wconf 93' lang='grc' dir='ltr'>Β</span> <span class='ocrx_word' id='word_1_204' title='bbox 466 3241 575 3294; x_wconf 65' lang='lat' dir='ltr'>vossi</span> <span class='ocrx_word' id='word_1_205' title='bbox 600 3240 657 3292; x_wconf 84' lang='lat' dir='ltr'>Pal.</span> <span class='ocrx_word' id='word_1_206' title='bbox 672 3247 695 3293; x_wconf 93' lang='lat'>1.</span> <span class='ocrx_word' id='word_1_207' title='bbox 729 3240 791 3294; x_wconf 85' lang='lat' dir='ltr'>Hoc</span> <span class='ocrx_word' id='word_1_208' title='bbox 824 3238 921 3308; x_wconf 87' lang='lat' dir='ltr'>ubique</span> <span class='ocrx_word' id='word_1_209' title='bbox 939 3237 1133 3290; x_wconf 82' lang='lat' dir='ltr'>Sudracarum.</span> <span class='ocrx_word' id='word_1_210' title='bbox 1161 3239 1286 3295; x_wconf 85' lang='lat' dir='ltr'>Videtur</span> <span class='ocrx_word' id='word_1_211' title='bbox 1303 3240 1351 3293; x_wconf 86' lang='lat' dir='ltr'>boc</span> <span class='ocrx_word' id='word_1_212' title='bbox 1365 3242 1413 3289; x_wconf 64' lang='lat' dir='ltr'>aab</span> 
     </span>
     <span class='ocr_line' id='line_1_27' title="bbox 191 3303 1413 3376; baseline -0.003 -11"><span class='ocrx_word' id='word_1_213' title='bbox 191 3311 299 3365; x_wconf 89' lang='lat' dir='ltr'>Modius</span> <span class='ocrx_word' id='word_1_214' title='bbox 317 3318 420 3363; x_wconf 80' lang='lat' dir='ltr'>secutus</span> <span class='ocrx_word' id='word_1_215' title='bbox 438 3318 496 3363; x_wconf 85' lang='lat' dir='ltr'>erat</span> <span class='ocrx_word' id='word_1_216' title='bbox 514 3309 541 3362; x_wconf 90' lang='lat' dir='ltr'>in</span> <span class='ocrx_word' id='word_1_217' title='bbox 559 3308 683 3363; x_wconf 83' lang='lat' dir='ltr'>editione.</span> <span class='ocrx_word' id='word_1_218' title='bbox 843 3306 976 3359; x_wconf 88' lang='lat' dir='ltr'>uissimum</span> <span class='ocrx_word' id='word_1_219' title='bbox 1001 3305 1131 3359; x_wconf 86' lang='lat' dir='ltr'>mondum</span> <span class='ocrx_word' id='word_1_220' title='bbox 1159 3323 1239 3376; x_wconf 84' lang='lat' dir='ltr'>esse,</span> <span class='ocrx_word' id='word_1_221' title='bbox 1272 3326 1333 3363; x_wconf 83' lang='lat' dir='ltr'>nam</span> <span class='ocrx_word' id='word_1_222' title='bbox 1355 3303 1413 3361; x_wconf 66' lang='lat' dir='ltr'>atim</span> 
     </span>
     <span class='ocr_line' id='line_1_28' title="bbox 226 3325 1412 3449; baseline -0.003 -19"><span class='ocrx_word' id='word_1_223' title='bbox 226 3380 409 3446; x_wconf 80' lang='lat' dir='ltr'>rapidissimos</span> <span class='ocrx_word' id='word_1_224' title='bbox 427 3379 545 3449; x_wconf 84' lang='lat' dir='ltr'>vertices]</span> <span class='ocrx_word' id='word_1_225' title='bbox 581 3378 650 3432; x_wconf 84' lang='lat' dir='ltr'>Edd.</span> <span class='ocrx_word' id='word_1_226' title='bbox 673 3379 788 3431; x_wconf 78' lang='lat' dir='ltr'>vortices.</span> <span class='ocrx_word' id='word_1_227' title='bbox 825 3325 937 3428; x_wconf 66' lang='lat' dir='ltr'>biodori</span> <span class='ocrx_word' id='word_1_228' title='bbox 962 3371 1064 3426; x_wconf 86' lang='lat' dir='ltr'>codices</span> <span class='ocrx_word' id='word_1_229' title='bbox 1092 3373 1182 3429; x_wconf 85' lang='lat' dir='ltr'>simile</span> <span class='ocrx_word' id='word_1_230' title='bbox 1211 3377 1281 3449; x_wconf 87' lang='lat' dir='ltr'>quid</span> <span class='ocrx_word' id='word_1_231' title='bbox 1310 3374 1412 3432; x_wconf 75' lang='lat' dir='ltr'>exhibant</span> 
     </span>
     <span class='ocr_line' id='line_1_29' title="bbox 191 3440 1411 3516; baseline 0.002 -17"><span class='ocrx_word' id='word_1_232' title='bbox 191 3446 260 3499; x_wconf 90' lang='lat' dir='ltr'>Vide</span> <span class='ocrx_word' id='word_1_233' title='bbox 278 3464 358 3516; x_wconf 85' lang='lat' dir='ltr'>supra</span> <span class='ocrx_word' id='word_1_234' title='bbox 374 3447 408 3499; x_wconf 86' lang='lat' dir='ltr'>ad</span> <span class='ocrx_word' id='word_1_235' title='bbox 425 3462 489 3514; x_wconf 84' lang='lat' dir='ltr'>vm,</span> <span class='ocrx_word' id='word_1_236' title='bbox 507 3453 540 3500; x_wconf 78' lang='lat'>45</span> <span class='ocrx_word' id='word_1_237' title='bbox 559 3454 628 3500; x_wconf 83' lang='lat' dir='ltr'>extr.</span> <span class='ocrx_word' id='word_1_238' title='bbox 825 3441 993 3516; x_wconf 73' lang='grc' dir='ltr'><strong>στρατεύσας</strong></span> <span class='ocrx_word' id='word_1_239' title='bbox 1011 3445 1290 3515; x_wconf 76' lang='grc' dir='ltr'><strong><em>ἐπὶΣυρακούσσαε.</em></strong></span> <span class='ocrx_word' id='word_1_240' title='bbox 1316 3440 1411 3515; x_wconf 69' lang='lat' dir='ltr'>Oxybfl·</span> 
     </span>
     <span class='ocr_line' id='line_1_30' title="bbox 226 3512 1412 3601; baseline -0.001 -17"><span class='ocrx_word' id='word_1_241' title='bbox 226 3539 247 3599; x_wconf 72' lang='lat'>5.</span> <span class='ocrx_word' id='word_1_242' title='bbox 259 3538 298 3586; x_wconf 80' lang='lat'>13.</span> <span class='ocrx_word' id='word_1_243' title='bbox 333 3533 377 3600; x_wconf 86' lang='lat' dir='ltr'>qai</span> <span class='ocrx_word' id='word_1_244' title='bbox 394 3549 422 3584; x_wconf 82' lang='lat' dir='ltr'>se</span> <span class='ocrx_word' id='word_1_245' title='bbox 439 3533 601 3601; x_wconf 77' lang='lat' dir='ltr'>invehebant]</span> <span class='ocrx_word' id='word_1_246' title='bbox 634 3531 678 3585; x_wconf 83' lang='lat' dir='ltr'>Sic</span> <span class='ocrx_word' id='word_1_247' title='bbox 690 3531 788 3600; x_wconf 90' lang='lat' dir='ltr'>primu</span> <span class='ocrx_word' id='word_1_248' title='bbox 825 3529 914 3567; x_wconf 59' lang='lat' dir='ltr'>casum</span> <span class='ocrx_word' id='word_1_249' title='bbox 934 3518 1023 3589; x_wconf 49' lang='lat' dir='ltr'>limen</span> <span class='ocrx_word' id='word_1_250' title='bbox 1045 3527 1140 3565; x_wconf 62' lang='lat' dir='ltr'>verum</span> <span class='ocrx_word' id='word_1_251' title='bbox 1159 3512 1213 3568; x_wconf 57' lang='lat' dir='ltr'>le·</span> <span class='ocrx_word' id='word_1_252' title='bbox 1234 3514 1364 3596; x_wconf 49' lang='grc' dir='ltr'>(ἕψω</span> <span class='ocrx_word' id='word_1_253' title='bbox 1379 3524 1412 3563; x_wconf 78' lang='lat'>¹¹⁰⁵</span> 
     </span>
     <span class='ocr_line' id='line_1_31' title="bbox 191 3575 1411 3670; baseline -0.001 -17"><span class='ocrx_word' id='word_1_254' title='bbox 191 3601 276 3654; x_wconf 86' lang='lat' dir='ltr'>Aldus</span> <span class='ocrx_word' id='word_1_255' title='bbox 294 3599 386 3666; x_wconf 90' lang='lat' dir='ltr'>edidit,</span> <span class='ocrx_word' id='word_1_256' title='bbox 405 3599 566 3670; x_wconf 85' lang='lat' dir='ltr'>antiquiores</span> <span class='ocrx_word' id='word_1_257' title='bbox 579 3599 648 3652; x_wconf 86' lang='lat' dir='ltr'>enirn</span> <span class='ocrx_word' id='word_1_258' title='bbox 661 3602 706 3669; x_wconf 86' lang='lat' dir='ltr'>qui</span> <span class='ocrx_word' id='word_1_259' title='bbox 720 3602 748 3651; x_wconf 83' lang='lat' dir='ltr'>ia</span> <span class='ocrx_word' id='word_1_260' title='bbox 761 3617 789 3653; x_wconf 79' lang='lat' dir='ltr'>se</span> <span class='ocrx_word' id='word_1_261' title='bbox 824 3597 884 3633; x_wconf 78' lang='lat'>¹¹¹⁰¹¹</span> <span class='ocrx_word' id='word_1_262' title='bbox 901 3580 1043 3642; x_wconf 58' lang='lat' dir='ltr'>Amanus*</span> <span class='ocrx_word' id='word_1_263' title='bbox 1062 3578 1177 3651; x_wconf 66' lang='lat' dir='ltr'>Slf⁸b⁰s</span> <span class='ocrx_word' id='word_1_264' title='bbox 1198 3583 1327 3652; x_wconf 58' lang='grc' dir='ltr'>ΟΜΝ,</span> <span class='ocrx_word' id='word_1_265' title='bbox 1343 3575 1411 3635; x_wconf 50' lang='grc' dir='ltr'>ΜΨ</span> 
     </span>
     <span class='ocr_line' id='line_1_32' title="bbox 191 3656 1097 3738; baseline -0.002 -16"><span class='ocrx_word' id='word_1_266' title='bbox 191 3670 353 3722; x_wconf 76' lang='lat' dir='ltr'>vehebantur.</span> <span class='ocrx_word' id='word_1_267' title='bbox 389 3667 473 3722; x_wconf 81' lang='lat' dir='ltr'>Codd.</span> <span class='ocrx_word' id='word_1_268' title='bbox 498 3667 618 3738; x_wconf 91' lang='lat' dir='ltr'>plerique</span> <span class='ocrx_word' id='word_1_269' title='bbox 642 3670 688 3738; x_wconf 83' lang='lat' dir='ltr'>qui</span> <span class='ocrx_word' id='word_1_270' title='bbox 711 3670 739 3720; x_wconf 86' lang='lat' dir='ltr'>ia</span> <span class='ocrx_word' id='word_1_271' title='bbox 761 3685 789 3720; x_wconf 82' lang='lat' dir='ltr'>se</span> <span class='ocrx_word' id='word_1_272' title='bbox 825 3658 924 3737; x_wconf 51' lang='grc' dir='ltr'>ΜΡΝ</span> <span class='ocrx_word' id='word_1_273' title='bbox 943 3656 1097 3729; x_wconf 51' lang='lat' dir='ltr'>simmia</span> 
     </span>
     <span class='ocr_line' id='line_1_33' title="bbox 191 3718 1410 3805; baseline -0.016 -15"><span class='ocrx_word' id='word_1_274' title='bbox 191 3738 322 3803; x_wconf 85' lang='lat' dir='ltr'>vebebaat,</span> <span class='ocrx_word' id='word_1_275' title='bbox 340 3736 385 3789; x_wconf 89' lang='lat' dir='ltr'>sed</span> <span class='ocrx_word' id='word_1_276' title='bbox 403 3744 464 3789; x_wconf 88' lang='lat' dir='ltr'>sunt</span> <span class='ocrx_word' id='word_1_277' title='bbox 481 3747 570 3789; x_wconf 80' lang='lat' dir='ltr'>tamen</span> <span class='ocrx_word' id='word_1_278' title='bbox 587 3736 632 3805; x_wconf 90' lang='lat' dir='ltr'>qui</span> <span class='ocrx_word' id='word_1_279' title='bbox 651 3753 710 3789; x_wconf 94' lang='lat' dir='ltr'>cum</span> <span class='ocrx_word' id='word_1_280' title='bbox 719 3736 790 3789; x_wconf 87' lang='lat' dir='ltr'>Aldo</span> <span class='ocrx_word' id='word_1_281' title='bbox 857 3718 1128 3805; x_wconf 49' lang='lat' dir='ltr'>AOMHWPWQ]</span> <span class='ocrx_word' id='word_1_282' title='bbox 1159 3718 1243 3797; x_wconf 55' lang='lat' dir='ltr'>Q·</span> <span class='ocrx_word' id='word_1_283' title='bbox 1272 3728 1302 3775; x_wconf 80' lang='lat' dir='ltr'>et</span> <span class='ocrx_word' id='word_1_284' title='bbox 1330 3723 1410 3802; x_wconf 52' lang='lat' dir='ltr'>vetefl</span> 
     </span>
     <span class='ocr_line' id='line_1_34' title="bbox 191 3794 1410 3871; baseline -0.003 -11"><span class='ocrx_word' id='word_1_285' title='bbox 191 3803 535 3860; x_wconf 73' lang='lat' dir='ltr'>consentiantl‘lorDFGl.</span> <span class='ocrx_word' id='word_1_286' title='bbox 545 3803 790 3858; x_wconf 81' lang='lat' dir='ltr'>Heinsiuscorrexit</span> <span class='ocrx_word' id='word_1_287' title='bbox 824 3794 883 3846; x_wconf 62' lang='lat' dir='ltr'>edd·</span> <span class='ocrx_word' id='word_1_288' title='bbox 893 3809 981 3845; x_wconf 64' lang='lat' dir='ltr'>”Ovem</span> <span class='ocrx_word' id='word_1_289' title='bbox 995 3795 1072 3845; x_wconf 64' lang='lat' dir='ltr'>&#39;mlta</span> <span class='ocrx_word' id='word_1_290' title='bbox 1087 3811 1148 3847; x_wconf 74' lang='lat' dir='ltr'>³1V0</span> <span class='ocrx_word' id='word_1_291' title='bbox 1160 3810 1234 3851; x_wconf 82' lang='lat' dir='ltr'>vnn</span> <span class='ocrx_word' id='word_1_292' title='bbox 1248 3795 1342 3869; x_wconf 63' lang='lat' dir='ltr'>purtim</span> <span class='ocrx_word' id='word_1_293' title='bbox 1352 3800 1410 3871; x_wconf 64' lang='lat'>⁰2!</span> 
     </span>
     <span class='ocr_line' id='line_1_35' title="bbox 191 3867 1409 3939; baseline -0.005 -12"><span class='ocrx_word' id='word_1_294' title='bbox 191 3875 376 3939; x_wconf 81' lang='lat' dir='ltr'>insaeviebant,</span> <span class='ocrx_word' id='word_1_295' title='bbox 395 3873 529 3926; x_wconf 86' lang='lat' dir='ltr'>sententia</span> <span class='ocrx_word' id='word_1_296' title='bbox 546 3871 621 3924; x_wconf 90' lang='lat' dir='ltr'>nimis</span> <span class='ocrx_word' id='word_1_297' title='bbox 638 3873 700 3926; x_wconf 87' lang='lat' dir='ltr'>lata.</span> <span class='ocrx_word' id='word_1_298' title='bbox 736 3872 790 3926; x_wconf 86' lang='lat' dir='ltr'>Sed</span> <span class='ocrx_word' id='word_1_299' title='bbox 825 3868 918 3933; x_wconf 83' lang='lat' dir='ltr'>(Pell</span> <span class='ocrx_word' id='word_1_300' title='bbox 933 3868 1004 3921; x_wconf 84' lang='lat' dir='ltr'>Flor.</span> <span class='ocrx_word' id='word_1_301' title='bbox 1015 3867 1055 3934; x_wconf 91' lang='lat' dir='ltr'>D)</span> <span class='ocrx_word' id='word_1_302' title='bbox 1074 3886 1130 3923; x_wconf 82' lang='lat' dir='ltr'>una</span> <span class='ocrx_word' id='word_1_303' title='bbox 1149 3870 1253 3928; x_wconf 77' lang='lat' dir='ltr'>lineola</span> <span class='ocrx_word' id='word_1_304' title='bbox 1269 3874 1351 3928; x_wconf 85' lang='lat' dir='ltr'>mium</span> <span class='ocrx_word' id='word_1_305' title='bbox 1364 3876 1409 3921; x_wconf 63' lang='lat' dir='ltr'>vul</span> 
     </span>
     <span class='ocr_line' id='line_1_36' title="bbox 190 3935 1458 4009; baseline -0.003 -14"><span class='ocrx_word' id='word_1_306' title='bbox 190 3942 270 3995; x_wconf 87' lang='lat' dir='ltr'>iidem</span> <span class='ocrx_word' id='word_1_307' title='bbox 292 3950 346 3995; x_wconf 84' lang='lat' dir='ltr'>tres</span> <span class='ocrx_word' id='word_1_308' title='bbox 367 3940 428 3994; x_wconf 89' lang='lat' dir='ltr'>libri</span> <span class='ocrx_word' id='word_1_309' title='bbox 442 3943 562 4009; x_wconf 76' lang='lat' dir='ltr'>findere,</span> <span class='ocrx_word' id='word_1_310' title='bbox 588 3939 662 3993; x_wconf 89' lang='lat' dir='ltr'>Flor.</span> <span class='ocrx_word' id='word_1_311' title='bbox 679 3940 702 3993; x_wconf 89' lang='lat' dir='ltr'><strong>F</strong></span> <span class='ocrx_word' id='word_1_312' title='bbox 719 3943 790 3994; x_wconf 82' lang='lat' dir='ltr'>scia·</span> <span class='ocrx_word' id='word_1_313' title='bbox 824 3938 920 4007; x_wconf 87' lang='lat' dir='ltr'>Itaque</span> <span class='ocrx_word' id='word_1_314' title='bbox 930 3949 988 3989; x_wconf 90' lang='lat' dir='ltr'>aum</span> <span class='ocrx_word' id='word_1_315' title='bbox 997 3935 1139 3991; x_wconf 86' lang='lat' dir='ltr'>Diodorus</span> <span class='ocrx_word' id='word_1_316' title='bbox 1151 3939 1274 3999; x_wconf 73' lang='grc' dir='ltr'>πλείους</span> <span class='ocrx_word' id='word_1_317' title='bbox 1282 3936 1409 3997; x_wconf 64' lang='lat' dir='ltr'>arbaim·</span> <span class='ocrx_word' id='word_1_318' title='bbox 1454 3980 1458 3997; x_wconf 88' lang='lat'>.</span> 
     </span>
     <span class='ocr_line' id='line_1_37' title="bbox 191 4010 1409 4081; baseline 0 -18"><span class='ocrx_word' id='word_1_319' title='bbox 191 4014 258 4074; x_wconf 83' lang='lat' dir='ltr'>dere,</span> <span class='ocrx_word' id='word_1_320' title='bbox 276 4010 352 4062; x_wconf 89' lang='lat' dir='ltr'>male.</span> <span class='ocrx_word' id='word_1_321' title='bbox 383 4010 451 4061; x_wconf 89' lang='lat' dir='ltr'>Tum</span> <span class='ocrx_word' id='word_1_322' title='bbox 469 4012 543 4078; x_wconf 80' lang='lat' dir='ltr'>ripae</span> <span class='ocrx_word' id='word_1_323' title='bbox 560 4011 711 4077; x_wconf 78' lang='lat' dir='ltr'>applicatur</span> <span class='ocrx_word' id='word_1_324' title='bbox 727 4026 788 4062; x_wconf 84' lang='lat' dir='ltr'>mss.</span> <span class='ocrx_word' id='word_1_325' title='bbox 825 4011 976 4077; x_wconf 75' lang='grc' dir='ltr'><em>κιεμυρίων</em></span> <span class='ocrx_word' id='word_1_326' title='bbox 1000 4014 1143 4075; x_wconf 87' lang='lat' dir='ltr'>numeret,</span> <span class='ocrx_word' id='word_1_327' title='bbox 1188 4018 1300 4081; x_wconf 80' lang='lat' dir='ltr'>poterat</span> <span class='ocrx_word' id='word_1_328' title='bbox 1324 4010 1409 4063; x_wconf 64' lang='lat' dir='ltr'>saw</span> 
     </span>
     <span class='ocr_line' id='line_1_38' title="bbox 191 4066 1408 4158; baseline 0.002 -27"><span class='ocrx_word' id='word_1_329' title='bbox 191 4093 291 4142; x_wconf 89' lang='lat' dir='ltr'>omnes,</span> <span class='ocrx_word' id='word_1_330' title='bbox 309 4077 373 4130; x_wconf 87' lang='lat' dir='ltr'>editi</span> <span class='ocrx_word' id='word_1_331' title='bbox 391 4080 582 4147; x_wconf 82' lang='lat' dir='ltr'>applicabatur.</span> <span class='ocrx_word' id='word_1_332' title='bbox 605 4144 611 4156; x_wconf 35' lang='lat'>⁸</span> <span class='ocrx_word' id='word_1_333' title='bbox 822 4074 894 4154; x_wconf 79' lang='lat' dir='ltr'>apud</span> <span class='ocrx_word' id='word_1_334' title='bbox 920 4071 1042 4153; x_wconf 57' lang='lat' dir='ltr'>Curtium</span> <span class='ocrx_word' id='word_1_335' title='bbox 1075 4079 1217 4158; x_wconf 64' lang='lat' dir='ltr'>octoqipta</span> <span class='ocrx_word' id='word_1_336' title='bbox 1248 4080 1324 4133; x_wconf 80' lang='lat' dir='ltr'>milia</span> <span class='ocrx_word' id='word_1_337' title='bbox 1345 4066 1408 4129; x_wconf 57' lang='lat' dir='ltr'>ubl·</span> 
     </span>
     <span class='ocr_line' id='line_1_39' title="bbox 190 4137 1408 4284; baseline -0.002 -19"><span class='ocrx_word' id='word_1_338' title='bbox 190 4144 788 4284; x_wconf 47' lang='lat' dir='ltr'>..taitsandrisitas&amp;tlt?</span> <span class='ocrx_word' id='word_1_339' title='bbox 822 4160 875 4281; x_wconf 67' lang='lat'>315:</span> <span class='ocrx_word' id='word_1_340' title='bbox 892 4137 1408 4272; x_wconf 52' lang='lat' dir='ltr'>ilimlaquiblbbalffii</span> 
     </span>
     <span class='ocr_line' id='line_1_40' title="bbox 190 4278 1408 4352; baseline -0.002 -19"><span class='ocrx_word' id='word_1_341' title='bbox 190 4279 299 4334; x_wconf 81' lang='lat' dir='ltr'>Vosal</span> <span class='ocrx_word' id='word_1_342' title='bbox 327 4281 399 4333; x_wconf 81' lang='lat' dir='ltr'>Flor.</span> <span class='ocrx_word' id='word_1_343' title='bbox 417 4283 466 4336; x_wconf 84' lang='lat' dir='ltr'>AB</span> <span class='ocrx_word' id='word_1_344' title='bbox 493 4282 641 4352; x_wconf 82' lang='lat' dir='ltr'>praebent,</span> <span class='ocrx_word' id='word_1_345' title='bbox 693 4300 787 4335; x_wconf 91' lang='lat' dir='ltr'>uorum</span> <span class='ocrx_word' id='word_1_346' title='bbox 822 4278 1001 4348; x_wconf 82' lang='lat' dir='ltr'>septingentos</span> <span class='ocrx_word' id='word_1_347' title='bbox 1019 4285 1129 4335; x_wconf 84' lang='lat' dir='ltr'>tantum</span> <span class='ocrx_word' id='word_1_348' title='bbox 1147 4300 1247 4340; x_wconf 72' lang='lat' dir='ltr'>cunm</span> <span class='ocrx_word' id='word_1_349' title='bbox 1263 4286 1348 4351; x_wconf 70' lang='lat' dir='ltr'>habat,</span> <span class='ocrx_word' id='word_1_350' title='bbox 1361 4278 1408 4333; x_wconf 71' lang='lat' dir='ltr'>Gu-</span> 
     </span>
     <span class='ocr_line' id='line_1_41' title="bbox 191 4299 1052 4423; baseline 0 -24"><span class='ocrx_word' id='word_1_351' title='bbox 191 4348 345 4401; x_wconf 66' lang='lat' dir='ltr'>securitate</span> <span class='ocrx_word' id='word_1_352' title='bbox 358 4356 417 4403; x_wconf 88' lang='lat' dir='ltr'>tuto</span> <span class='ocrx_word' id='word_1_353' title='bbox 429 4351 511 4423; x_wconf 88' lang='lat' dir='ltr'>recipi</span> <span class='ocrx_word' id='word_1_354' title='bbox 528 4349 623 4421; x_wconf 88' lang='lat' dir='ltr'>potuit.</span> <span class='ocrx_word' id='word_1_355' title='bbox 650 4299 785 4418; x_wconf 73' lang='lat' dir='ltr'>Cliadrv,</span> <span class='ocrx_word' id='word_1_356' title='bbox 821 4347 874 4401; x_wconf 86' lang='lat' dir='ltr'>tius</span> <span class='ocrx_word' id='word_1_357' title='bbox 891 4353 1052 4416; x_wconf 85' lang='lat' dir='ltr'>nongentos.</span> 
     </span>
     <span class='ocr_line' id='line_1_42' title="bbox 191 4407 1407 4495; baseline 0 -28"><span class='ocrx_word' id='word_1_358' title='bbox 191 4420 225 4467; x_wconf 78' lang='lat'>34</span> <span class='ocrx_word' id='word_1_359' title='bbox 241 4433 282 4483; x_wconf 77' lang='lat' dir='ltr'>pr.</span> <span class='ocrx_word' id='word_1_360' title='bbox 855 4417 929 4482; x_wconf 71' lang='lat' dir='ltr'>§.m</span> <span class='ocrx_word' id='word_1_361' title='bbox 967 4415 1082 4484; x_wconf 62' lang='lat' dir='ltr'>aenaea</span> <span class='ocrx_word' id='word_1_362' title='bbox 1101 4424 1225 4495; x_wconf 68' lang='lat' dir='ltr'>amnem]</span> <span class='ocrx_word' id='word_1_363' title='bbox 1256 4407 1407 4493; x_wconf 58' lang='lat' dir='ltr'>amati</span> 
     </span>
    </p>
   </div>
   <div class='ocr_carea' id='block_1_5' title="bbox 0 0 1468 5174">
    <p class='ocr_par' dir='ltr' id='par_1_16' title="bbox 0 0 1468 5174">
     <span class='ocr_line' id='line_1_43' title="bbox 0 0 1468 5174; baseline 0 3"><span class='ocrx_word' id='word_1_364' title='bbox 0 0 1468 5174; x_wconf 95' lang='lat' dir='ltr'> </span> 
     </span>
    </p>
   </div>
  </div>
 </body>
</html>
