2926 5174
470 321 519 370 un
547 318 674 371 anama
700 318 809 369 Anax
836 320 885 388 ιι,
912 318 954 366 ss.
1252 288 1323 375 1'37

105 504 206 576 nixam
232 513 304 575 est:
333 527 390 601 epo
413 502 509 593 enirn,
535 528 611 576 cant
635 502 774 575 Dareus
799 514 922 574 berum
947 516 1068 594 areret,
1103 503 1191 578 vicos
1217 507 1325 578 excin-

91 616 188 703 ideret,
213 613 381 686 clineentn
404 625 625 711 concerperet
632 670 641 705 ,
667 625 784 710 potens
809 613 877 687 neci
900 639 966 688 nen
991 640 1102 705 ernne;
1134 639 1223 688 ncnc
1247 641 1325 690 cero

108 853 197 908 cautior
220 854 303 908 nobis
327 854 442 924 cognitio
467 861 521 921 est,
544 853 581 908 sic
602 861 687 908 extat.
721 868 754 920 11,
773 860 798 918 2,
818 861 841 907 1.
876 855 948 909 Nam
970 855 1059 908 invitis
1086 856 1217 911 codicibus
1243 858 1323 910 carri·

108 923 158 975 Nan
195 922 303 1002 lerique
326 922 395 975 sicut
425 923 551 975 edidimus
577 923 686 990 habent,
721 922 800 1001 gandi
817 923 904 977 nullm
919 923 979 977 finis
996 923 1055 976 erit.
1089 927 1132 978 Ita
1149 925 1219 995 apud
1235 925 1322 978 Hora·

109 991 161 1060 pauci
175 941 324 1044 deterreres
344 991 426 1059 (Flor.
444 991 504 1060 GE)
526 993 597 1060 qnod
618 994 687 1044 soln-
720 999 788 1042 t1um
805 989 889 1044 Serm.
906 1007 943 1058 11,
962 999 992 1058 3,
1012 999 1061 1046 303
1081 993 1226 1046 abscissum
1244 1004 1322 1062 ceput

109 1069 187 1112 tense
211 1062 288 1112 curis
317 1077 435 1112 somnum
464 1077 491 1112 ce
509 1061 588 1122 isset,
619 1077 686 1113 unus
720 1066 872 1129 contempta
888 1060 1004 1123 omnium
1021 1060 1147 1113 librorum
1164 1061 1322 1114 auctoritate

108 1126 158 1180 llor.
173 1127 199 1179 Η
215 1146 279 1181 cum
297 1127 382 1180 Bern.
400 1128 423 1179 B
441 1135 467 1180 et
512 1133 595 1180 cest
618 1145 685 1181 sorn-
720 1127 799 1180 edera
815 1145 869 1181 non
887 1128 1019 1194 desinunt,
1038 1128 1099 1197 qnia
1112 1137 1192 1198 caput
1205 1129 1321 1182 abscindi

108 1197 257 1264 suscepisset
275 1196 351 1248 haud
368 1195 686 1250 dubieexemendationc.
720 1193 831 1248 dicatur.
867 1195 966 1260 Quidni
989 1196 1071 1266 igitur
1091 1196 1172 1249 etiam
1190 1199 1320 1250 exscissae

108 1261 177 1332 ltaque
192 1269 249 1317 'non
278 1262 392 1316 dubium
412 1271 469 1316 erat
490 1264 553 1334 quid
570 1265 685 1331 ederam,
719 1264 797 1317 arbes
814 1263 926 1317 scribere
935 1265 1042 1331 audent,
1055 1282 1114 1317 cnm
1127 1266 1263 1318 excindere
1275 1284 1320 1319 ar·

108 1348 149 1382 nan
162 1331 271 1384 Acidalii
289 1331 431 1397 indicium,
452 1340 539 1386 totum
560 1333 610 1386 hoc
627 1351 685 1386 ora-
720 1332 777 1397 bes,
801 1349 855 1384 non
880 1335 1011 1399 excidere,
1039 1332 1103 1403 quin
1123 1340 1197 1386 recte
1218 1332 1321 1387 dicatur

107 1399 163 1452 tionis
182 1417 286 1453 comma
313 1401 349 1453 ab
374 1399 562 1470 interpolatore
588 1401 685 1454 adscri-
719 1416 797 1453 nemo
815 1400 938 1454 dubitare
955 1401 1046 1470 possit.
1065 1401 1134 1455 Vide
1161 1401 1320 1471 Heusinger.

107 1474 160 1536 ptum
173 1485 238 1535 esse,
263 1467 305 1521 illi
328 1476 418 1538 potest
434 1469 573 1522 condonari
592 1471 685 1540 depra-
719 1469 753 1520 ad
772 1467 826 1522 Cic.
844 1469 877 1521 de
894 1470 937 1523 off.
957 1477 981 1536 1,
1000 1476 1032 1522 tt
1051 1478 1143 1524 contra
1155 1469 1320 1522 Bueneman-

107 1535 209 1588 radonem
225 1536 380 1590 editionum
392 1536 536 1607 principum
548 1538 684 1606 nescienti,
718 1554 782 1588 num
803 1537 838 1589 ad
858 1536 987 1604 Lactant,
1016 1546 1043 1604 1,
1072 1545 1104 1592 18
1132 1538 1319 1609 disputantem.

108 1620 140 1656 ucs
158 1605 222 1675 sequi
247 1623 308 1658 non
333 1622 476 1675 possumus.
518 1607 578 1660 Hoc
603 1625 685 1659 unum
718 1604 752 1657 Iu
769 1606 845 1658 codd.
862 1614 951 1659 autem
968 1624 1110 1726 nnupuam,
1128 1615 1255 1677 utsupra
1272 1625 1320 1661 nc·

108 1687 174 1725 noceo
183 1683 372 1742 perseveraret
389 1674 416 1725 in
432 1673 535 1744 optimis
551 1692 605 1727 non
618 1690 683 1740 esse,
719 1672 791 1739 tavi,
823 1691 938 1727 crassum
967 1673 1020 1726 istu
1069 1683 1097 1728 et
1130 1675 1320 1728 accumulatum

109 1739 139 1791 scd
155 1741 181 1794 ab
199 1741 274 1795 Aldc
303 1740 419 1811 primum
451 1759 497 1812 pro
524 1742 587 1796 clim
612 1743 683 1812 vulg.
719 1743 870 1795 exscindere
887 1750 971 1809 extat,
999 1743 1046 1795 sed
1068 1745 1203 1796 excindere
1230 1743 1320 1797 scribi·

109 1820 251 1876 assereret,
277 1811 354 1880 quod
372 1817 400 1862 at
415 1809 442 1861 in
458 1810 534 1863 codd.
551 1810 685 1864 invenitur
718 1814 772 1874 tur,
790 1825 824 1861 ex
840 1827 893 1888 qna
909 1827 939 1863 re
956 1811 1080 1881 quoniam
1097 1810 1188 1863 littera
1210 1831 1228 1863 n
1246 1811 1320 1865 tenui

109 1874 153 1939 (sire
166 1881 334 1931 adseveraret
352 1878 386 1930 de
403 1878 683 1932 nostrisinuncBern.
718 1874 815 1928 lineola
839 1877 1002 1946 significatur
1026 1878 1110 1948 magis
1133 1896 1212 1948 quarn
1233 1895 1265 1931 ex
1285 1880 1320 1932 ri·

109 1943 144 2009 A),
160 1945 255 1998 editum
279 1961 348 1998 esse.
383 1944 440 1999 Nec
460 1954 549 1999 tamen
566 1947 632 2000 illud
649 1964 684 2000 ex
718 1943 800 1997 mitur
817 1945 1012 2014 depravationis
1029 1945 1132 1999 occasio
1149 1946 1242 1999 oritur.
1292 1963 1320 1999 e·
1345 1984 1349 1992 -

109 2009 194 2080 ingenia
212 2015 259 2067 sed
279 2030 316 2066 ex
335 2012 410 2065 libris
427 2013 488 2067 alias
505 2015 590 2067 minus
608 2015 683 2069 nobis
718 2011 744 2064 ni
763 2029 806 2092 ue,
823 2020 854 2064 ιιι
871 2013 988 2067 breviter
1004 2014 1068 2084 quid
1085 2014 1148 2068 locis
1162 2014 1320 2085 scriptorum

109 2081 193 2146 probatis
209 2081 297 2148 dedit,
319 2080 471 2150 quibuscum
488 2082 558 2136 Flor.
576 2083 628 2137 ΕΗ
645 2084 683 2136 fa·
717 2030 820 2133 collatu
837 2088 866 2133 et
882 2082 1025 2161 exploratis
1043 2082 1184 2135 lectionum
1206 2082 1319 2136 varieta-

110 2144 163 2201 a'ut.
192 2151 313 2203 Miratur
335 2149 418 2218 igitur
437 2150 591 2218 Parmenio,
619 2152 684 2222 quid
717 2148 788 2201 tibus
806 2149 966 2202 intellexisse
988 2150 1051 2203 mihi
1072 2151 1162 2204 videar
1179 2167 1318 2222 exponam,

109 2211 152 2267 illud
171 2227 235 2272 esset
258 2218 336 2289 quod
362 2217 513 2272 Alexander
533 2220 633 2273 diceret
655 2236 683 2273 se
717 2218 856 2270 verborum
874 2220 1026 2271 abscindere
1035 2226 1064 2271 et
1073 2222 1209 2273 excindere
1217 2220 1319 2273 nullum

111 2283 156 2336 uris
172 2286 221 2339 iam
241 2302 305 2339 esse
323 2285 454 2340 solutum:
475 2288 526 2341 huc
548 2288 617 2358 regis
640 2304 682 2341 re-
717 2301 767 2354 agc
788 2285 911 2355 supinum
937 2287 1082 2340 abscissam
1107 2296 1154 2340 aut
1176 2290 1319 2341 exscissam

111 2364 200 2419 mosum
216 2355 352 2426 pertinet.
718 2369 774 2405 esse
795 2362 875 2423 puto,
902 2355 949 2407 aed
974 2371 1031 2408 essa
1056 2363 1160 2408 tantum
1177 2358 1319 2423 abscisum,

132 2429 207 2475 terram
219 2432 321 2488 ureret,
336 2423 406 2475 vicos
420 2424 575 2491 ascinderet]
593 2424 684 2494 Vulgo
718 2423 832 2475 excisam
849 2422 877 2476 in
894 2430 1006 2503 utraque
1021 2423 1211 2493 significatione
1224 2432 1252 2478 et
1261 2442 1319 2478 cae-

112 2492 175 2556 teras,
189 2492 236 2544 sed
253 2489 417 2559 singularam
433 2509 570 2544 numerum
587 2501 615 2546 et
632 2493 684 2546 mei
718 2490 797 2542 dandi
814 2497 843 2543 et
860 2491 971 2545 tollendi
988 2490 1043 2544 sive
1060 2492 1202 2546 scindendi.
1226 2494 1319 2563 Atque

113 2569 172 2610 emes
182 2568 208 2612 et
221 2556 456 2627 Snakenbmgiani
473 2560 609 2628 exhibent,
627 2560 683 2613 edi·
717 2558 767 2611 hoc
783 2575 842 2612 eam
859 2561 893 2612 cb
912 2577 1015 2613 musam
1024 2560 1061 2613 sic
1070 2562 1169 2614 factum
1178 2577 1234 2614 esse
1242 2569 1317 2631 puto,

113 2621 137 2674 dit
152 2627 221 2680 ctiam
247 2626 368 2680 Medius.
407 2626 510 2680 Deinde
536 2631 683 2682 excinderet
716 2627 788 2696 quod
805 2644 864 2680 cum
881 2628 971 2681 littera
988 2646 1001 2680 s
1019 2628 1061 2680 vel
1079 2629 1134 2682 sola
1151 2639 1229 2683 acuto
1242 2630 1318 2683 sibilo

113 2689 167 2759 (aire,
184 2697 252 2766 quod
274 2695 350 2748 idem
371 2703 424 2761 est,
451 2697 496 2747 sed
523 2696 682 2750 auctoritate
716 2695 945 2764 pronuntiaretur,
968 2696 1068 2775 duplex
1085 2696 1150 2749 illud
1168 2717 1181 2750 s
1200 2715 1253 2750 non
1271 2715 1317 2767 po-

112 2767 198 2815 teterum
222 2764 355 2816 librorum
385 2771 472 2829 caret,
507 2767 680 2830 exscinderet)
715 2770 786 2816 terat
811 2763 875 2817 satis
901 2764 1026 2830 discerm,
1053 2781 1121 2834 quae
1146 2766 1200 2817 fere
1226 2767 1317 2819 eadem

112 2825 197 2948 ffique
217 2849 325 2897 omncs,
350 2831 490 2884 deteriores
519 2833 602 2899 (Flor.
629 2833 682 2886 ΕΗ
715 2840 845 2884 causaest
858 2849 904 2885 cur
918 2840 1080 2902 apraesente
1092 2835 1200 2885 excinde
1217 2832 1317 2885 nullum

181 2900 214 2970 B)
231 2902 391 2963 incenderet,
409 2917 474 2952 unus
492 2907 596 2953 tantum
609 2902 680 2954 Flor.
714 2901 862 2969 perfectum
884 2902 970 2952 excidi
990 2899 1136 2966 invenitur,
1160 2901 1230 2971 quod
1251 2900 1318 2952 illud

114 2959 196 3034 cquae
208 2968 288 3037 vulgo
308 2967 398 3019 aditur
415 2970 549 3021 excideret.
581 2969 680 3040 Perpe-
714 2986 730 3020 a
753 2975 893 3038 praesente
916 2969 1006 3019 excido
1032 2967 1119 3036 potius
1147 2968 1317 3020 derivandum

114 3033 214 3088 balaac
227 3045 265 3088 est
282 3035 409 3099 varietas,
427 3036 524 3107 deque
537 3053 613 3091 nemo
626 3057 680 3092 non
714 3044 780 3089 erat.
817 3035 849 3086 In
866 3034 960 3088 ceteris
984 3042 1073 3086 autem
1099 3035 1185 3088 verbis
1209 3051 1317 3105 compo-

205 3103 306 3156 ticornm
341 3102 468 3172 scripsit,
490 3105 521 3157 cf.
553 3105 680 3176 imprimis
714 3104 770 3156 sitis
789 3105 966 3167 conscindere,
981 3104 1137 3168 discindere,
1145 3105 1317 3183 perscindere

136 3183 206 3220 rome.
225 3172 432 3236 ad·Liv.xa1V,
460 3177 475 3223 5
498 3180 527 3225 et
544 3173 678 3228 Drakenb.
709 3173 891 3241 proscindere,
901 3172 1049 3223 rescindere
1076 3170 1318 3241 articrpiaccnscis·
1355 3185 1371 3211 ⁶

115 3233 141 3284 ad
154 3233 227 3289 Silium
246 3239 306 3292 Ital.
330 3254 387 3304 xv,
411 3247 468 3294 473.
504 3240 557 3293 Sed
575 3250 680 3295 tantum
714 3189 1317 3320 sna,discissxscet.locumlabent,quiaprae-

113 3301 169 3355 aben
182 3312 207 3358 ut
221 3307 435 3361 annotationibus
448 3307 499 3360 suis
511 3308 680 3381 locorumque
714 3316 757 3361 ter
765 3307 914 3377 duplexsin
920 3307 1106 3360 terminatione
1111 3307 1209 3361 etiams
1217 3308 1318 3361 imtiala

110 3367 271 3428 laudationibus
288 3392 347 3429 rem
365 3376 397 3427 ad
412 3375 537 3446 liquidum
550 3380 680 3448 perduxe-
714 3378 834 3443 auditur,
853 3393 914 3428 usus
927 3383 1016 3428 autem
1030 3391 1064 3427 ex
1078 3375 1266 3445 significatione
1278 3377 1318 3430 ita

108 3437 153 3505 u'nt,
168 3449 194 3494 ut
208 3444 285 3495 valde
301 3459 394 3496 verear
410 3461 451 3511 ne,
469 3454 681 3515 quonunetam·
713 3448 828 3515 pendet,
854 3452 886 3497 ιιι
908 3463 933 3496 v.
955 3461 977 3497 c.
1001 3447 1149 3497 conscissas
1177 3445 1316 3511 scribatur,

107 3521 165 3582 quam
179 3512 315 3581 explorato
331 3519 450 3579 utuntur,
468 3513 495 3565 id
512 3515 628 3567 omnium
645 3515 680 3568 sit
714 3512 759 3566 ubi
783 3512 940 3581 significatio
967 3512 1101 3565 scindendi
1129 3531 1149 3567 s.
1179 3513 1317 3585 rumpendi

106 3577 289 3632 mcertissimnm.
326 3579 417 3633 Solent
434 3581 501 3632 enirn
519 3599 608 3635 omnes
625 3582 680 3635 fere
713 3581 792 3648 insit,
812 3583 931 3634 concisas
948 3580 993 3633 ubi
1011 3581 1144 3636 caedendi.
1180 3582 1267 3646 Quam
1284 3583 1318 3635 ad

107 3638 277 3700 Gronovianam
295 3648 449 3700 sententiam
466 3657 599 3718 repetere,
627 3651 679 3704 duo
712 3667 834 3702 normam
860 3649 882 3702 si
908 3649 1065 3718 scriptorum
1090 3649 1167 3703 locos
1188 3650 1317 3720 exegeris,

106 3723 146 3762 esse
163 3717 239 3768 verba
269 3715 298 3767 in
326 3716 472 3784 compositis
498 3717 678 3784 discernenda,
713 3719 785 3771 haud
802 3734 914 3786 paucos,
932 3726 964 3770 ut
981 3736 1051 3771 nunc
1068 3718 1140 3771 edita
1158 3718 1319 3788 exemplaria

106 3792 152 3854 tc
167 3784 304 3847 abscindo,
331 3784 437 3850 abscidi,
460 3786 614 3853 abscissum,
633 3789 679 3840 ab·
712 3796 785 3854 sunt,
805 3786 974 3856 corrigendos
992 3802 1048 3839 esse
1065 3804 1118 3838 non
1135 3787 1199 3839 mihi
1217 3788 1317 3849 credas,

107 3848 198 3902 scindere
214 3858 244 3903 et
262 3852 381 3918 abscIdo,
404 3853 514 3918 abscidi,
539 3856 677 3922 abscisum,
713 3855 759 3907 sed
781 3853 833 3935 ipsi
858 3853 972 3909 veritati.
1017 3859 1113 3924 ltaque
1145 3855 1220 3907 facile
1248 3853 1318 3922 apud

107 3912 222 3985 abscidere,
240 3919 316 3988 quod
333 3921 403 3987 quasi
418 3921 594 3995 παράδειγμα
610 3923 678 3976 Dra·
714 3922 769 3977 cie.
787 3941 816 3976 m
834 3922 911 3976 Verr.
921 3938 964 3988 111,
983 3929 1015 3975 23
1035 3941 1091 3974 cant
1104 3925 1205 3991 papnis
1223 3931 1247 3973 et
1264 3922 1319 3972 cala

107 3975 164 4036 inb.
183 3985 199 4040 l.
219 3987 238 4038 l.
257 3984 373 4038 adhibet.
406 3988 464 4053 Quo
485 3991 505 4043 si
528 3992 577 4045 hoc
593 3991 679 4045 voluit
713 3993 786 4046 cibas
806 3994 924 4044 concisus
943 4001 1010 4044 esset
1030 3990 1129 4042 scribas
1153 4007 1212 4042 cum
1234 3987 1319 4040 Gara·

108 4045 278 4119 demonstrare,
296 4053 389 4107 ubicun
405 4058 444 4110 uei
462 4077 480 4111 n
514 4060 678 4113 raesentibns
712 4062 797 4127 tonio,
817 4067 846 4112 et
863 4061 933 4130 apud
951 4060 1028 4111 eund.
1046 4058 1092 4109 lib.
1111 4063 1123 4108 1
1144 4059 1178 4109 de
1195 4055 1274 4109 divin.
1286 4063 1317 4108 17

110 4115 235 4200 abscindere
254 4128 289 4200 et
305 4120 334 4172 in
349 4073 462 4191 periectis
479 4078 590 4181 discidit
608 4127 678 4180 dice·
713 4139 794 4184 rotent
812 4131 940 4181 novacula
958 4144 1014 4180 esse
1032 4127 1158 4178 disciscm
1176 4143 1235 4178 cum
1248 4124 1318 4176 Hot-

110 4191 173 4253 ΝΜ,
193 4191 231 4242 1b¹
253 4206 284 4240 1¹1
305 4189 434 4261 participio
463 4211 518 4248 esse
544 4198 677 4250 abscissas
712 4196 829 4267 tingere,
843 4196 892 4249 atsi
910 4195 994 4249 lcxica
1011 4194 1117 4263 quidem
1135 4194 1246 4246 verbum
1264 4194 1319 4244 dis-

112 4247 193 4334 dena,
215 4263 312 4326 aperte
330 4260 501 4326 quodfalsum
518 4273 559 4317 est
576 4265 676 4331 docuit,
713 4268 801 4319 cidere
832 4264 970 4334 ignorant,
1002 4264 1047 4315 sed
1076 4262 1139 4313 hacc
1176 4261 1319 4314 secundum

113 4330 204 4393 qttmus
226 4323 329 4402 multos
353 4335 463 4403 auctores
489 4332 585 4385 habeat
607 4332 678 4385 inter
713 4333 843 4388 editiones
861 4333 1018 4403 scriptorum
1042 4337 1234 4399 componuntur
1254 4343 1318 4397 qua-

113 4395 161 4440 mas
175 4391 275 4458 doctos,
294 4395 412 4460 imprimis
420 4397 553 4452 Dukcmm
562 4402 597 4454 ad
605 4401 677 4454 Flor.
712 4419 771 4455 rum
789 4401 994 4455 inconstantiam
1015 4415 1092 4451 nemo
1117 4406 1160 4451 est
1186 4397 1250 4468 quin
1273 4396 1318 4446 dc-
