2926 5174
417 286 465 337 nn
490 285 618 338 cssrrs
643 287 751 340 snex.
779 292 829 360 111,
857 290 901 339 rr.
1234 281 1282 354 39

38 471 95 560 bat,
120 465 314 541 Craterus
344 477 385 540 et
407 464 595 541 Parmenio
622 482 739 562 erant,
766 458 831 547 sed
859 472 1028 551 Craterus
1055 477 1284 558 Parmenioni

35 604 146 679 parere
182 579 333 651 iussus.
388 574 532 674 Equites
559 579 606 653 ab
632 591 785 679 utroque
818 610 930 660 cornu
954 589 1077 663 locati:
1112 591 1283 669 dextmm

34 689 244 763 Macedones
276 688 464 761 Thessalis
492 687 660 782 adiuncti,
686 694 830 769 laevum
856 697 1108 797 Peloponnesii
1134 704 1284 778 tueban-

10 812 92 875 stur.
141 801 251 873 Ante
282 801 387 872 hano
411 798 522 870 aciem
548 814 721 898 posuerat
746 807 968 882 funditorum
993 836 1148 904 manum,
1176 815 1283 913 sagit·

34 913 119 985 tariis
144 911 352 985 admixtis.
404 908 560 984 Thraces
588 938 730 1010 quoque
757 928 794 990 et
822 915 1010 994 Cretenses
1042 934 1126 996 ante
1153 949 1283 1023 agmen

10 1025 128 1114 libant,
154 1033 194 1096 et
223 1021 309 1120 ipsi
337 1021 464 1093 leviter
491 1023 628 1108 armati,
681 1024 830 1120 Athis,
866 1031 927 1127 qui
952 1033 1137 1130 praemissi
1164 1059 1186 1107 a
1211 1033 1283 1108 Da·

32 1159 86 1208 reo
107 1134 238 1232 iugum
268 1132 413 1205 montis
438 1130 654 1224 insederant,
681 1133 860 1234 Agrianos
888 1144 1070 1239 opposuit,
1097 1169 1145 1218 ex
1172 1142 1281 1221 Grae·

35 1247 83 1317 oia
111 1269 228 1342 nuper
272 1242 465 1319 advectos.
532 1244 764 1320 Parmenioni
800 1259 920 1322 autem
954 1266 1205 1352 praeceperat,
1241 1267 1284 1330 ut

40 1367 210 1452 quantum·
229 1365 390 1454 posset,
423 1380 549 1454 agmen
582 1355 630 1429 ad
655 1382 753 1430 mare
780 1359 1008 1454 extenderet3
1045 1390 1116 1461 quo
1142 1367 1284 1463 longius

10 1484 26 1530 .1
43 1468 162 1540 abesset
186 1467 301 1540 acies
333 1468 524 1559 montibus,
552 1492 643 1566 quos
671 1482 936 1567 occupaverant
960 1473 1114 1547 barbari.
1155 1475 1207 1549 At
1233 1476 1285 1549 illi

37 1603 132 1674 neque
178 1579 353 1652 obstare
391 1579 631 1669 venientibus,
671 1604 739 1653 nec
779 1582 961 1655 circumire
998 1596 1283 1684 praetergressos

33 1690 103 1782 ausi,
127 1687 381 1762 funditorum
405 1690 558 1763 maxime
584 1701 733 1787 aspectu
758 1693 873 1765 territi
891 1694 1142 1792 profugerant:
1170 1722 1284 1794 eaque

30 1825 76 1874 res
96 1797 337 1875 Alexandro
373 1809 489 1873 tutum
520 1801 672 1899 agminis
703 1803 817 1893 latus,
853 1802 950 1900 quod
980 1830 1027 1878 ne
1053 1832 1207 1904 superne
1232 1808 1284 1879 in·

10 1920 225 1985 ccesseretur
258 1910 449 2002 timuerat,
474 1912 664 2009 praestitit.
713 1912 875 2011 Triginta
901 1924 939 1987 et
964 1912 1037 1987 duo
1064 1926 1285 1988 armatorum

30 2113 117 2182 agmina
136 2113 307 2166 ducebant.
342 2109 379 2162 Iis
396 2112 560 2183 praepositus
580 2113 647 2167 Ora·
682 2112 918 2179 meninLeidensi,
938 2111 1162 2184 siSnalrenburgii
1181 2112 1287 2168 silentio

30 2187 96 2248 cerus,
111 2181 169 2236 toti
189 2180 320 2235 sinistro
339 2194 422 2232 cornu
434 2181 582 2236 Parmenio.
601 2181 647 2234 Sic
682 2183 747 2235 fides
765 2182 895 2234 habenda.
922 2180 976 2234 Sed
993 2200 1028 2235 ne
1045 2182 1082 2236 sie
1101 2183 1207 2252 quidem
1224 2189 1286 2234 tan-

29 2250 143 2304 Arrianus
162 2265 201 2317 11,
226 2255 256 2302 8.
683 2258 728 2303 tae
751 2251 827 2304 codd.
847 2249 1010 2303 consensioni
1035 2250 1181 2317 restiteris,
1207 2265 1286 2319 prae·

59 2319 193 2373 llessalis
216 2318 367 2383 adiuncti]
402 2315 446 2370 Sic
468 2321 543 2374 codd.
562 2317 647 2372 nostri
683 2319 773 2372 sertim
783 2335 843 2377 omn
852 2326 973 2371 accurato
987 2319 1187 2388 interpretando
1200 2317 1284 2371 omnis

31 2393 54 2438 et
67 2386 204 2441 Snakenb.
227 2400 344 2439 omnes.
380 2385 462 2440 Aldus
479 2388 579 2457 primus
598 2390 647 2439 ad·
683 2386 862 2441 abundantiae
892 2386 1004 2455 asspicio
1036 2386 1164 2440 removeri
1190 2386 1283 2456 possit.

31 2456 111 2509 ironis
130 2454 284 2521 correxit,
319 2470 388 2522 quae
409 2457 519 2524 posthac
536 2455 648 2524 vulgata
682 2455 754 2508 Nam
762 2461 937 2525 praeceperat
947 2453 1282 2533 AlexanderParmenioni,

31 2522 91 2577 lacta
105 2533 157 2593 est,
177 2522 326 2578 nimirum
344 2529 426 2588 ratus,
445 2540 504 2576 cum
518 2525 647 2576 Macedo-
682 2532 713 2577 ut
730 2522 901 2593 ingrediendo
915 2523 1044 2591 paulatim
1061 2522 1208 2575 exercitum
1216 2539 1284 2574 man

31 2608 69 2671 nes
84 2601 109 2673 et
125 2595 227 2715 plures
249 2599 290 2712 ed
304 2590 423 2660 potiores
440 2600 536 2672 essent,
554 2592 585 2644 iis
601 2592 647 2643 ad-
682 2593 842 2710 admpivemt,
862 2606 914 2660 quc
931 2589 1099 2663 longinquius
1116 2608 1133 2644 a
1150 2589 1285 2644 montibus

32 2662 648 2796 rppgeqsqlipssnlossedecseppfppprnppsqsereoffi
682 2674 739 2795 cog.
760 2675 824 2779 ἔξω
825 2666 929 2779 illatore
946 2730 1117 2847 venientibus]
1150 2725 1285 2780 Florenti·
1311 2784 1313 2788 ,

33 2797 94 2850 aliud
116 2799 213 2851 dicere
244 2794 358 2861 voluit,
395 2812 473 2874 quam
499 2803 648 2847 extremum
680 2813 776 2848 norum
794 2796 870 2848 codd.
888 2795 985 2862 nullus,
1003 2803 1034 2848 ut
1051 2795 1099 2848 Lei
1119 2836 1125 2847 .
1143 2799 1282 2847 etVoss.l

35 2881 105 2918 cornu
128 2868 270 2920 dextrum
301 2861 450 2916 obtinuisse
475 2864 646 2928 Macedones,
682 2863 779 2933 aliique
798 2865 896 2916 habere
914 2863 1045 2930 dicuntur,
1064 2866 1192 2916 venientes
1205 2878 1285 2932 prae·

35 2932 106 2986 iisue
120 2934 272 3005 proximos
294 2930 380 2983 fuisse
398 2931 543 2985 Thessalos.
682 2932 742 2997 bot3
770 2932 817 2983 sed
834 2931 858 2982 B
877 2933 1011 2996 venientis,
1038 2930 1144 3000 plurimi
1162 2930 1283 2996 venienti,

88 3003 264 3070 eloponnesir]
309 2998 425 3052 Variant
449 3001 524 3053 codd.
543 2999 571 3051 in
596 2998 647 3050 hoc
682 2998 786 3052 unusC
806 2998 852 3067 qui
868 2998 939 3051 inter
956 2998 1075 3051 meliores
1093 3006 1122 3050 et
1139 2998 1284 3051 deteriores

41 3069 147 3135 nomine,
170 3071 221 3124 sed
240 3066 377 3122 meliores
394 3067 473 3120 Bern.
490 3069 517 3120 A
533 3067 605 3120 Flor.
623 3066 647 3118 B
682 3066 777 3133 variat,
796 3065 837 3118 uti
853 3066 925 3134 vulg.
943 3067 1110 3118 venientibus.

43 3134 108 3190 leid
130 3139 210 3193 Voss.
229 3146 264 3204 1,
300 3152 463 3204 quamquam
485 3151 525 3202 1v,
551 3140 594 3201 50,
613 3140 646 3187 29
717 3144 824 3203 aspectu
841 3136 927 3186 territi
938 3135 1124 3203 prrffuqerant]
1144 3131 1189 3184 Sic
1208 3131 1284 3185 codd.

43 3205 111 3258 etiem
132 3223 165 3260 ex
186 3205 230 3260 his
257 3206 298 3258 de
324 3202 396 3271 vulg.
413 3204 648 3274 Peloponnensium
682 3203 766 3257 nostri
783 3218 886 3269 omnes,
913 3218 1000 3271 neque
1018 3199 1096 3253 aliter
1107 3216 1201 3257 sensus
1221 3216 1285 3252 con·

38 3272 94 3326 nihil
108 3283 258 3340 enotstur,
280 3270 423 3324 exhibent
446 3280 536 3325 tamen
558 3278 586 3324 et
604 3271 648 3322 hio
682 3280 745 3325 stat.
776 3271 866 3340 Vulgo
878 3274 1054 3341 prtifnqerunl
1072 3270 1164 3322 territi.
1200 3267 1285 3320 Iidem

36 3342 214 3412 Pelqnonensi,
237 3349 273 3394 et
293 3353 351 3405 vn,
362 3346 386 3406 9,
397 3347 429 3393 32
447 3341 646 3409 Peloponensn-
681 3340 762 3411 paulo
795 3347 856 3410 post
881 3347 985 3392 mutato
1011 3336 1102 3392 ordine
1129 3338 1284 3390 Alexandro

34 3428 81 3464 run
102 3431 152 3482 pro
179 3411 269 3480 vulg.
291 3407 539 3475 Peloponnensium.
576 3407 647 3460 Sori-
682 3420 772 3475 tntum,
791 3408 871 3477 vulgo
889 3418 935 3461 tut.
953 3409 1030 3461 Alea.

33 3478 133 3534 mudum
149 3480 251 3551 igitur
260 3477 460 3543 Peloponnesii,
480 3493 548 3546 quae
565 3476 648 3528 forma
718 3481 740 3546 ς.
760 3483 800 3529 12.
824 3478 934 3546 triginta
953 3487 976 3528 et
994 3479 1045 3529 dno
1063 3486 1223 3530 armatorum
1241 3491 1285 3527 or·

31 3549 123 3603 otimis
141 3548 202 3602 scri
227 3543 346 3598 toribus
368 3543 488 3598 usitatior
510 3552 551 3596 est
570 3561 650 3612 quam
684 3548 758 3598 dines
775 3546 848 3597 ibant
866 3548 926 3613 cet]
953 3545 1055 3598 Locum
1072 3544 1135 3598 olim
1153 3543 1285 3612 corrigere

51 3625 102 3670 tera
117 3618 168 3670 illa
221 3616 428 3681 eloponnenses.
463 3613 543 3677 Quod
560 3619 650 3664 autem
683 3620 895 3683 temptaveram,
922 3630 993 3667 nunc
1018 3613 1114 3693 reliqui
1140 3620 1171 3665 ut
1197 3610 1285 3664 estin

31 3685 129 3740 nlitera
148 3684 290 3756 primum
311 3679 479 3760 detrahitur,
491 3681 586 3733 deinde
604 3680 650 3731 ad·
683 3680 835 3751 vulgaribus
853 3681 1019 3747 editionibus,
1039 3699 1101 3753 qma
1118 3680 1224 3733 difficile
1233 3679 1285 3732 fuit

32 3752 89 3807 ditur
102 3756 170 3808 loco
198 3766 268 3805 non
296 3763 360 3812 suo,
385 3747 549 3801 librariorum
566 3747 649 3801 errori
684 3749 719 3802 ali
739 3749 784 3802 uid
803 3750 874 3818 quod
890 3750 1052 3820 probabilius
1070 3758 1140 3802 esset
1157 3746 1284 3800 invenire.

32 3821 198 3876 tribuendum
220 3823 286 3869 est:
310 3812 406 3867 Graeci
415 3824 488 3870 certe
496 3823 650 3869 constanter
685 3817 706 3871 C
743 3819 768 3869 d.
787 3825 877 3870 autem
900 3836 960 3871 mss.
987 3821 1079 3871 laxare
1103 3834 1135 3870 se
1153 3825 1182 3869 et
1208 3817 1285 3867 sinas

30 3887 113 3958 duplex
133 3910 155 3943 n
177 3883 376 3949 conitmguut.
683 3887 794 3952 habent;
821 3885 886 3938 item
901 3888 1025 3954 pluribus
1052 3885 1171 3938 ordine
1198 3880 1285 3949 (Leid.

56 3960 75 4024 §.
86 3967 124 4013 10.
147 3965 182 4010 at
205 3954 258 4006 nis
281 3950 341 4017 qui]
361 3949 495 4021 Quidquid
513 3958 553 4003 est
573 3951 649 4004 codd.
684 3955 790 4020 ordini)
808 3955 938 4021 incedere;
966 3971 1033 4006 unus
1051 3952 1121 4006 Flor.
1142 3952 1164 4005 C
1183 3950 1286 4003 ordini-

30 4035 143 4080 scnnate
176 4021 361 4076 collatorum
385 4020 425 4071 lis
469 4037 498 4072 ro
515 4019 560 4070 vul
581 4059 586 4069 .
605 4020 649 4086 iis,
686 4023 741 4074 bus.
775 4021 903 4075 Ordinem
920 4022 1061 4074 verborum
1079 4023 1171 4072 locere
1189 4034 1216 4070 se
1234 4034 1285 4096 pro

31 4106 83 4147 mus
98 4095 182 4148 Flor.
205 4089 237 4142 B
260 4085 329 4137 hiis.
347 4084 412 4138 Mox
429 4036 653 4159 adnuncians.
749 4092 900 4143 .selaxnre
917 4107 976 4143 rece
996 4089 1014 4155 i,
1053 4105 1086 4139 uo
1103 4086 1187 4156 magis
1205 4093 1286 4138 etiarn

30 4159 134 4216 ALeid.
156 4159 257 4213 Voss.
281 4159 309 4204 1·
683 4156 740 4210 ints
762 4155 842 4226 'gitur
873 4175 968 4228 querna
1014 4106 1093 4208 odum
1120 4166 1143 4208 et
1169 4171 1184 4206 e
1208 4169 1285 4223 prae-

57 4247 98 4296 quo
127 4227 259 4296 longius
288 4219 390 4272 abesset
416 4224 485 4276 acies
511 4222 650 4290 necnnbns]
683 4240 773 4294 gressa
790 4243 802 4276 s
821 4225 891 4278 llaba
909 4234 997 4278 ortum
1015 4222 1056 4274 sit.
1079 4221 1112 4274 In
1121 4223 1214 4276 ceteris
1223 4239 1287 4290 pos-

31 4290 144 4351 Insemnt
154 4294 294 4349 verbum
305 4289 374 4340 acles
383 4289 465 4341 nostri
475 4290 550 4343 codd.
561 4306 650 4345 omnes
683 4299 725 4347 set
751 4243 857 4363 quidem
883 4296 974 4346 ordine
989 4305 1050 4410 (pro
1072 4288 1141 4343 iusto
1166 4290 1220 4342 sive
1238 4303 1287 4340 suo

34 4375 80 4417 tum
93 4368 183 4422 Voss.
210 4367 227 4413 1
254 4363 288 4408 et
309 4360 334 4406 2·
374 4355 436 4410 Non
452 4358 591 4429 legebatur
607 4363 650 4412 ts·
683 4359 776 4415 ordine
793 4360 933 4431 explicari:
960 4374 988 4412 se
1030 4373 1108 4427 quem
1132 4375 1192 4410 eum
1213 4356 1287 4408 ordi·
