2926 5174
501 277 549 327 nr
576 275 704 329 casus
730 277 839 329 mex.
866 280 919 349 m,
946 277 987 325 ar.
1309 260 1362 335 57

98 449 144 522 nia
168 442 376 546 stipendio
406 443 545 541 ingenti
570 443 722 517 militum
747 455 970 544 praeparata,
996 446 1055 521 ille
1073 447 1189 520 cultus
1215 458 1272 522 tot
1297 475 1358 522 no-

98 560 205 634 bilium
235 556 436 645 virorum,
472 564 528 628 tot
552 554 743 629 illustrium
768 557 990 648 feminarum
1030 583 1139 633 aurea
1168 584 1266 649 vasa,
1299 585 1359 633 au·

100 671 138 745 rei
158 667 269 758 freni,
300 665 554 738 tabernacula
578 667 691 764 regali
725 667 989 764 magnificentia
1024 678 1160 758 ornata,
1195 670 1361 742 vehicula

101 805 225 881 quoque
268 803 296 850 a
337 776 424 850 suis
459 775 640 867 destituta,
674 777 830 874 ingentis
865 779 1068 876 opulentiae
1102 780 1219 878 plena,
1250 781 1359 854 facies

102 894 188 968 etiam
221 885 514 990 praedantibus
539 886 661 977 tristis,
698 888 728 961 si
754 911 910 984 quares
936 891 1123 963 avaritiam
1149 903 1358 965 moraretur.

103 1002 222 1102 Quippe
251 1010 322 1074 tot
353 1023 541 1072 annorum
566 997 764 1071 incredibili
789 1008 827 1071 et
851 998 961 1104 fidem
992 1000 1189 1075 excedente
1215 1003 1360 1076 fortuna

104 1116 283 1203 cunulata,
314 1120 419 1183 tunc
449 1110 518 1182 alia
543 1108 713 1206 stirpibus
746 1108 914 1199 lacerata,
947 1111 1017 1182 alia
1047 1111 1085 1183 in
1117 1136 1268 1185 coenum
1300 1112 1358 1187 de-

105 1238 203 1300 mersa
241 1222 516 1298 eruebantur:
561 1244 636 1291 non
675 1219 901 1291 sufficiebant
939 1219 1191 1317 praedantium
1230 1246 1358 1296 manus

110 1335 257 1436 praedae

93 1469 104 1517 r
197 1446 357 1543 Iamque
389 1438 576 1516 etiamad
602 1464 673 1530 eos,
701 1439 760 1535 qui
773 1439 879 1538 primi
897 1440 1077 1537 fugerant,
1102 1452 1251 1514 ventum
1264 1452 1410 1522 erat235

112 1558 237 1633 feminae
280 1558 499 1656 pleraeque
536 1575 668 1650 parvos
705 1551 891 1624 trahentes
924 1551 1061 1626 liberos
1101 1553 1211 1627 ibant.
1263 1554 1362 1629 Inter

109 1693 176 1765 quas
211 1670 327 1743 fuere
373 1664 549 1761 virgines,
589 1657 690 1750 Ochi,
734 1661 910 1773 quiante
943 1657 1105 1737 Dareum
1136 1662 1361 1763 regnaverat,

105 1779 187 1872 filice,
214 1780 312 1863 olim
345 1774 504 1875 quidem
529 1798 577 1847 ex
601 1770 743 1868 fastigio
770 1782 922 1871 paterno
949 1799 1071 1848 rerum
1085 1776 1284 1851 mutatione
1301 1776 1361 1850 de·

104 1899 233 1984 tactae,
280 1888 358 1964 sed
403 1897 488 1959 tum
518 1893 652 1958 sortem
684 1904 807 1954 earum
843 1882 1021 1955 crudelius
1047 1878 1266 1981 aggravante
1293 1888 1361 1958 for·

91 2011 181 2077 duna.
237 2001 288 2076 In
336 1997 481 2073 eodem
517 2019 625 2093 grege
664 2017 760 2064 uxor
799 2017 941 2090 quoque
975 1993 1135 2068 eiusdem
1162 1994 1252 2069 Ochi
1284 1997 1361 2087 fuit,

104 2109 350 2210 Onathrisque
399 2108 529 2207 (frater
554 2107 611 2179 hic
639 2113 717 2178 erat
743 2100 867 2199 Darei)
895 2103 976 2193 filia,
1004 2114 1041 2176 et
1072 2106 1230 2179 coniunx
1255 2105 1361 2178 Arta·

103 2224 174 2316 bari,
199 2221 398 2324 principis
428 2225 719 2316 purpuratorum,
755 2224 793 2287 et
818 2215 922 2304 filius,
963 2215 1019 2287 cui
1045 2215 1179 2290 Ilioneo
1206 2219 1273 2290 fuit
1298 2244 1361 2290 no·

91 2359 176 2410 rnen.
212 2328 471 2408 Pharnabazi
483 2352 634 2424 quoque,
661 2326 719 2398 cui
744 2348 924 2398 summum
947 2323 1136 2423 imperium
1161 2328 1359 2400 maritimae

104 2472 169 2522 orae
195 2472 270 2521 rex
302 2439 482 2528 dederat,
507 2463 600 2511 uxor
626 2462 708 2509 cum
734 2438 806 2511 filio
821 2445 973 2534 excepta
986 2446 1051 2527 est,
1078 2435 1252 2511 Mentoris
1266 2440 1358 2511 filiae

104 2566 170 2649 tres,
197 2585 243 2632 ac
272 2547 507 2632 nobilissimi
533 2547 633 2620 ducis
659 2544 859 2621 Memnonis
886 2547 1043 2619 coniunx
1078 2557 1114 2621 et
1140 2549 1243 2621 filius.
1272 2548 1358 2621 Vix-

132 2733 197 2785 ourei
205 2731 307 2803 freni]
328 2723 428 2781 Freni
446 2716 522 2776 aurei
538 2719 720 2788 FlonDEFI,
756 2729 849 2774 contra
866 2721 1062 2791 probatissimos
1089 2721 1169 2775 libros
1195 2722 1359 2775 additamen-

106 2816 158 2853 mus
165 2799 286 2854 Bern.B
308 2810 407 2849 aurea
418 2793 514 2860 frena,
532 2792 578 2844 sed
591 2791 623 2846 ef.
635 2805 722 2860 grum·
756 2796 813 2842 turn
830 2790 902 2842 istud
910 2789 938 2842 in
947 2790 1065 2842 ordinem
1074 2790 1127 2842 reci
1145 2790 1236 2842 iamus.
1260 2790 1359 2854 Quam-

103 2856 212 2923 ,mmm
229 2873 368 2921 nostram
390 2864 416 2928 §-
437 2865 480 2912 99.
774 2876 835 2910 uam
854 2876 907 2911 non
925 2875 993 2927 nego
1016 2809 1155 2911 verisimile
1177 2866 1282 2930 esseut
1305 2867 1360 2911 tres

135 2939 155 3004 ξ.
166 2945 206 2990 11.
241 2937 269 2990 ai
289 2949 353 3004 qua
380 2946 429 2981 res
448 2930 590 2980 avaritiam
607 2943 722 2979 morare·
784 2927 827 2979 chi
853 2926 922 2978 filiae
944 2925 1055 2992 suerint,
1082 2925 1205 2994 quoniam
1231 2926 1359 2979 Arrianus

111 3007 153 3071 turi
167 3004 309 3074 Significat
330 2995 475 3052 militibus
493 2995 576 3049 avaris
594 3011 628 3047 ne
645 2994 722 3047 mise-
757 3009 809 3060 vn,
829 3001 845 3045 4
863 2994 1045 3046 Alexandrum
1072 2993 1139 3045 Susa
1165 3009 1199 3045 ex
1216 2993 1293 3046 India
1317 3011 1359 3046 re.

113 3073 178 3124 mlh
225 3073 296 3124 'dem
322 3077 447 3136 tempus
470 3062 632 3134 superfuisse.
668 3062 723 3116 Sed
757 3079 862 3114 versum
883 3061 1023 3130 Parysutin
1050 3067 1111 3112 τῶν
1128 3061 1212 3124 Ὤχου
1233 3063 1358 3113 durare-

117 3090 314 3192 saffirus
335 3139 369 3189 Η
396 3140 429 3184 et
450 3133 520 3202 quod
544 3132 626 3186 miror
643 3131 724 3183 etiam
757 3151 818 3202 ρων
834 3129 888 3194 τὴν
900 3128 1051 3192 νεωτάτην
1066 3128 1093 3180 in
1106 3114 1359 3181 matrimoniuindu-

118 3205 181 3261 Voss.
198 3215 210 3260 1
229 3207 270 3278 (ni
287 3206 410 3262 Vosa2
429 3202 485 3269 est)
502 3202 527 3253 si
544 3219 595 3270 qua
613 3216 642 3252 re
659 3217 723 3252 ovo·
757 3198 828 3251 xisse
845 3196 992 3251 Aristobuli
1009 3197 1061 3248 fide
1079 3196 1170 3249 tradit.

115 3277 167 3330 '7⁸²²'ss
181 3287 325 3341 mmm,
359 3287 423 3342 ‘1¹¹⁰
440 3269 532 3322 aldem
548 3268 665 3340 pertinet
683 3275 723 3320 εἷ’
793 3310 956 3370 uqqravonte
973 3300 1101 3369 fortuna]
1137 3298 1213 3352 Haec
1238 3317 1292 3353 non
1318 3309 1360 3353 est

110 3342 150 3397 ’.ω’
166 3345 237 3427 ,ω’
266 3341 346 3398 DFI
384 3336 520 3406 scriptum
551 3339 576 3390 εἰ
601 3355 653 3406 qua
680 3353 723 3389 Μ
758 3367 907 3422 emendatio
924 3367 1015 3421 Aldini
1033 3367 1150 3435 editoris,
1168 3368 1216 3421 sed
1232 3376 1309 3421 vetus
1322 3368 1361 3421 le-

109 3425 207 3469 mma
224 3420 381 3468 mmmm
408 3412 439 3457 et
457 3403 568 3459 ME
591 3423 607 3458 a
630 3423 670 3476 ΡΠ
688 3422 723 3456 ¹¹¹·
759 3437 811 3490 ctio
833 3436 910 3489 unius
937 3445 1009 3490 certe
1036 3435 1131 3491 codicis
1149 3436 1220 3490 Flor.
1239 3436 1274 3505 G,
1301 3455 1361 3490 cum

107 3484 185 3564 aaa
202 3496 227 3538 et
246 3478 387 3536 avarem
409 3484 551 3527 ”²⁰²²00Wr·
758 3505 786 3557 in
812 3505 905 3559 cereas
931 3505 1003 3559 nor.
1031 3514 1059 3558 et
1093 3506 1121 3559 in
1147 3505 1213 3577 presi
1244 3524 1278 3558 ue
1304 3505 1361 3559 urs

132 3570 154 3604 *η
170 3570 285 3607 cmm
304 3552 444 3602 dmm
464 3543 629 3609 emebantur]
652 3540 724 3594 pbr·
760 3579 857 3645 (neque
874 3573 944 3627 enim
961 3581 1065 3628 constat
1087 3574 1115 3627 in
1137 3592 1190 3645 quo
1213 3523 1281 3629 libro
1299 3574 1361 3627 olim

104 3609 725 3770 su,missusutusrftss
760 3642 1361 3782 ersmers.seura:

106 3768 227 3838 wlpmm’
257 3772 336 3809 nam
356 3748 476 3801 verbum
493 3748 526 3832 ³51
542 3765 661 3826 Pmmlna
679 3763 724 3815 Ψ
759 3794 790 3846 11,
816 3787 846 3833 12
870 3798 959 3834 serum
980 3781 1180 3850 interpretatur,
1207 3779 1299 3850 negari
1321 3787 1361 3831 ta-

104 3825 212 3894 llffliflm
231 3842 292 3898 per
313 3822 444 3889 figuram
471 3817 573 3887 ζευγμα
591 3823 673 3868 emm
691 3814 725 3866 ad
759 3865 820 3901 men
838 3848 929 3918 nequit
946 3848 1026 3920 longe
1048 3847 1144 3902 rectius
1165 3865 1197 3901 ao
1220 3845 1362 3917 simplicius

102 3898 197 4019 militi?
198 3913 276 4029 1553)
278 3889 481 4028 prtilnssetm
498 3969 563 4021 quoa
572 3954 654 4022 fetere
671 3952 725 4002 vir·
759 3933 815 3970 ⁰⁸³³
833 3919 904 3988 q¹¹⁰d
920 3915 973 3969 iam
990 3917 1085 3971 editur·

100 3985 176 4108 pineti)
188 4033 300 4102 Vulgo
323 4035 408 4078 tres
417 4022 498 4088 suere
514 4022 638 4089 virgines.
671 4018 725 4071 Sed
795 4023 817 4087 5.
838 4027 878 4073 13.
912 4028 939 4099 ct
952 4021 1044 4100 filius]
1063 4020 1171 4071 Annoto
1196 4016 1269 4068 etin
1289 4015 1363 4069 nullo

100 4098 152 4157 ihm
170 4118 280 4158 vocem
296 4091 389 4148 Laid.
405 4089 505 4141 Voss.1
524 4098 636 4168 uterque
644 4087 725 4139 Bam.
760 4087 828 4141 libro
845 4106 892 4140 ms.
910 4087 1030 4141 inveniri.
1065 4087 1171 4139 Nomen
1188 4083 1215 4135 in
1237 4084 1318 4136 Bern.
1335 4084 1362 4137 A

100 4183 171 4226 omnes
188 4172 277 4226 Ποῖ,
301 4165 430 4235 praeter
445 4155 567 4209 unumG
590 4163 724 4236 ignorant,
760 4156 873 4209 Flor.B
901 4156 1025 4210 scribitur
1041 4156 1162 4217 Illioneo,
1188 4152 1217 4203 in
1238 4152 1361 4205 Bern.B

99 4251 165 4310 noque
183 4247 278 4295 tanta
300 4243 374 4284 esse
393 4231 484 4295 potest
505 4223 573 4277 illius
597 4223 658 4276 hbri
680 4240 726 4274 au·
761 4232 789 4277 et
812 4225 882 4277 Flor.
900 4224 929 4276 H
957 4231 984 4289 (a
1009 4242 1049 4294 pr.
1076 4225 1122 4284 m.)
1150 4222 1265 4273 Illiouio.
1300 4220 1363 4273 Alio

100 4311 189 4366 amitas
208 4317 245 4362 et
267 4298 379 4356 multo
398 4291 484 4344 minus
501 4292 621 4345 Vossiani
640 4299 665 4357 2,
682 4291 726 4360 qui
761 4295 901 4346 verborum
927 4293 1019 4345 ordine
1044 4306 1137 4343 nomen
1153 4290 1214 4358 fuit
1239 4287 1362 4341 Bern.B

100 4388 140 4432 om
154 4379 236 4450 vulg,
261 4362 444 4435 conspirare
461 4363 601 4414 censendus
619 4369 668 4427 est,
696 4367 727 4412 ut
761 4361 832 4415 Flor.
851 4360 885 4414 G.
