2984 5176
131 289 202 360 128
624 305 658 368 o.
686 305 810 357 curru
834 305 921 358 aum

127 500 250 563 menta
276 489 518 585 sequebantur
544 513 683 585 agmen.
735 487 978 567 Praemissum
1011 485 1146 560 deinde
1180 513 1265 561 cum
1298 490 1389 563 citisr

128 599 307 696 equitibus
333 597 502 672 Menidan
534 600 635 672 iubet
666 601 870 696 explorare,
907 598 968 671 ubi
994 597 1138 672 Dareus
1167 611 1276 675 esset
1325 601 1368 674 At

127 710 196 801 ille,
222 736 304 783 cum
315 708 483 782 Mazaeus
510 709 607 783 haud
632 713 758 808 procul
783 708 1014 801 consedisset,
1039 736 1116 783 non
1143 736 1258 784 ausus
1285 712 1368 784 ultra

128 820 333 920 procedere,
359 820 446 892 nihil
471 819 586 910 aliud,
622 846 730 916 quam
755 821 936 894 fremitum
967 821 1157 895 hominum
1183 822 1368 895 hinnitum·

129 957 198 1027 que
225 957 398 1027 equorum
424 929 623 1021 exaudisse,
649 934 800 1005 nuntiat
849 929 1017 1005 Mazaeus
1044 949 1203 1031 quoque,
1232 953 1392 1032 conspes

130 1043 195 1116 ctis
223 1043 347 1141 procul
374 1042 679 1139 exploratoribus,
711 1043 748 1114 in
781 1053 900 1115 castra
931 1066 971 1114 se
1005 1044 1161 1140 recepit,
1198 1044 1371 1119 adventus

129 1155 287 1227 hostium
312 1154 469 1226 nuntius.
522 1151 635 1250 Igitur
660 1152 818 1244 Dareus,
853 1153 914 1248 qui
939 1152 976 1224 in
1002 1155 1217 1251 patentibus
1248 1157 1372 1255 campis

129 1264 320 1338 decernere
346 1265 505 1362 optabat,
533 1264 662 1336 armari
687 1264 836 1338 militem
861 1262 971 1353 iubet,
994 1264 1182 1360 aciemque
1211 1265 1371 1365 disponit

128 1375 170 1447 ln
202 1377 306 1449 laevo
340 1400 454 1448 cornu
486 1373 666 1447 Bactriani
695 1376 799 1449 ibant
835 1374 990 1471 equites,
1033 1374 1131 1448 mille
1169 1377 1393 1469 admodums

127 1486 254 1559 Dahae
280 1485 441 1574 totidem,
468 1496 506 1558 et
531 1484 718 1558 Arachosii
745 1483 956 1581 Susianique
989 1494 1165 1581 quattuor
1192 1490 1299 1564 milia
1323 1517 1372 1564 ex-

128 1598 285 1696 plebant.
337 1594 415 1668 Hos
452 1606 595 1668 centum
628 1597 748 1669 falcati
780 1621 907 1670 currus
940 1597 1200 1693 sequebantur.
1258 1599 1371 1675 Proxi

127 1807 233 1859 demum
250 1822 341 1859 verum
367 1821 402 1858 ex
423 1804 481 1858 istis
498 1805 531 1858 de
552 1804 730 1859 rarationibus
766 1806 878 1872 Scitlis,
901 1805 973 1859 Flor.
1001 1813 1090 1858 autem
1118 1804 1147 1858 D
1176 1825 1296 1878 prom
1313 1806 1370 1865 dunt

127 1873 202 1928 facile
219 1881 355 1927 assecutus
374 1875 507 1927 diviserat.
525 1823 575 1927 list
593 1872 663 1926 enim
679 1874 704 1926 h.
712 1873 730 1926 l.
764 1872 884 1926 Freinsh.
903 1873 1054 1927 coniectura
1066 1882 1209 1930 assecutus
1219 1884 1274 1933 est.
1289 1876 1368 1950 Neque

128 1962 225 1998 cornua
251 1945 366 1996 dividere
389 1942 459 1995 idem
482 1943 538 1996 sere
561 1952 641 2013 atque
664 1945 731 1996 divi·
765 1941 915 2010 deSc)this
933 1942 961 1995 in
974 1941 1093 1995 exercitu
1101 1943 1367 2018 Alexandfiuqm

128 2015 211 2065 dendo
230 2014 341 2081 efficere,
360 2011 429 2064 sicut
443 2011 498 2065 Cic.
515 2011 543 2064 in
561 2010 730 2081 oratpartit.
765 2010 797 2062 fn
814 2009 922 2078 mentio,
941 2027 974 2063 ne
992 2012 1025 2064 de
1042 2009 1123 2064 armis
1142 2013 1259 2083 quidem
1276 2014 1366 2086 Scytli·

45 2114 48 2118 ·
127 2089 196 2133 extr.
215 2082 332 2149 ambigui
345 2081 502 2149 partitiones
521 2081 638 2132 dividere
654 2079 730 2132 dixit.
765 2078 811 2144 cis,
829 2078 847 2131 i.
861 2095 885 2130 e.
903 2095 976 2147 arcu,
995 2078 1114 2148 sagittis,
1135 2082 1313 2152 cogitandum
1327 2090 1364 2150 eet,

129 2149 208 2212 Quod
226 2148 329 2205 dicendi
346 2165 428 2217 genus
446 2165 506 2200 cum
523 2166 616 2219 parum
633 2147 731 2201 intelli·
767 2164 836 2216 quae
851 2147 938 2201 omnia
949 2146 1128 2217 posteriorum
1140 2157 1307 2222 temporum
1324 2153 1364 2206 Cet

128 2224 223 2286 gerent
241 2215 408 2285 insequentes
426 2216 548 2283 editores,
566 2220 617 2268 cluo
632 2235 730 2269 cornua
766 2218 864 2296 equites
890 2215 1015 2286 leguntur
1037 2216 1108 2287 apud
1139 2217 1202 2271 Liv.
1229 2235 1310 2285 xxvi,
1333 2226 1362 2285 lt,

129 2286 216 2336 diuiso
234 2294 309 2336 erunt
322 2287 440 2353 peditum
454 2284 623 2354 scripserunt,
633 2284 732 2338 etAoi-
767 2286 813 2336 ceti
829 2286 925 2337 milites
944 2284 1014 2354 apud
1026 2283 1115 2338 Tacit.
1129 2287 1206 2341 Ann.
1223 2297 1266 2357 ll,
1280 2291 1362 2355 1,citae

129 2351 213 2404 dalius
230 2351 315 2405 Medii
337 2353 505 2422 arrogantiae
531 2370 660 2422 nusquam
677 2371 732 2406 non
766 2355 879 2421 legiones
898 2351 978 2406 etiam
995 2353 1066 2473 apud
1084 2352 1151 2408 Tau
1170 2357 1248 2411 Ann.
1261 2372 1321 2425 nv,
1335 2361 1359 2410 a

129 2422 270 2472 adversans
300 2421 393 2473 ceteris
423 2439 496 2473 suam
522 2421 732 2474 emendationem
767 2437 835 2490 quae
853 2420 915 2474 alibi
940 2439 1003 2489 expe
1022 2423 1074 2474 itae
1097 2421 1232 2479 dicuntur
1248 2425 1266 2478 i.
1283 2444 1304 2479 e.
1319 2424 1360 2478 sine

129 2493 157 2540 in
175 2492 226 2541 duo
244 2506 342 2541 cornua
360 2491 485 2541 diuiserat
493 2492 608 2557 peditem
623 2507 732 2570 persua·
766 2489 827 2542 ullis
844 2488 1038 2559 impedimentis
1055 2497 1104 2542 aut
1173 2493 1203 2546 vi
1222 2506 1347 2548 armatma

128 2556 172 2611 sit.
191 2556 270 2620 Quod
287 2556 407 2637 sequitur
432 2560 535 2626 utrique
553 2560 630 2610 lutere
649 2561 732 2627 equite
801 2558 933 2611 Menidan
955 2575 1006 2628 pro
1027 2557 1099 2627 vulg.
1145 2562 1271 2616 leniciam
1296 2560 1358 2615 auk

128 2627 288 2678 circumdato
310 2643 347 2678 src
371 2625 399 2678 in
421 2644 474 2680 uno
499 2625 571 2678 Flor.
597 2625 623 2679 G
645 2634 729 2693 extat,
764 2624 832 2678 dicit
847 2625 877 2679 in
893 2625 946 2679 suis
963 2644 1023 2679 mss.
1041 2629 1358 2694 essaaooeduntexl'lu.

128 2695 175 2748 sed
198 2693 280 2747 ceteri
301 2693 361 2747 libri
385 2711 474 2748 omnes
498 2695 591 2748 eodem
607 2696 730 2748 tendunt.
764 2694 847 2747 ΑΒΗ
864 2700 893 2747 et
910 2696 988 2748 ambo
1005 2694 1086 2748 Bern.
1122 2696 1212 2752 Redit
1235 2700 1279 2753 illc
1299 2715 1319 2751 c.
1332 2702 1356 2750 u

127 2763 198 2816 Nam
207 2764 281 2816 codd.
290 2763 355 2816 DFI
371 2763 442 2815 idem
459 2764 586 2816 exhibent
603 2763 652 2816 nisi
660 2764 731 2834 quod
765 2772 794 2816 et
819 2763 891 2843 apud
913 2763 1019 2816 Arrian.
1042 2778 1091 2829 111,
1122 2772 1153 2820 13
1182 2768 1357 2841 μισθοφόροις

127 2834 287 2886 circumdato
311 2833 392 2885 milite
414 2834 528 2896 addunt,
555 2831 627 2885 Flor.
650 2833 676 2884 A
703 2841 731 2885 et
765 2832 898 2902 equit1bus
916 2839 1028 2902 praeest.

126 2901 201 2954 Mod.
219 2900 283 2953 edit.
301 2903 429 2970 utrimque
447 2903 533 2967 lateri,
552 2900 622 2954 Flor.
636 2900 684 2954 Bc
703 2907 732 2953 et
801 2903 823 2968 ς.
843 2907 866 2952 5.
902 2903 930 2952 in
948 2911 1035 2954 castra
1054 2918 1082 2954 se
1100 2906 1224 3027 recepit&
1240 2905 1282 2960 Sic
1297 2902 1357 2958 codd

126 2970 242 3023 BernA
260 2977 289 3022 et
298 2969 372 3022 Leid.
391 2972 518 3040 utrimque
537 2972 630 3034 latero,
650 2969 731 3022 ceteri
765 2968 850 3022 nostri
867 2986 957 3023 omnes
974 2977 1081 3038 praeter
1097 2969 1173 3024 Flor.
1229 2973 1315 3041 ,emas
1328 2970 1357 3023 si·
1388 2994 1392 3003 ·

127 3050 236 3108 utroque
254 3040 338 3091 lutera
356 3039 465 3106 habent,
484 3039 555 3093 Flor.
568 3039 596 3091 H
614 3037 731 3090 etBern.
765 3037 854 3090 milem
872 3046 977 3091 secutae
1000 3037 1131 3092 editiones
1150 3044 1274 3111 (praeter
1286 3039 1357 3105 Mod)

126 3107 308 3177 Bpraeterea
325 3111 407 3176 equite
425 3110 596 3161 circumdata.
630 3106 733 3160 Contra
766 3108 859 3175 recipit
877 3106 1010 3160 exhibent.
1045 3106 1122 3160 Idem
1140 3111 1203 3164 cod
1223 3110 1358 3164 cntem

126 3176 255 3229 editiones
285 3193 375 3229 omnes
408 3194 424 3228 a
449 3176 521 3229 libris
547 3175 621 3228 mstis
653 3175 732 3255 longe
766 3174 947 3228 Bodventum
964 3177 1075 3229 bostium
1092 3179 1243 3248 nuntians,
1259 3174 1359 3233 Fleall

127 3244 292 3296 discedentes
311 3246 482 3313 taetrumque
496 3245 733 3297 lutushauddubre
767 3247 894 3296 adventus
911 3246 976 3297 host.
994 3246 1129 3298 nandans.

127 3330 161 3365 ex
179 3312 330 3364 coniectura
348 3317 404 3380 (cni
421 3313 532 3365 fortasse
549 3312 626 3366 Voss.
640 3320 655 3366 2
670 3312 732 3365 scri-
802 3316 827 3378 S.
852 3319 875 3365 6.
916 3314 1058 3366 Arachosii
1082 3314 1276 3438 Susianique&
1302 3313 1360 3370 Edt

126 3388 208 3449 ptura
225 3389 359 3447 utrumque
377 3383 446 3432 lutus
460 3379 587 3449 praeivit)
599 3381 734 3434 exhibent.
766 3381 1183 3451 pr.Suevique,Me1-..Sueui,
1212 3386 1250 3438 Al
1293 3384 1360 3447 Sus,

125 3453 183 3501 Iam
201 3447 283 3516 igitur
300 3447 328 3498 in
345 3448 395 3501 hac
413 3447 533 3501 lectionis
546 3451 675 3501 varietate
692 3448 732 3500 ni-
767 3448 849 3502 ceteri
874 3457 999 3503 revocata
1025 3449 1216 3507 coniunctione
1242 3455 1361 3522 Susiiqau

127 3516 164 3570 hil
182 3532 245 3567 vero
263 3515 372 3585 propius
395 3515 535 3569 videbatur
558 3534 637 3587 quam
661 3517 732 3598 quod
767 3519 843 3571 codd.
860 3517 959 3587 partim
981 3519 1117 3587 Sitonique
1143 3522 1248 3590 partim
1266 3521 1361 3576 Sasoni-

125 3583 326 3637 describendum
354 3584 451 3637 curavi.
495 3585 566 3637 Nam
593 3603 731 3655 quonnnus
767 3604 822 3655 que,
841 3588 911 3639 unde
929 3586 1050 3639 Radems
1066 3595 1142 3640 recte
1159 3589 1272 3644 videtur
1286 3590 1362 3644 Susia-

125 3651 246 3706 Modium
264 3669 389 3722 sequerer
406 3652 433 3705 id
451 3653 553 3706 obstitit
571 3656 641 3725 quod
658 3654 731 3706 vide-
765 3657 842 3723 nique
859 3655 963 3722 fecisse,
989 3673 1054 3725 quos
1071 3654 1081 3707 i
1101 3672 1130 3708 se
1148 3656 1264 3713 Curtius
1281 3674 1313 3727 v,
1330 3663 1361 3722 n,

125 3723 206 3776 batur
228 3728 286 3772 tum
310 3721 493 3791 corrigendum
515 3739 572 3775 esse
594 3726 728 3790 luteribus,
767 3731 797 3776 1e
817 3741 851 3793 ap
872 3723 942 3776 ellat.
974 3724 1075 3777 Poste
1139 3727 1287 3781 omiseram
1301 3726 1361 3780 mitia

124 3807 211 3871 neque
230 3788 347 3843 Gronov.
373 3790 518 3871 persuasit,
542 3800 572 3844 ut
597 3792 728 3859 Curtium,
764 3791 834 3845 sicut
851 3742 882 3845 iit
899 3792 927 3843 in
944 3792 1019 3845 Leid.
1036 3792 1114 3846 Voss.
1129 3799 1144 3846 2
1164 3804 1285 3867 utroque
1296 3796 1361 3849 Ben

123 3860 219 3914 rehcto
247 3877 300 3930 quo
318 3859 380 3912 alibr
397 3858 484 3912 utitur
501 3860 604 3913 dicendi
623 3877 728 3930 genere,
764 3860 835 3914 Flor.
854 3860 967 3928 ABCH,
986 3861 1033 3914 sed
1050 3859 1115 3930 quia
1131 3861 1160 3914 in
1179 3864 1290 3936 reliquis
1305 3863 1361 3917 Flu.

126 3928 228 3983 Graeca
237 3928 433 3982 constructione
450 3947 526 3981 usum
543 3932 671 3998 utrimque
690 3932 729 3982 lu·
764 3931 839 3982 milio
857 3936 904 3982 aut
922 3937 987 3983 nota
1004 3936 1051 3982 aut
1068 3928 1168 3984 litteris
1188 3949 1224 3985 ex
1245 3934 1362 3986 rimantur

126 4009 181 4051 tere
215 3999 296 4067 equite
329 4000 488 4051 circumdato
522 3998 653 4069 scripsisse
681 4016 729 4069 pu·
765 4008 815 4050 nec¹
832 3998 908 4050 facile
934 4015 969 4051 ex
994 4014 1151 4068 praegresso
1175 4003 1214 4054 mi
1267 3995 1361 4072 eogitari

124 4074 218 4119 tarem.
764 4074 889 4137 possunt,
909 4085 978 4120 nunc
994 4066 1124 4120 revocavi.

160 4139 183 4203 ξ.
202 4142 226 4187 4.
263 4155 319 4190 eunt
342 4138 401 4189 citis
431 4139 556 4207 equitibus
580 4136 730 4190 emendatio
801 4146 901 4188 centum
918 4137 1021 4207 falcati
1048 4153 1144 4189 currus
1170 4155 1265 4193 omnes
1291 4137 1360 4200 codd,

125 4211 167 4255 est
185 4202 371 4272 Freinshemii,
396 4222 456 4258 cum
473 4206 501 4259 in
518 4207 590 4277 vulg.
609 4205 731 4259 editioni·
765 4223 819 4258 non
837 4207 1039 4274 quinquaqinta,
1058 4212 1089 4256 ut
1107 4204 1193 4275 vulgo
1211 4208 1300 4261 editur
1314 4210 1360 4278 pos

125 4273 174 4324 bus
193 4270 325 4340 legeretur
343 4277 465 4341 concitis,
484 4275 511 4327 in
528 4275 656 4329 Modiana
673 4293 730 4327 eunt
765 4273 872 4327 Aldum.
884 4273 988 4326 Arriae.
998 4288 1040 4341 111,
1052 4279 1082 4326 11
1102 4273 1172 4326 item
1189 4284 1298 4330 centum
1313 4290 1360 4327 cur·

126 4341 230 4408 Scythis
248 4345 382 4410 equitibus.
402 4343 486 4397 Codd.
504 4345 623 4414 plerique
641 4360 731 4396 omnes
765 4360 809 4396 rus
832 4343 860 4395 in
883 4343 959 4395 laevo
984 4359 1067 4396 cornu
1089 4341 1181 4412 fuisse,
1206 4346 1254 4398 sed
1272 4360 1361 4418 apore-

125 4425 183 4462 eum
200 4411 283 4477 scitis,
302 4411 379 4481 pauci
397 4414 528 4481 consuitis,
547 4413 618 4466 Flor.
629 4411 656 4466 G
673 4430 730 4466 cum
765 4411 873 4478 τάχθαι
890 4411 915 4464 ei
932 4411 1021 4465 refert.
