2926 5174
111 251 180 303 VIII
618 247 836 300 PRAEFATIO.

112 432 310 528 henburgio
337 431 514 529 congestis
547 431 619 502 iarn
653 431 875 527 aliquatenus
907 430 1108 528 perspicere
1133 433 1218 506 mihi
1240 436 1324 508 visus

114 584 244 648 essem,
272 568 349 632 tum
376 556 519 629 demum
545 557 743 631 accuratius
770 558 937 654 cognovi,
972 568 1163 654 postquam
1189 586 1211 634 a
1234 560 1326 634 Fran-

37 718 43 725 ·
115 685 208 758 cisoo
236 683 281 757 de
306 683 422 775 Furia,
448 684 673 757 meritissimo
698 684 933 758 bibliothecae
959 683 1219 760 Laurentianae
1243 715 1328 786 prae-

114 813 225 903 secto,
258 821 424 884 accurata
457 835 588 884 novem
620 809 782 883 codicum
806 808 835 881 F
836 811 1093 884 lorentinorum
1124 838 1208 886 mss.
1240 816 1329 887 oolla·

37 1026 38 1030 Ἰ
113 938 211 1012 tione
237 938 432 1013 instructus
459 962 548 1010 sum.
602 934 681 1024 Quo
716 936 874 1010 subsidio
909 938 960 1010 rei
986 937 1164 1036 gerendae
1191 943 1329 1014 confisus

114 1091 195 1139 cum
221 1065 371 1163 impigre
396 1090 454 1137 me
488 1063 535 1137 a'd
560 1063 818 1147 recensendum
843 1073 1003 1137 veterem
1030 1066 1239 1164 scriptorem
1264 1094 1331 1140 con·

113 1193 285 1281 tulissem,
311 1192 427 1289 ipsam
453 1190 644 1264 editionem
670 1191 720 1264 sic
745 1190 892 1280 institui,
918 1201 960 1263 ut
986 1193 1157 1289 expositis
1183 1194 1221 1265 in
1246 1220 1332 1291 prae-

63 1392 68 1405 ,
113 1320 247 1392 satione
274 1318 411 1392 critices
437 1316 654 1391 factitandae
680 1318 888 1406 rationibus,
915 1342 996 1390 cum
1021 1321 1203 1415 professus
1231 1345 1332 1392 essem

115 1446 202 1519 nihil
227 1471 285 1518 me
312 1443 358 1517 de
384 1445 588 1517 coniectura
614 1453 678 1517 aut
703 1468 783 1551 mea
809 1455 872 1517 aut
898 1444 1058 1534 aliorum,
1085 1444 1152 1517 nisi
1179 1445 1274 1541 quod
1293 1446 1333 1517 in·

117 1572 308 1662 dicassem,
343 1571 552 1669 positurum,
580 1552 719 1643 adiecti
744 1571 850 1644 simul
873 1571 1051 1644 bonorum
1077 1570 1238 1644 codicum
1264 1573 1333 1644 scri·

115 1709 238 1799 ptura,
278 1698 365 1772 satis
404 1699 476 1772 iam
514 1708 594 1772 tuto
634 1695 679 1770 de
712 1695 784 1770 fide
817 1697 1032 1771 recensionis
1066 1723 1167 1771 meae
1200 1697 1333 1771 iudicari

115 1850 221 1924 posse
248 1824 439 1899 videretur.
491 1824 616 1922 Neque
648 1833 768 1897 tamen
800 1850 874 1898 non
908 1825 1180 1898 commentarios
1207 1850 1333 1922 quoque

114 1954 151 2026 in
177 1953 359 2052 publicum
385 1951 490 2026 edere
524 1950 795 2043 constitueram,
837 1976 927 2049 quos
961 1953 1056 2026 inter
1089 1953 1335 2026 recensendum

114 2090 257 2154 textum
291 2078 336 2152 de
367 2080 515 2178 singulis
546 2080 633 2153 locis
666 2089 704 2152 et
735 2078 967 2153 emendandis
1000 2089 1037 2152 et
1069 2080 1334 2178 interpretandis

116 2208 396 2305 conscripseram
420 2206 658 2303 plenissimos,
681 2206 712 2278 si
736 2206 836 2304 prius
863 2206 1043 2304 praesenti
1067 2209 1277 2298 necessitati,
1302 2216 1336 2280 ut

117 2333 399 2432 elegantissimus
425 2333 628 2407 Latinitatis
660 2343 785 2406 auctor
817 2332 855 2404 in
887 2332 1017 2405 scholis
1048 2342 1145 2406 recte
1171 2335 1240 2432 legi
1265 2359 1336 2433 pos·

117 2469 190 2551 set,
230 2459 317 2533 satis
352 2459 523 2534 fecissem.
584 2459 627 2532 Id
658 2485 745 2534 vero
777 2460 964 2533 consilium
997 2458 1058 2531 diu
1089 2472 1230 2534 morata
1263 2469 1339 2533 sunt

117 2613 198 2661 cum
233 2587 302 2659 aha
327 2596 406 2658 tum
431 2588 621 2685 praecipue
652 2587 886 2684 bibliopolae,
919 2586 1159 2660 honestissimi
1184 2588 1340 2677 hominis,

117 2714 191 2805 sed,
218 2724 259 2787 ut
276 2739 342 2812 par
360 2723 425 2805 est,
442 2714 480 2786 in
500 2740 566 2787 suo
584 2713 729 2812 negotio
746 2711 906 2812 gerendo
931 2713 1134 2804 cautissimi,
1153 2715 1340 2790 lentitudo:

117 2843 178 2940 qui
204 2830 285 2916 cum
310 2867 443 2914 novam
469 2842 660 2914 editionem
686 2865 788 2914 suam
813 2840 930 2915 minus
957 2840 1084 2939 cupide
1111 2844 1232 2939 expeti
1253 2842 1343 2916 vide-

116 2981 188 3061 ret,
223 2995 296 3042 non
322 2979 397 3042 tam
424 2969 520 3066 quod
545 2969 705 3043 recensio
731 2978 857 3042 nostra
888 2994 910 3040 a
936 2978 1059 3043 vetere
1085 2969 1241 3065 quodam
1267 2970 1344 3042 arti·

116 3099 182 3171 fice
209 3097 337 3170 acriter
363 3097 589 3194 reprehensa,
615 3099 723 3193 quam
749 3093 847 3192 quod
872 3097 918 3169 ab
945 3096 1014 3168 alio
1034 3094 1190 3192 quodam
1212 3107 1344 3169 nostra·

117 3250 197 3297 rum
222 3225 379 3321 partium
406 3222 593 3296 defensore
626 3223 719 3295 illico
755 3231 790 3296 et
825 3223 1045 3320 aliquantum
1079 3222 1203 3296 viliore
1235 3224 1345 3321 pretio

117 3350 271 3448 repetita
303 3359 415 3438 esset,
456 3346 617 3422 Curtium
643 3348 776 3422 Rufum
806 3376 880 3423 non
913 3377 994 3425 eum
1027 3375 1105 3424 esse
1139 3352 1346 3448 scriptorem

119 3477 347 3576 opinabatur,
372 3475 410 3547 in
436 3501 507 3572 quo
534 3476 742 3550 exornando
768 3478 1041 3575 hominibusque
1066 3477 1346 3551 commendando

119 3614 258 3677 sumtus
284 3604 425 3690 faceret.
478 3600 602 3701 Neque
629 3629 696 3701 ego
722 3605 752 3676 is
779 3628 892 3695 eram,
927 3606 984 3678 cui
1019 3630 1099 3677 cum
1134 3604 1203 3675 aha
1237 3606 1348 3676 multa

120 3729 261 3828 agenda
286 3738 421 3819 essent,
456 3730 675 3804 laboriosum
709 3756 800 3828 opus
833 3732 1025 3806 obtrudere
1057 3730 1250 3804 lectoribus
1277 3732 1347 3828 pla·

120 3866 232 3931 ceret:
270 3867 307 3930 et
333 3865 473 3954 tempus
508 3856 698 3930 videbatur
712 3842 715 3847 ⁵
729 3856 888 3931 dandum
923 3883 1001 3932 esse
1032 3857 1246 3946 hominibus,
1273 3859 1348 3929 sia

120 3983 370 4083 praeiudicatis
397 3984 623 4082 opinionibus
649 3983 697 4058 ad
721 3986 904 4059 meliorem
925 3985 1056 4062 veteris
1075 3985 1229 4057 auctoris
1248 3984 1347 4057 aesti-

120 4112 313 4186 mationem
340 4112 507 4185 devenire
529 4112 685 4184 mallent

222 4222 370 4312 Interim
404 4238 490 4311 dum
525 4248 642 4312 cessat
675 4264 766 4336 opus
802 4249 839 4312 et
872 4238 1116 4312 commentarii
1146 4239 1182 4310 in
1215 4238 1348 4309 scriniis

122 4366 366 4458 continentur,
410 4392 506 4441 nova
545 4364 721 4463 quaedam
759 4366 918 4439 subsidia
956 4364 1077 4438 critica
1114 4373 1348 4452 accesserunt,
