2926 5174
434 320 484 370 nu
511 318 637 371 ansus
664 319 772 372 Anrx.
798 321 848 390 rx,
873 319 914 372 12.
1226 302 1299 373 443

74 500 216 576 udinem
242 516 383 603 cuprum
421 503 463 576 de
488 489 655 579 industria
697 505 845 596 burbum‘,
888 531 1048 604 mopuum
1086 519 1194 580 tumen
1232 530 1302 580 esse

38 632 59 680 1³
72 639 242 688 nurerum
265 615 362 688 etium
388 641 430 688 ea
455 615 627 690 mendacio
652 615 802 714 intellipo.
846 611 974 698 Quodsi
997 616 1106 690 adhuc
1127 630 1301 715 penetrare

72 725 104 799 iu
127 725 267 799 Indiam
291 737 414 800 certum
444 739 508 818 est,
542 727 632 826 repio
657 754 680 800 n
705 725 850 800 Meridie
883 728 996 803 miuus
1019 741 1115 802 austu
1139 741 1199 820 est,
1234 753 1302 826 quu

70 825 200 911 ecura
235 837 336 910 licebit
368 837 545 910 decurrere
578 838 614 910 iu
648 838 733 911 illud
757 863 864 928 mure,
899 839 987 937 quod
1016 839 1112 912 uun
1146 839 1302 912 humanis

34 966 56 1013 14
69 948 244 1022 termimum
268 948 368 1022 uoluit
392 973 462 1021 esse
487 959 619 1020 natura.
671 948 743 1026 Cur
768 950 906 1023 circuitu
926 950 1014 1049 petis
1035 950 1190 1050 plurmum,
1216 974 1301 1050 quae

69 1060 113 1133 cd
137 1085 277 1132 manum
297 1058 410 1156 positu
435 1057 503 1132 est?
528 1059 581 1132 lu'c
607 1086 733 1160 quoque
759 1062 900 1135 occurrit
918 1058 1078 1135 Oceanus.
1122 1061 1207 1135 Neci
1231 1085 1300 1132 um·

26 1187 54 1234 1⁵
68 1171 115 1244 urs
140 1195 273 1262 errare,
298 1170 534 1268 pervenimus,
570 1195 633 1269 quo
664 1184 722 1244 tem
737 1175 880 1271 fortuna
915 1171 1013 1244 ducit.
1066 1171 1161 1245 Haec
1187 1184 1300 1261 tecum,

67 1308 165 1381 quum
191 1282 315 1356 sinete
341 1306 418 1354 cum
443 1281 504 1372 bes,
531 1281 621 1380 loqui
644 1283 758 1374 malui,
785 1308 851 1356 nou
876 1283 926 1355 uti
949 1282 1069 1355 inirem
1086 1283 1298 1355 circurneun-

67 1393 105 1466 τίς
129 1394 291 1466 exereitus
312 1391 470 1491 qratiam,
495 1392 556 1465 sed
580 1405 617 1464 ut
632 1416 742 1466 uocem
768 1394 965 1494 bquentr'um
976 1393 1101 1490 potius,
1128 1417 1230 1492 quum
1243 1416 1298 1490 pe-

66 1505 181 1578 mdum
207 1504 491 1579 mumnuruutium
515 1503 661 1577 audires.

19 1635 52 1682 1c
167 1613 220 1688 Ut
251 1616 358 1687 finem
390 1614 543 1687 orationi
576 1612 717 1687 Coenus
754 1614 937 1711 imposuit,
978 1614 1112 1686 clamor
1144 1612 1350 1710 undiquel3

66 1752 144 1800 cnm
165 1726 311 1824 ploratu
330 1727 453 1817 oritur,
479 1750 601 1824 regem
620 1735 769 1823 patrem,
792 1724 984 1816 dominum,
1004 1725 1160 1798 confusis
1181 1723 1300 1821 appel·

13 1858 50 1905 1⁷
65 1840 152 1912 tium
178 1839 338 1912 vocibus.
391 1836 537 1934 lamque
564 1845 601 1908 et
620 1836 678 1908 alii
700 1835 819 1926 duces,
845 1837 1104 1934 praecipueque
1131 1835 1300 1923 seniores,

67 1951 141 2047 quis
169 1950 217 2024 ob
246 1959 400 2023 aetatem
426 1958 464 2020 et
490 1947 674 2020 excusatio
700 1946 883 2019 honestior
909 1957 1001 2036 erat,
1043 1955 1080 2018 et
1106 1944 1300 2019 auctoritas

10 2078 50 2128 18
65 2062 192 2152 maior,
230 2059 355 2134 eadem
387 2059 636 2157 precabantur.
688 2057 752 2130 Ille
783 2083 848 2131 nec
881 2058 1055 2155 castigare
1090 2059 1301 2147 obstinatos,

64 2197 128 2246 nec
160 2171 325 2269 mitigare
356 2179 500 2268 poterat
531 2169 652 2241 iratos.
704 2167 829 2265 ltaque
860 2170 964 2267 inops
996 2171 1131 2243 consilii
1159 2169 1302 2243 desiluit

65 2307 85 2355 e
109 2282 290 2373 tribunali,
317 2279 504 2377 claudique
531 2280 665 2376 regiam
690 2279 801 2370 iussit,
829 2280 992 2353 omnibus
1018 2292 1161 2378 praeter
1183 2305 1301 2354 assue-

10 2409 49 2460 19
65 2404 120 2467 tos
153 2393 256 2466 adire
287 2392 485 2491 prohibitis.
537 2389 692 2463 Biduum
722 2390 796 2463 irae
828 2391 952 2464 datum
984 2403 1061 2465 est:
1097 2395 1204 2467 tertio
1243 2390 1300 2464 die

64 2504 250 2601 processit,
278 2505 433 2602 erigique
458 2525 513 2575 x11
529 2527 609 2575 aras
636 2527 683 2575 ex
701 2501 876 2598 quadrato
903 2530 1003 2596 saxu,
1030 2514 1302 2580 monumentum

66 2615 303 2714 expeditionis
331 2640 433 2704 suae,
469 2614 689 2686 munimenta
715 2640 856 2712 quoque
882 2627 1080 2689 castrorum
1112 2618 1215 2690 iussit
1241 2640 1302 2687 ex·

62 2725 180 2818 tendi,
219 2728 419 2823 cubiliaque
454 2724 633 2822 amplioris
666 2725 819 2816 formae,
860 2752 967 2823 quam
1006 2752 1072 2824 pro
1112 2751 1303 2825 corporum

63 2837 206 2929 habitu,
246 2838 412 2935 relinqui,
452 2846 493 2909 ut
524 2835 677 2932 speciem
709 2837 867 2909 omnium
898 2848 1059 2935 augeret,
1099 2837 1303 2936 posteritati

63 2949 173 3023 fallax
199 2950 412 3022 miraculum
437 2971 663 3047 praeparans.

10 3072 47 3128 to
164 3058 261 3132 Hinc
287 3070 453 3158 repetens
480 3085 571 3157 quae
597 3082 761 3131 emensus
784 3067 871 3148 erat,
897 3058 943 3131 ad
960 3061 1093 3133 flumen
1110 3057 1304 3132 Acesinem

62 3171 157 3245 locat
184 3180 314 3244 castra.
365 3169 421 3242 Ibi
445 3170 538 3243 forte
565 3167 705 3242 Coenus
730 3169 857 3241 morbo
885 3171 1063 3243 extinctus
1091 3181 1154 3244 est.
1192 3167 1302 3243 Cuius

61 3292 178 3356 morte
204 3280 380 3380 ingemuit
406 3280 549 3377 quidem
574 3304 649 3370 ren,
676 3279 804 3353 adiecit
830 3290 966 3372 tamen,
993 3293 1141 3380 propter
1166 3306 1300 3381 paucos

62 3392 137 3468 dies
163 3394 313 3491 longam
338 3391 537 3465 orationem
564 3416 645 3464 eum
671 3415 849 3483 exorsum,
876 3403 1047 3489 tanquam
1069 3393 1166 3466 solus
1186 3391 1300 3465 Mace-

77 3614 100 3680 §.
119 3617 162 3665 14.
197 3611 309 3664 circuitu
324 3611 397 3679 petia
412 3610 536 3680 plurium]
571 3607 668 3661 Editur
702 3610 772 3661 Tum
807 3628 837 3662 ro
854 3621 1043 3665 mouumentum
1059 3611 1211 3664 inBern.A
1227 3609 1300 3663 Flor.

61 3681 211 3747 circumitu,
249 3679 296 3731 sed
321 3677 407 3732 nostri
431 3694 521 3733 omnes
548 3675 604 3729 sine
632 3694 666 3730 m.
699 3677 773 3731 ABG
815 3678 974 3734 eid.Voss.l
995 3680 1093 3749 legitur
1110 3681 1300 3744 munimentum,

61 3747 131 3801 Tum
148 3765 217 3818 quoe
236 3750 394 3800 admocum
408 3748 497 3816 posita
519 3755 557 3798 est
574 3760 666 3798 omnes
700 3748 879 3800 monimentum
896 3748 924 3802 in
942 3748 1036 3802 ceteris
1054 3756 1157 3818 praeter
1174 3747 1209 3798 H.

59 3834 119 3869 mas.
139 3815 352 3896 necquicquam
375 3831 468 3868 causae
485 3821 526 3867 est
542 3831 588 3866 cur
604 3813 665 3865 Mo·
734 3818 808 3882 §.ru
835 3819 982 3885 adflumeu
993 3818 1139 3885 Acesinem]
1167 3813 1301 3867 Snakenb.

61 3884 117 3938 dius
134 3882 307 3955 participium
324 3882 412 3936 delere
429 3881 554 3937 voluerit
699 3881 759 3935 libri
777 3901 837 3936 mss.
857 3886 1020 3950 Acerrimum,
1045 3884 1124 3936 Bern.
1143 3884 1169 3935 A
1186 3882 1257 3934 Flor.
1275 3886 1301 3933 A

93 3957 117 4018 s.
136 3959 178 4007 15.
206 3969 288 4032 quum
302 3952 435 4032 pometum]
461 3950 535 4004 Eieci
548 3960 576 4003 ut
613 3949 665 4002 uod
699 3955 879 4019 accerrimem,
910 3953 934 4005 Β
957 3955 1133 4017 accerrimum,
1161 3950 1182 4004 C
1205 3951 1302 4002 accesti

60 4021 139 4092 vulgo
156 4021 268 4075 additur
285 4020 481 4090 postulantibus
493 4018 569 4072 Leid.
614 4035 663 4072 osa.
698 4021 767 4086 iude,
786 4020 828 4072 DI
845 4024 983 4084 ucestinen,
1005 4020 1150 4084 Eaccesu',
1173 4016 1299 4071 FPal.l

64 4090 247 4161 lnostn'sque
264 4086 387 4141 omnibus
404 4096 508 4158 praeter
524 4087 597 4141 Flor.
614 4085 664 4138 HI.
698 4089 850 4209 ss⁶e⁸tinessm’
879 4087 904 4141 G
927 4091 1093 4155 aceatbinen,
1119 4087 1148 4138 H
1171 4088 1300 4154 urceatim,

723 4172 778 4209 ern.
840 4161 960 4210 accestiu.

95 4224 160 4296 Cup.
171 4232 214 4293 13,
225 4227 251 4346 q.
262 4230 303 4278 19.
319 4226 449 4292 processit
458 4225 583 4293 rupique]
601 4222 663 4275 Hoo
731 4227 853 4294 inpemuit
872 4228 972 4292 quidem
990 4227 1048 4294 reu]
1085 4221 1228 4276 Sioomnes
1239 4241 1299 4277 mss.

63 4297 212 4348 emendarat
246 4291 323 4345 unius
343 4291 498 4360 rectissime;
520 4310 581 4344 nam
602 4308 663 4346 mss.
696 4293 780 4346 nostri
798 4310 956 4364 quamquam
975 4293 1056 4346 Snak.
1080 4292 1113 4344 de
1140 4291 1193 4344 suis
1219 4308 1301 4345 unum

65 4365 163 4432 erepta
186 4364 249 4434 qui,
276 4361 347 4415 Flor.
365 4359 394 4412 H
414 4361 494 4414 Bern.
512 4360 536 4413 B
554 4360 660 4414 Vocet
696 4369 800 4414 tuntum
828 4363 934 4414 Vocat
958 4368 1092 4413 auctorem
1109 4360 1197 4427 addit,
1235 4360 1300 4416 editi

65 4433 244 4501 crepituque,
262 4447 329 4483 unus
339 4427 444 4483 Flu-‚Il
456 4431 587 4499 processit
604 4446 661 4499 quo.
695 4447 741 4482 reu
759 4432 868 4500 quidem,
887 4429 973 4483 minus
990 4437 1070 4482 recte.
