2926 5174
95 267 144 341 20
560 281 594 343 o.
622 279 747 331 curru
772 277 857 328 nori

1 528 12 537 .
93 492 236 568 quoque
263 490 406 563 specus,
439 473 477 536 et
503 460 693 561 Corycium
718 484 862 546 nemuS,
897 455 960 528 ubi
992 479 1136 529 crocum
1167 455 1328 552 gignitur,

93 589 294 673 ceteraque,
320 576 357 648 in
384 574 512 672 quibus
537 573 625 645 nihil
650 581 793 671 praeter
817 571 949 642 famam
975 564 1179 638 duraverat.

46 691 91 762 11
198 683 406 760 Alexander
431 684 551 756 fauces
577 683 660 779 iugi,
687 707 778 778 quae
795 679 907 779 Pylae
925 676 1160 776 appellantia,
1177 676 1331 749 intravit.
1346 690 1367 737 11

96 797 366 894 Contemplatus
390 795 554 868 locorum
579 794 697 884 situm,
718 818 793 865 non
818 791 905 862 alias
931 789 1044 886 magis
1071 786 1203 860 dicitur
1228 785 1332 858 aduri·

94 919 195 983 ratus
223 931 300 981 esse
326 904 533 979 felicitatem
557 928 674 979 suam:
706 903 810 976 obrui
834 899 994 997 potuisse
1020 900 1080 972 vel
1105 898 1204 970 saxis
1231 899 1332 971 confi·

95 1020 251 1107 tebatur,
277 1016 307 1088 si
333 1016 492 1107 fuissent,
520 1017 580 1113 qui
605 1017 643 1088 iu
669 1015 863 1087 subeuntes
889 1010 1140 1107 propellerent.
1174 1007 1250 1081 Iter
1274 1010 1334 1081 vix
1349 1026 1370 1073 lt

97 1138 290 1227 quaternos
317 1126 481 1223 capiebat
506 1136 680 1199 armatos:
708 1123 855 1209 dorsum
879 1122 1011 1195 montis
1024 1119 1236 1193 inminebat
1248 1119 1334 1209 viae,

96 1262 171 1312 non
210 1246 383 1334 angustae
417 1236 541 1327 modo,
582 1234 647 1309 sed
684 1236 893 1334 plerumque
931 1241 1162 1330 praeruptae,
1205 1231 1334 1303 crebris

75 1347 347 1423 'oberrantibus
373 1348 470 1438 rivis,
490 1348 551 1444 qui
577 1372 624 1420 ex
649 1345 827 1421 radicibus
854 1343 1030 1416 montium
1041 1350 1200 1414 manant.
1229 1340 1334 1413 Thra·
1350 1365 1372 1415 rr

97 1482 158 1532 cas
183 1468 305 1530 tamen
330 1458 458 1530 leviter
483 1466 642 1531 armatos
667 1455 882 1555 praecedere
916 1455 1083 1543 iusserat,
1117 1453 1336 1548 scrutarique

98 1570 215 1658 calles,
240 1593 288 1640 ne
315 1569 474 1640 occultus
500 1567 614 1640 hostis
640 1568 678 1639 in
704 1568 898 1640 subeuntes
925 1572 1137 1662 erumperet.
1187 1559 1335 1660 Sagitta·

98 1679 233 1751 riorum
267 1701 408 1775 quoque
444 1702 572 1751 manus
608 1687 846 1776 occupaverat
876 1678 1016 1774 iugum:
1050 1675 1209 1747 intentos
1238 1698 1335 1746 arcus

98 1788 291 1879 habebant,
317 1789 453 1883 moniti,
479 1814 553 1863 non
579 1789 649 1862 iter
673 1790 771 1887 ipsos
797 1789 904 1878 inire,
932 1785 1002 1860 sed·
1021 1786 1207 1887 proelium.
1262 1782 1335 1858 Hoc
1351 1804 1374 1850 14

98 1897 208 1972 modo
234 1924 364 1997 agmen
390 1902 555 1997 pervenit
580 1900 628 1974 ad
653 1900 780 1974 urbem
806 1900 960 1989 Tarson,
993 1898 1050 1970 cui
1080 1907 1158 1969 tum
1185 1899 1335 1970 maxime

98 2007 231 2083 Persae
264 2010 498 2084 subiiciebant
529 2013 665 2110 iguem,
700 2036 746 2084 ne
778 2012 989 2108 opulentum
1020 2006 1193 2105 oppidum
1227 2007 1336 2080 hostis

98 2119 295 2194 invaderet.
348 2120 401 2193 At
425 2122 498 2212 ille,
531 2121 767 2195 Parmenione
801 2119 849 2193 ad
880 2118 1113 2193 inhibendum
1138 2117 1337 2190 incendium
1352 2127 1373 2177 1⁵

100 2253 183 2301 oum
210 2231 379 2327 expedita
404 2256 514 2304 manu
538 2235 745 2329 praemisso,
764 2243 957 2330 postquam
981 2230 1154 2304 barbaros
1182 2228 1337 2302 adventu

101 2362 248 2410 suorum
281 2341 425 2438 {ligatos
461 2367 539 2416 esse
579 2343 763 2439 cognovit,
803 2342 931 2415 urbem
965 2367 987 2412 a
1019 2365 1057 2413 se
1092 2352 1337 2415 conservatam

100 2449 220 2521 intrat.

53 2553 99 2624 12
204 2556 362 2634 Mediam
381 2558 529 2660 Cydnus
556 2562 680 2654 amnis,
701 2562 746 2636 de
773 2587 855 2659 quo*
869 2565 977 2660 paulo
1004 2574 1088 2635 ante
1115 2561 1252 2634 dictum
1278 2569 1366 2650 est,v

100 2793 117 2828 a
135 2774 259 2830 Cilicibus
277 2793 312 2829 ex
329 2793 394 2846 agro
404 2776 521 2832 Troiano
538 2779 628 2832 eiectis
646 2796 707 2833 con-
741 2786 793 2831 tur.
837 2779 933 2850 Itaque
949 2778 1093 2833 rectissime
1109 2779 1210 2833 factum
1236 2776 1338 2849 putoin

101 2843 169 2896 ditas
195 2844 288 2911 tradit,
315 2852 423 2898 auctore
448 2864 510 2900 usus
538 2847 706 2901 Callisthene.
740 2846 839 2900 Aldina
856 2856 887 2900 ut
905 2851 934 2901 ia
950 2866 1013 2918 prae
1032 2847 1109 2900 esitio
1127 2847 1298 2914 adiicerctur,
1313 2852 1338 2898 et

100 2911 144 2964 De
171 2911 309 2982 Typhonis
331 2930 411 2983 specu
440 2915 576 2985 pestilenti
599 2916 631 2968 el.
648 2916 707 2968 Me·
740 2932 788 2985 per
796 2916 949 2970 Modianam
967 2926 995 2968 et
1008 2867 1127 2969 Preinsh.
1146 2924 1336 2987 propagaretur.

100 2979 153 3032 lam
170 2994 191 3046 1,
208 2987 247 3034 13.
285 2981 425 3051 Corycium
442 3000 531 3036 nemus
550 2985 621 3054 quod
639 2983 706 3038 Cur·
775 2986 798 3051 ξ.
823 2992 863 3038 13.
897 2987 989 3038 moniti
1014 3003 1065 3037 aon
1091 2988 1139 3037 tter
1166 2987 1239 3053 ipsos
1263 2983 1335 3052 inire]

99 3047 153 3100 tius
170 3048 252 3115 dicit,
280 3049 334 3102 ἅντ
353 3071 387 3102 ον
405 3051 556 3122 Κωρύκιον
573 3060 614 3104 eat
636 3053 706 3123 apud
739 3051 811 3104 Flor.
830 3053 887 3105 BE
909 3053 987 3106 etin
1010 3070 1092 3132 marg.
1110 3053 1136 3104 D
1155 3056 1211 3106 reti
1229 3072 1279 3107 aon
1294 3054 1338 3104 iter

99 3115 172 3184 alios,
191 3117 263 3170 loeus
272 3117 326 3171 alte
335 3071 481 3188 depressus,
495 3121 623 3174 umbrosis
632 3139 705 3175 mon·
740 3130 800 3186 cet,
818 3129 850 3173 ut
867 3138 901 3173 ex
918 3121 980 3175 olim
998 3121 1098 3175 collatis
1106 3120 1164 3173 Pal.
1177 3129 1200 3174 1.
1219 3121 1339 3176 DeVess.

99 3184 171 3237 tibus
189 3184 364 3239 circumdatus
382 3194 411 3239 et
429 3205 505 3240 eroco
516 3188 629 3242 obsitus:
647 3189 708 3241 vide
744 3195 756 3240 1
777 3196 805 3241 et
825 3188 899 3242 Leid.
923 3189 988 3242 nihil
1011 3191 1081 3259 apud
1104 3189 1339 3259 Snakenburgium.

100 3251 188 3305 Strab.
206 3252 224 3305 l.
243 3253 260 3305 l.
284 3272 310 3322 p.
329 3261 379 3307 670
397 3271 436 3322 sq.
481 3257 592 3324 Speeam
618 3264 707 3309 tamen
741 3256 837 3325 Itaque
854 3266 956 3310 mutare
974 3257 1055 3324 nolui,
1074 3275 1133 3310 eum
1151 3259 1269 3328 alioquin
1286 3275 1340 3329 pru·

101 3319 223 3388 Corycon
240 3321 321 3372 etiam
328 3320 432 3373 Plinius
449 3323 565 3392 appellat
582 3331 636 3376 nat.
646 3324 707 3377 hist.
742 3325 806 3377 dens
824 3325 890 3378 illud
907 3326 1042 3380 eonsilium
1050 3334 1113 3406 apte
1122 3327 1157 3379 ad
1165 3328 1341 3380 Alexandrum

101 3401 131 3453 V,
150 3404 171 3439 c.
190 3394 222 3440 27
244 3391 279 3454 (ξ.
288 3391 341 3453 92).
741 3393 878 3449 referatur.
921 3396 946 3447 Ε
969 3403 1129 3448 correctione
1156 3397 1215 3448 eod.
1233 3392 1341 3450 Floro

121 3453 175 3534 ¹Ca
195 3495 201 3506 .
222 3460 264 3533 11,
284 3457 308 3521 §.
322 3461 360 3507 11.
389 3460 575 3526 contempletur
593 3460 707 3512 locorum
741 3461 823 3514 habet
844 3464 938 3515 inituri
959 3482 1011 3516 nort
1033 3466 1083 3516 iter
1105 3465 1192 3532 speum
1210 3467 1260 3518 sed
1269 3479 1340 3544 pree·

101 3472 194 3592 artemi
230 3523 317 3574 Selom
335 3539 425 3576 omnes
442 3540 502 3578 mss.
521 3525 619 3594 nostri,
642 3527 707 3579 editi
741 3531 813 3582 lium.
848 3530 929 3584 Bern.
947 3531 970 3584 B
990 3531 1106 3584 et'Flor.
1123 3533 1152 3584 H
1169 3531 1199 3585 in
1216 3533 1341 3603 pravitate

103 3593 221 3658 (praeter
237 3589 326 3658 Mod.)
344 3592 421 3645 situs.
741 3599 796 3650 lere
813 3600 1001 3653 concordantes
1024 3619 1076 3653 raon
1094 3601 1162 3652 irater
1179 3602 1253 3669 specs
1271 3603 1340 3664 inire,

136 3658 182 3736 qul
199 3659 227 3709 in
245 3659 382 3739 subeuntes
396 3664 585 3733 propellerent]
624 3663 708 3718 Codd.
742 3673 800 3719 tum
816 3665 861 3719 ille
879 3685 915 3735 ae,
934 3668 978 3721 hic
994 3672 1048 3722 sed.
1066 3670 1183 3721 BernA
1202 3672 1285 3723 inires
1304 3669 1342 3738 (ed

103 3723 222 3795 plenque
239 3742 304 3796 prae
339 3736 434 3780 srtlone
456 3730 551 3783 omissa
576 3733 622 3800 qui
648 3735 708 3786 salr-
742 3751 821 3805 supra
837 3735 934 3788 lineam
951 3737 1074 3806 expletur
1091 3755 1107 3790 a
1123 3755 1206 3791 manu
1223 3740 1340 3803 recent),

104 3803 192 3872 euntes
214 3812 267 3863 pro
286 3797 408 3863 elerent,
435 3798 578 3853 deteriores
604 3808 709 3854 tantum
741 3803 811 3856 huno
830 3803 923 3874 opinor
939 3805 1040 3858 fontem
1061 3823 1117 3858 esse
1135 3805 1333 3876 depravationis.

104 3859 164 3914 lrbrr
181 3812 286 3916 Flenss
305 3863 381 3917 Voss.
397 3872 412 3918 2
432 3868 478 3946 qul
495 3870 631 3922 subeuntes
645 3888 708 3940 per·
778 3875 801 3939 ᾗ.
812 3879 853 3924 14.
871 3876 1036 3927 tammoaime
1053 3876 1239 3945 subiiciebant]
1258 3877 1341 3927 Anno·

103 3931 232 3999 callerent,
253 3931 332 3984 Bern.
351 3933 374 3984 B
394 3951 439 4002 qur
456 3938 592 3990 aubeamea
606 3942 709 4006 procel-
743 3941 862 3993 tandum'
879 3949 945 4011 puto
962 3951 1022 3995 tuac
1039 3961 1108 3995 orer.
1127 3941 1155 3994 in
1172 3961 1227 3997 uno
1244 3939 1340 3996 FlouB

105 3998 192 4052 lerant.
226 4001 348 4079 Apparet
374 4002 399 4054 h.
418 4002 436 4054 l.
462 4003 513 4057 dici
539 4006 572 4058 de
597 4005 711 4076 impulsu
745 4024 810 4075 esse,
829 4019 889 4062 tane
907 4013 1076 4063 cummaxime
1086 4012 1170 4091 (quod
1178 4012 1254 4064 Mod.
1264 4009 1340 4086 dedit)

105 4081 228 4120 saxorum
242 4086 288 4137 qur
296 4087 376 4122 manu
385 4078 431 4123 aut
440 4074 507 4141 pede
516 4073 601 4140 fieret,
620 4093 710 4144 quem·
744 4076 772 4129 in
789 4076 872 4144 nullo,
890 4079 1094 4133 sedsabe‘eebeat
1107 4099 1134 4131 rn
1152 4081 1273 4132 omnibus
1291 4095 1340 4147 qm·

106 4132 247 4187 admodum
265 4136 363 4191 Caesar
379 4140 440 4192 bell.
455 4139 524 4192 Gall.
535 4156 580 4207 111,
600 4150 632 4196 46
651 4162 710 4196 ero·
745 4146 794 4197 bus
812 4155 874 4199 utor
890 4156 995 4216 praeter
1004 4147 1075 4202 Flor.
1100 4147 1175 4215 Gest,
1193 4150 1254 4202 vide
1271 4160 1341 4217 supra

103 4208 191 4267 terque
196 4221 247 4270 pre
257 4208 398 4261 munitione
408 4210 521 4262 obiectas
526 4214 709 4290 propulerant,
747 4220 770 4280 1,
789 4221 814 4280 2,
835 4222 875 4268 13.

103 4271 238 4350 arjossas⁸
255 4280 495 4330 transscenderent:
513 4278 629 4332 hommes
647 4297 710 4334 vero
780 4282 845 4353 Cap.
866 4290 907 4349 12,
927 4290 951 4350 §.
972 4293 994 4337 1.
1016 4285 1122 4353 Cydnus
1141 4286 1340 4409 omnislss0mit·

103 4342 183 4391 etum
204 4338 256 4393 alio
280 4342 370 4410 quovis
394 4346 473 4400 modo
486 4349 603 4416 propelli
620 4347 710 4402 dicun·
745 4349 812 4404 titur
829 4353 985 4407 vocabulum
1002 4354 1084 4407 amnis
1103 4354 1130 4408 in
1147 4354 1219 4409 Flor.
1264 4396 1270 4409 .
