2926 5174
352 398 354 402 Ι
387 332 437 382 nn
463 330 590 384 onsms
616 329 726 381 Atax.
752 328 870 401 1v,o1.
1184 316 1257 390 157
1324 370 1329 379 .

107 511 212 608 sequi
244 536 318 585 non
350 522 533 611 poterant,
568 515 662 589 inter
695 523 840 587 mutuos
865 514 1020 611 gemitus
1046 514 1257 593 desereban-

79 679 81 694 .
130 618 219 696 Sitis
245 624 435 723 praecipue
459 625 629 723 fatigatos
655 635 693 698 et
718 625 857 698 saucios
882 625 1085 722 perurebat,
1111 630 1258 725 passim·

79 768 81 799 ι
116 733 288 808 omnibus
322 735 408 808 rivis
440 746 712 834 prostraverant
743 759 910 833 corpora,
944 737 1258 833 praeterfluentem

79 856 143 916 am
177 843 296 917 hianti
327 870 390 919 ore
421 857 618 946 captantes.
680 844 797 936 Quam
816 871 914 919 -oum
946 847 1051 921 avide
1077 848 1259 925 turbidam

79 955 229 1046 sissent,
243 955 484 1030 tendebantur
510 960 692 1057 extemplo
718 957 928 1056 praecordia
948 970 1137 1057 premente
1163 962 1258 1055 limo,

79 1066 253 1162 >lotisque
279 1076 317 1140 et
341 1068 566 1166 torpentibus
592 1070 772 1160 membris,
798 1093 880 1140 cum
906 1072 1172 1168 supervenisset
1197 1074 1260 1148 ho·

85 1232 95 1268 ,
133 1178 243 1250 novis
283 1179 491 1254 vulneribus
531 1180 792 1255 excitabantur.
863 1176 1037 1272 Quidam,
1075 1187 1259 1283 occupatis

79 1288 184 1360 ximis
212 1288 312 1379 rivis,
339 1287 571 1363 deverterant
595 1292 755 1390 longius,
781 1299 824 1363 ut
848 1289 1016 1388 quicquid
1041 1293 1171 1365 occulti
1195 1295 1260 1369 hu·

79 1399 119 1471 ris
145 1424 304 1496 usquam
329 1411 509 1492 manaret,
546 1402 772 1500 exciperent,
806 1425 873 1474 neo
898 1400 972 1474 ulla
997 1401 1089 1476 adeo
1114 1405 1198 1477 avia
1223 1416 1261 1480 et

79 1536 105 1582 a
128 1511 265 1583 lacuna
291 1521 388 1603 erat,
413 1522 455 1585 ut
480 1512 736 1609 vestigantium
761 1513 857 1586 sitim
882 1512 1030 1585 falleret
1082 1511 1115 1585 E
1140 1517 1259 1614 proxi·

79 1647 82 1690 v
112 1647 202 1696 vero
239 1621 358 1694 itineri
391 1622 479 1696 vicis
505 1624 663 1697 ululatus
689 1648 816 1697 senum
841 1622 1123 1721 feminarumque
1150 1650 1259 1701 exau·

79 1731 214 1823 bantur,
243 1731 400 1805 barbaro
426 1734 498 1806 ritu
522 1732 682 1806 Dareum
708 1733 826 1806 adhuc
851 1757 976 1831 regem
1001 1734 1240 1811 clamantimn

114 1841 348 1932 Alexander,
386 1852 427 1915 ut
465 1870 575 1944 supra
619 1843 755 1917 dictum
795 1855 867 1935 est,
915 1843 1066 1916 inhibito
1111 1851 1308 1922 suorum62

79 1965 145 2050 retu
172 1953 223 2027 ad
249 1953 389 2053 Lycum
415 1981 555 2029 amnem
581 1964 806 2053 pervenerat,
826 1955 889 2027 ubi
913 1955 1039 2052 ingens
1066 1956 1259 2032 multitudo

79 2066 224 2156 ‚ientium
251 2076 467 2139 oneraverat
491 2076 655 2165 pontem,
682 2075 720 2139 et
745 2066 920 2163 plerique,
955 2090 1037 2138 cum
1061 2066 1176 2140 hostis
1202 2091 1259 2140 ur-

79 2186 130 2268 et,
164 2179 204 2250 in
240 2177 376 2250 flumen
412 2203 450 2251 se
475 2178 819 2275 praecipitaverant,
851 2202 1053 2275 gravesque
1087 2179 1194 2252 armis
1222 2187 1260 2253 et

79 2288 145 2361 telio
172 2314 217 2361 ac
246 2290 334 2385 fuga
358 2288 543 2386 defatigati
568 2288 769 2385 grugitibus
795 2288 1061 2361 hauriebantur.
1113 2287 1260 2387 Iamque

79 2421 210 2496 npons
247 2398 358 2472 modo
393 2400 585 2497 fugientes,
621 2397 685 2471 sed
711 2423 757 2472 ne
784 2399 898 2472 amnis
925 2397 1069 2496 quidem
1095 2400 1260 2498 capiebat

79 2509 155 2582 nina
182 2535 253 2583 sua
277 2508 478 2607 improvide
505 2508 657 2583 subinde
684 2510 923 2584 cumulantesr
957 2512 1088 2610 quippe
1120 2512 1183 2585 ubi
1208 2511 1259 2584 in·

79 2621 127 2693 ‚vit
148 2621 293 2694 animos
319 2644 444 2718 pavor,
470 2618 509 2692 id
534 2620 651 2692 solum
674 2629 860 2710 metuunt,
887 2620 986 2718 quod
1010 2623 1165 2720 primum
1190 2623 1260 2696 for·

79 2792 133 2840 .12.
156 2788 281 2841 munibus
298 2788 376 2857 rivis]
404 2785 449 2840 Sic
466 2785 504 2839 ait
521 2801 550 2838 se
566 2802 622 2838 ma·
656 2787 773 2840 ululatus
790 2804 895 2840 senam:
918 2786 955 2840 sie
971 2785 1045 2840 Mod.
1064 2794 1092 2840 et
1109 2787 1184 2841 codd.
1202 2785 1260 2857 qui-

79 2869 98 2905 se
111 2873 166 2909 enm
183 2854 280 2926 paucis
297 2854 500 2921 Freinshemius,
518 2871 577 2908 cum
594 2853 623 2906 in
655 2855 705 2907 bus
722 2853 837 2907 maxime
854 2854 992 2921 oredimus,
1007 2854 1088 2924 vulgo
1096 2853 1161 2907 editi
1169 2871 1260 2907 senam
1334 2892 1340 2899 -

79 2959 85 2973 .
108 2925 220 2995 antiquis
259 2925 377 2976 omnibus
408 2924 459 2977 ciis
488 2922 623 2993 legeretur
655 2924 781 2975 udatus.
817 2923 871 2976 Sed
916 2921 962 2975 uid
988 2921 1038 2975 sibi
1064 2922 1189 2976 volebant
1214 2920 1261 2975 isti

79 3006 161 3064 nrsqm
177 2990 292 3047 Modius
310 2995 383 3058 (nam
399 2990 490 3044 lunius
507 2990 535 3044 in
552 3007 622 3043 mar·
656 2989 789 3043 ululatus?
830 2989 899 3044 Sche
918 3007 979 3043 erus
1004 2996 1083 3060 putat
1108 3007 1125 3044 o
1159 3008 1186 3042 m
1210 2989 1260 3042 im-

79 3067 205 3115 ttmtnm
233 3061 330 3127 habet)
361 3059 521 3112 restituisset
547 3061 621 3112 rivis.
656 3058 817 3138 plorantium
839 3057 932 3125 fuisse3
958 3073 1050 3110 verum
1075 3075 1093 3110 n
1132 3075 1149 3111 a
1174 3058 1261 3112 adhuc

250 3127 621 3250 r,
826 3193 1259 3250 ...

79 3262 87 3319 i·
100 3269 132 3318 11.
148 3285 204 3321 com
220 3268 301 3320 avide
314 3266 446 3318 turbidam
460 3214 619 3331 sanilam]
655 3271 726 3316 ctam
750 3279 801 3333 pro
825 3263 932 3316 fortuna
962 3210 1096 3334 regibrum
1127 3212 1260 3317 almorum

79 3327 101 3410 k·
115 3351 167 3388 cum
185 3337 235 3389 dia
254 3335 337 3387 avidi.
373 3332 428 3386 Sed
450 3334 497 3385 diu
519 3339 547 3385 et
573 3347 621 3402 per
654 3331 764 3385 habitas.

79 3399 126 3454 nhil
144 3411 185 3457 est
211 3404 238 3456 h.
262 3403 279 3454 l.
302 3408 330 3454 et
354 3403 388 3454 ab
407 3401 527 3454 omnibus
544 3400 620 3454 codd.
690 3399 755 3471 Oap.
775 3406 821 3464 62,
840 3402 863 3468 ξ.
884 3406 924 3453 16.
960 3400 1069 3454 inhibito
1085 3418 1193 3455 suorum
1210 3401 1259 3454 im-

79 3468 125 3523 aris
140 3480 213 3525 certe
230 3478 261 3524 et
279 3469 375 3590 Suebi«)
394 3471 477 3522 abest.
501 3469 572 3523 Flor.
596 3468 620 3520 B
650 3472 727 3538 pets]
744 3468 882 3522 Editiones
896 3477 1004 3539 praeter
1014 3469 1089 3522 Mod.
1105 3487 1194 3537 cursa,
1209 3468 1259 3522 mi-

79 3540 181 3593 vdcinde
199 3541 335 3592 turbidam
376 3537 424 3591 lor.
440 3535 542 3592 CEGH
560 3540 622 3590 dam
654 3553 884 3591 rumeumomnes
893 3537 969 3591 codd
978 3537 1044 3590 illud
1052 3538 1203 3607 praeferant
1212 3554 1259 3591 ne-

79 3605 248 3661 leturbidom.
285 3605 456 3660 Adiectivum
477 3608 551 3659 ouidi
572 3620 622 3657 nec
655 3622 707 3684 que
732 3622 825 3659 causae
855 3605 996 3727 quicpuam
1020 3606 1187 3678 intelligatur
1213 3624 1260 3661 cur

79 3688 105 3725 m
119 3683 158 3729 est
174 3675 203 3729 in
220 3674 307 3742 mstis,
325 3673 376 3728 nisi
394 3675 465 3728 forte
482 3673 620 3728 inVoss.2
655 3692 740 3727 mmus
758 3675 900 3744 probatum
929 3673 1006 3728 uerit.

86 3740 178 3797 siletur.
690 3746 714 3808 s.
734 3749 774 3795 17.
798 3743 940 3810 improvide
957 3745 1068 3796 subinde
1086 3744 1259 3814 cumulantes]

79 3816 137 3865 .14.
179 3815 346 3865 deverterant
372 3809 538 3863 scribendum
563 3815 622 3863 erat
655 3808 722 3864 Meti
739 3810 883 3863 deteriores
900 3810 1002 3881 (quales
1021 3817 1084 3863 sunt
1101 3811 1172 3863 Flor.
1187 3809 1259 3880 Gr),

79 3880 194 3932 nundum
202 3879 311 3948 regulas
320 3877 621 3950 nuncquidemomnium
656 3895 690 3931 ex
709 3877 804 3948 quibus
818 3877 949 3949 principes
965 3879 1025 3932 edd.
1035 3884 1097 3930 sunt
1111 3892 1259 3947 expressae,

79 3949 482 4070 ttbfflltttdttt
503 3946 621 4067 “idiul
654 3944 1260 4069 llttdtltttrdtlt{tutta

79 4079 131 4151 ΕΗ)
147 4032 359 4138 auctoritatem.q
376 4055 515 4137 Edebatbr
531 4054 621 4137 autem
655 4033 882 4155 eliquodpdomen
902 4083 974 4153 quod
994 4080 1138 4160 adiicerent
1156 4080 1260 4200 puaesi·
1375 4100 1378 4105 ⁴

79 4159 183 4206 muana
654 4161 765 4219 verunt,
792 4151 855 4204 inde
885 4159 974 4204 autem
996 4149 1111 4220 profecti
1137 4147 1208 4201 For.
1235 4148 1258 4203 C

79 4220 293 4290 tvestiyontiam]
316 4219 417 4300 'Vulgo
434 4237 500 4290 quoe
520 4223 586 4274 vesti
604 4261 621 4288 .,
649 4222 762 4291 provide
795 4236 881 4290 apae,
908 4220 937 4272 H
958 4225 987 4271 et
1007 4217 1089 4270 Bern.
1106 4215 1260 4285 Bproinde

89 4295 173 4341 matra
190 4288 287 4354 codd,
315 4306 342 4340 m
360 4305 471 4358 quorum
488 4240 621 4343 nonnullis
645 4293 744 4360 sapae,
761 4222 839 4342 dosa.
858 4294 873 4340 2
881 4305 940 4408 l&ro
959 4303 1004 4339 era
1013 4287 1101 4355 fuooe
1119 4285 1263 4338 dederunt.¹

79 4367 107 4407 vr.
121 4355 223 4411 ABCH
240 4355 318 4408 Leid.
339 4357 413 4410 Voss.
431 4361 459 4424 2)
499 4358 552 4412 uod
578 4376 621 4410 ca·
656 4358 732 4422 Quae
749 4355 864 4409 ludibria
913 4354 988 4408 0‘ns
1023 4340 1112 4406 rolata
1129 4353 1258 4407 librorum

79 4425 172 4479 rontium
188 4424 292 4496 legitur
308 4441 361 4479 non
376 4443 471 4481 moror.
481 4375 622 4498 qSequitur
654 4425 829 4497 integriorum
847 4425 976 4494 scriptura
1030 4418 1086 4474 ‘vit
