2984 5176
195 289 265 361 102
683 308 718 370 o.
746 305 971 358 connisum

185 490 308 591 pedes.
360 488 460 562 Haec
487 489 656 588 Aegyptii
693 515 779 562 vero
807 490 942 562 maiora
967 490 1165 562 iactabant
1227 488 1308 565 Sed
1336 493 1466 590 ingenst

187 600 319 699 cupido
345 600 503 671 animum
529 601 737 673 stimulabat
765 600 921 673 adeundi
934 599 1068 689 lovem,
1082 626 1199 696 quem
1228 605 1380 700 generis
1404 604 1446 676 sui

187 724 389 799 auctorem,
424 709 521 782 haud
561 721 752 784 contentus
784 711 926 784 mortali
964 711 1126 809 fastigio,
1172 724 1244 785 aut
1286 714 1445 788 credebat

189 848 278 913 esse,
305 832 369 895 aut
395 821 491 894 credi
518 823 675 896 volebat.
1481 854 1483 951 q

138 938 187 1011 30
292 933 389 1032 Ergo
417 960 498 1006 cum
523 935 595 1023 his,
631 958 720 1029 quos
747 931 876 1006 ducere
905 958 1028 1006 secum
1057 944 1266 1027 statuerat,
1299 936 1483 1013 secundet:

188 1071 293 1120 amne
321 1044 505 1118 descendit
530 1044 578 1118 ad
604 1042 780 1117 Mareotin
807 1043 986 1142 paludem.
1039 1042 1094 1117 Eo
1120 1045 1240 1141 legati
1273 1046 1442 1147 Cyrenen·
1481 1038 1483 1129 l

187 1159 280 1232 sium
315 1156 410 1231 dona
441 1158 609 1246 attulere,
646 1179 790 1253 pacem,
827 1166 864 1227 et
897 1166 938 1226 ut
969 1154 1086 1228 adiret
1112 1156 1232 1229 urbes
1265 1184 1374 1251 suaa,
1396 1183 1441 1258 pc

187 1280 316 1345 tentes.
355 1267 429 1359 Ille,
456 1269 559 1342 donis
585 1265 751 1362 acceptis,
778 1265 1003 1361 amicitiaque
1030 1267 1242 1359 coniuncta,
1275 1271 1442 1344 destinata

187 1381 317 1479 exequi
341 1382 470 1479 pergit.
522 1381 577 1452 Ac
611 1377 726 1475 primo
754 1375 896 1472 quidem
923 1388 961 1452 et
986 1388 1161 1474 sequente
1192 1380 1257 1455 die
1289 1384 1467 1458 tolerati-n

185 1495 229 1566 lis
254 1494 359 1565 labor
384 1491 502 1579 visus,
535 1486 697 1562 nondum
729 1497 804 1559 tam
839 1489 951 1562 vastis
977 1489 1156 1585 nudisque
1187 1493 1440 1568 solitudinibus

188 1603 311 1692 aditis,
343 1602 416 1673 iam
450 1610 571 1673 tamen
598 1600 708 1672 sterili
735 1610 772 1671 et
803 1601 998 1673 emoriente
1025 1612 1131 1673 terra
1191 1599 1275 1678 Sed
1306 1618 1350 1679 ut
1372 1622 1466 1704 ape-11

189 1738 294 1787 ruere
328 1737 366 1785 se
393 1713 508 1808 campi
535 1712 608 1784 alto
635 1711 756 1784 obruti
782 1711 924 1801 sabulo,
956 1711 1055 1784 haud
1089 1735 1197 1784 secus
1227 1741 1350 1812 quam
1371 1743 1438 1814 pro·
1481 1762 1483 1853 q

188 1824 341 1898 fundum
366 1831 500 1920 aequor
525 1823 691 1917 inpressi,
726 1833 859 1894 terram
892 1823 1003 1895 oculis
1035 1823 1295 1919 requirebant.
1348 1826 1438 1901 llulla
1450 1842 1483 1911 121

187 1938 306 2028 arbor,
332 1936 470 2008 nullum
497 1935 582 2007 culti
608 1933 675 2006 soli
703 1934 914 2005 occurrebat
940 1934 1141 2031 vestigium.
1201 1936 1322 2034 Aqua
1349 1941 1438 2012 etiam
1481 1932 1483 1989 ἶ

190 2048 385 2137 defecerat,
420 2072 528 2143 quam
554 2046 695 2118 utribus
723 2044 847 2116 cameli
874 2057 1069 2134 vexerant,
1105 2056 1142 2117 et
1169 2045 1211 2118 in
1240 2050 1352 2123 arido
1377 2050 1438 2122 solo

189 2184 232 2231 ae
256 2155 397 2230 fervido
424 2157 549 2230 sabulo
575 2155 673 2228 nulla
699 2163 786 2227 erat.
827 2153 887 2225 Ad
900 2156 968 2228 hoc
995 2157 1049 2228 sol
1074 2156 1199 2228 omnia
1225 2157 1437 2249 incenderat,
1449 2173 1464 2221 1³

191 2269 356 2364 siccaque
383 2276 421 2339 et
446 2264 575 2338 adusta
602 2277 705 2338 erant
731 2290 813 2337 ora:
848 2291 930 2338 cum
954 2276 1111 2365 repente,
1138 2266 1221 2342 sive
1251 2271 1349 2345 illud
1374 2272 1437 2345 dee

190 2404 272 2452 rum
305 2401 452 2466 munus,
488 2376 564 2449 sive
599 2401 702 2449 casus
728 2377 815 2465 fuit,
843 2377 1021 2451 obductae
1049 2379 1148 2452 coelo
1177 2381 1308 2457 nubes
1338 2382 1437 2457 condi·

192 2488 278 2564 dere
304 2489 431 2575 solem,
466 2486 591 2583 ingens
618 2497 722 2560 aestu
748 2488 926 2584 fatigatis,
963 2489 1101 2561 etiamsi
1137 2515 1239 2586 aqua
1270 2493 1436 2582 deficeret,

191 2600 374 2674 auxilinm.
427 2594 638 2689 Enimvero,
672 2608 714 2670 ut
750 2599 891 2695 largum
927 2625 1070 2697 quoque
1095 2599 1257 2674 imbrem
1289 2630 1437 2680 excusse
1449 2615 1466 2664 1⁴

190 2721 276 2785 runt
301 2710 494 2810 procellae,
530 2735 596 2808 pro
633 2734 671 2782 se
708 2710 859 2806 quisque
888 2714 1053 2810 excipere
1081 2736 1181 2802 eum,
1223 2716 1378 2811 quidam
1400 2715 1435 2788 ob

190 2823 287 2898 sitim
312 2822 529 2919 impotentes
556 2821 626 2911 sui,
663 2845 725 2893 ore
752 2847 895 2918 quoque
922 2823 1035 2895 hianti
1061 2831 1211 2919 captare
1240 2835 1436 2927 coeperunt

193 2931 433 3024 Quatriduum
458 2957 523 3030 per
549 2943 672 3005 vastas
699 2932 910 3008 solitudines
937 2934 1168 3031 absumptum
1189 2946 1262 3008 est.
1308 2939 1435 3033 Iamque
1450 2945 1468 2996 1⁵

191 3045 289 3120 haud
325 3045 451 3144 procul
489 3045 623 3116 oraculi
659 3043 745 3117 sede
777 3045 943 3135 aberunt,
988 3069 1070 3117 cum
1104 3047 1322 3142 complures
1353 3043 1438 3120 corvi

190 3245 269 3300 simul
286 3243 368 3297 etiam
385 3260 495 3296 numero
511 3243 601 3313 plures
619 3244 694 3296 codd.
713 3244 797 3312 (Flor.
834 3244 953 3298 discedit.
987 3245 1078 3299 Etiam
1096 3243 1260 3316 Sallustius,
1282 3250 1332 3305 ubi
1349 3257 1387 3304 est
1400 3262 1439 3318 pro

191 3314 241 3367 AB
260 3321 288 3365 et
305 3310 409 3379 DFGI)
427 3328 476 3381 pro
493 3311 538 3362 vul
559 3351 565 3363 .
583 3329 635 3363 uon
654 3321 761 3365 tuntum.
851 3324 978 3381 ractores,
997 3331 1133 3384 nunquam
1150 3316 1190 3366 ad
1208 3318 1280 3372 baec
1299 3321 1349 3373 sed
1363 3319 1439 3372 educ

227 3379 292 3448 Cap.
311 3385 353 3441 30,
373 3381 396 3447 ς.
414 3385 438 3432 9.
452 3381 506 3456 ,αά
523 3328 657 3431 niareoun
669 3382 796 3448 paludem
825 3331 928 3436 labet:
960 3383 993 3437 ol.
1025 3382 1146 3437 Curtium
1172 3383 1210 3436 ad
1246 3385 1337 3442 Catil.
1363 3405 1384 3443 u
1407 3390 1439 3438 44.

193 3454 222 3500 et
238 3446 326 3526 plures
348 3454 376 3497 et
399 3444 519 3498 mehores
545 3447 620 3499 codd.
638 3464 688 3516 pro
706 3449 795 3502 termi-
831 3452 911 3521 Apud
933 3450 1039 3504 Livium
1061 3450 1200 3504 Drakenb.
1224 3454 1335 3527 ubique
1356 3459 1392 3510 ad
1404 3456 1439 3507 loc

192 3522 300 3568 natione
316 3512 414 3566 Latina
430 3514 580 3566 Mareotim.
828 3519 955 3584 restituit,
974 3537 1053 3589 quem
1069 3518 1182 3572 vidend
1201 3519 1269 3607 libr.
1288 3539 1361 3593 ΠΙ,
1379 3530 1415 3578 52.

227 3585 250 3650 §-
270 3588 311 3635 10.
348 3592 467 3651 willelm
485 3581 538 3651 dle]
575 3582 619 3636 Sic
640 3582 719 3665 ¹⁰¹¹&
736 3586 794 3656 Plu*
863 3625 959 3676 adusto
982 3631 1123 3674 crantore
1141 3621 1227 3675 Bern.
1245 3624 1277 3678 A
1301 3626 1376 3682 Flor.
1393 3622 1439 3687 AB,

193 3719 226 3771 de
243 3716 340 3772 nostris
357 3735 425 3770 unus
442 3718 512 3772 Flor.
564 3721 653 3788 habet,
672 3723 706 3775 de
715 3722 796 3777 Snak.
831 3688 940 3811 iffi?
941 3689 1126 3812 2310ᾚέ
1127 3690 1160 3741 de
1168 3689 1261 3746 mium
1271 3703 1350 3776 ut⁰¹:
1366 3693 1439 3763 ΜΨ

1037 3798 1044 3825 ,
1115 3765 1176 3828 pte,
1203 3773 1374 3829 praesertim
1393 3777 1439 3816 nm

192 3785 265 3840 libris
284 3786 318 3854 (si
334 3785 399 3839 fides
417 3785 516 3855 silenti)
534 3789 610 3842 Voss.
629 3799 749 3861 uterque.
832 3827 859 3878 id
881 3827 890 3879 i
910 3845 968 3880 sum
988 3825 1069 3897 paulo
1093 3829 1286 3896 prmerit·
1331 3832 1367 3886 In
1389 3827 1439 3884 edi&

227 3859 251 3924 ς.
271 3862 310 3908 12.
335 3857 428 3908 cameli
445 3859 579 3935 vexerunt]
602 3858 701 3912 Editur
717 3860 798 3930 vulgo
832 3894 870 3948 sn
906 3897 966 3949 enh.
988 3893 1105 3950 conffisio
1146 3897 1264 3951 uaedam
1291 3898 1439 3955 mimium

192 3926 359 3989 deuexereut3
386 3941 436 3995 ego
458 3925 584 3978 librorum
610 3945 670 3981 mss.
688 3946 797 3982 consen·
831 3973 884 4030 est,
913 3981 998 4035 neque
1020 3913 1186 4034 enimxpffius
1212 3964 1285 4020 illud
1310 3970 1398 4024 omnia
1418 3964 1440 4018 in

192 4009 370 4180 {Ueiiiiiluib
385 4063 432 4114 ru
449 4061 532 4114 nem.
548 4064 574 4141 a
591 4063 662 4116 rior.
681 4063 797 4146 Acon
830 4033 905 4085 ‘¹¹⁸²ss
923 4041 1052 4146 Vm·

192 4128 652 4268 ‚multatis,tlgtblttss
668 4133 796 4256 {litt
830 4132 1439 4270 addit,‘iiii”il⁶ifi⁶lis⁶s¹³lll‘elil

193 4261 236 4318 cf.
254 4278 294 4317 ιν.
311 4271 354 4344 47,
372 4272 396 4329 4,
415 4279 444 4332 V,
464 4272 505 4332 15,
525 4273 567 4320 24.
602 4268 664 4348 llno
677 4269 740 4350 ¹loco
751 4285 794 4339 111,
831 4271 921 4324 ctione
944 4273 1067 4326 effectum
1084 4279 1134 4324 est.
1169 4271 1240 4328 Mox
1266 4277 1364 4331 hiante
1380 4274 1441 4330 Flore

192 4337 269 4412 2⁵⁹⁷
294 4333 382 4387 Victor
396 4336 438 4415 'ad
454 4335 724 4390 baecAtlremeuseum
732 4339 796 4418 Plei-
830 4339 858 4392 H
885 4341 1007 4394 Bern.B
1035 4338 1132 4393 nullius
1159 4339 1224 4396 fidei
1247 4340 1329 4406 libri:
1347 4339 1439 4414 sulpit

193 4401 281 4469 tmpus
293 4410 374 4469 pater
390 4403 560 4456 invocabatur
577 4421 593 4456 a
607 4407 796 4460 consuetudine
829 4415 922 4462 tamen
941 4409 1058 4463 Medius.

192 3649 252 3704 rimi
269 3649 358 3702 codd:
384 3652 501 3718 sequenti
523 3652 596 3774 guod
613 3650 641 3704 in
659 3653 735 3707 edrtis
753 3664 794 3708 est
