2926 5174
472 301 524 354 ua
551 299 679 353 casus
706 301 815 354 aiax.
841 304 904 372 vn,
930 301 971 349 ao.
1117 247 1122 267 ⁵
1266 276 1337 357 331

103 512 197 561 cmm
223 486 409 588 inserentes,
435 484 610 583 contempti
635 485 685 558 ad
708 487 790 579 idos,
817 488 878 588 qui
901 488 1096 589 defecerunt,
1121 501 1339 563 revertemur.-

103 597 232 671 cicero
263 597 411 672 Tanaim
435 597 685 689 nomenatus,
720 609 751 670 ct
775 597 892 698 ubique
917 599 1053 673 inuictm
1078 623 1147 672 esse
1172 625 1232 674 nos
1259 597 1339 698 Smp-

102 709 231 781 tbarum
251 708 404 807 pernicie
429 734 470 782 ac
493 709 658 806 sanpuine
680 709 925 801 ostenderimus,
951 712 1027 810 quis
1043 709 1202 784 dubitabit
1214 734 1340 810 parere

103 819 198 893 dmm
214 819 378 918 Europae
394 817 591 893 uictoribus?
634 817 789 910 Fallitur,
815 819 874 919 qui
889 821 1044 896 tenuimus
1065 821 1192 920 picride
1209 835 1340 896 austrae

103 931 230 1005 metitur
256 930 382 1029 spatio,
413 931 501 1031 quod
526 929 702 1003 transituri
725 955 853 1003 mmm.
915 930 1010 1006 Unus
1041 934 1151 1007 amnis
1176 933 1341 1030 interfluit,

103 1067 196 1142 pen
221 1042 254 1116 si
278 1041 471 1132 uotiuum,
503 1042 540 1116 in
564 1040 741 1140 &oropum
767 1064 866 1114 arran
886 1043 1104 1142 prrtferimus.
1156 1043 1203 1119 Et
1228 1045 1345 1144 quanti

103 1154 346 1228 aestimandum
372 1166 432 1244 est,
462 1154 545 1227 dum
570 1152 694 1227 Asiam
719 1149 920 1250 subipimus,
947 1154 983 1227 in
1009 1155 1075 1230 aiio
1101 1157 1344 1256 quodammodo

105 1264 176 1338 orbe
200 1278 341 1364 tropaea
366 1276 520 1355 statuere,
555 1276 584 1337 et
615 1287 701 1363 quae
733 1275 804 1335 tam
829 1262 926 1362 tonpo
952 1264 1122 1340 interuallo
1146 1279 1271 1340 namra
1296 1268 1343 1341 ui

105 1377 197 1451 datin
228 1376 421 1466 duemtsse,
458 1399 529 1451 unu
559 1373 697 1449 uictoria
727 1373 832 1448 subto
864 1377 1084 1450 committere!
1134 1376 1184 1451 At
1216 1378 1345 1452 lurcuie

102 1488 333 1586 sipauiubum
359 1486 610 1577 cessaverimus,
648 1485 685 1558 in
710 1486 811 1586 terpis
841 1487 964 1562 matris
990 1484 1131 1587 Suom
1156 1488 1342 1563 haerebam.

102 1599 158 1673 An
182 1599 247 1673 soii
278 1622 410 1689 samua,
448 1598 507 1697 qui
525 1599 678 1697 flumina
710 1608 887 1671 bamnare
912 1598 1118 1697 possumus?
1169 1598 1281 1673 Multa
1307 1599 1345 1673 in

103 1709 317 1808 mumtipsos
342 1708 493 1800 recident,
525 1708 643 1808 probus
668 1708 778 1781 adbuc
803 1706 955 1782 nmmos.
1008 1709 1162 1785 Fortuna
1187 1709 1263 1783 beili
1287 1735 1342 1784 ar·

102 1835 162 1895 tem
186 1822 289 1896 cums
316 1844 442 1921 quoquo
467 1820 565 1894 docet.
627 1817 760 1893 Utribus
786 1843 918 1892 amnem
944 1819 1133 1894 traiiciendi
1155 1821 1342 1920 cuempiam

92 1934 238 2034 fecimus
272 1956 401 2031 nuper:
440 1932 514 2024 boc,
556 1945 592 2006 ut
627 1927 768 2029 Scptbae
802 1930 931 2005 imiimi
963 1931 1127 2023 nesciant,
1160 1932 1345 2008 Bactriani

103 2043 266 2119 docebunt.
319 2042 496 2118 Praemrea
527 2069 615 2117 unus
643 2041 751 2142 pentir
785 2041 886 2116 buius
916 2043 1078 2118 acacius
1109 2043 1219 2117 adbuc
1244 2045 1339 2137 venri,

104 2157 198 2229 ceteri
221 2165 443 2254 aspectamus.
496 2152 550 2229 Ita
575 2154 693 2228 bedam
718 2153 854 2227 citando
881 2154 1017 2246 abusus,
1049 2168 1080 2228 et
1104 2155 1194 2255 quod
1217 2155 1341 2259 inferre

95 2356 248 2427 fortunam,
270 2354 376 2409 utor-,1
396 2357 468 2409 baud
488 2356 564 2410 dubie
577 2357 702 2425 fortuna,
737 2371 794 2407 mus
813 2355 933 2424 Scythas,
952 2365 1112 2410 contemnent
1128 2373 1176 2410 nos
1192 2358 1342 2426 Bactriani,

120 2424 196 2478 usstus
229 2423 333 2477 mendis
361 2424 454 2478 abusus
483 2423 590 2478 Medius
620 2422 704 2476 edidit
738 2425 763 2476 si
788 2424 944 2491 vicerimus,
976 2442 1028 2477 non
1061 2426 1216 2480 dubitabunt
1235 2443 1341 2496 parere.

127 2492 394 2559 auddubie,sublata
401 2495 526 2563 fortuna,
544 2501 626 2562 atque
639 2493 704 2545 haec
737 2491 834 2572 Neque
852 2492 1028 2563 comptionis
1045 2493 1115 2548 ratio
1137 2493 1243 2550 difficile
1259 2493 1343 2565 expli·

100 2560 230 2632 scriptura
247 2561 358 2630 vulgata
375 2569 415 2614 est
432 2560 507 2614 facta.
535 2561 625 2614 Falso:
643 2577 703 2632 per-
738 2561 850 2626 cabitur,
868 2560 919 2614 fuit
936 2561 999 2614 olim
1016 2562 1127 2616 fumasse
1135 2564 1252 2634 Europe,
1272 2563 1343 2645 quod

99 2629 168 2684 tinet
185 2629 381 2700 enim'fortuna
399 2630 433 2682 ad
450 2637 574 2683 eventum
590 2628 638 2698 rei,
658 2628 703 2699 qui
737 2636 808 2682 esset
824 2630 964 2749 Eurfrpm,
990 2630 1040 2684 hoc
1062 2630 1137 2684 auxit
1154 2631 1249 2704 aliquis
1266 2631 1343 2685 litera
1366 2659 1368 2662 ⁴

98 2697 155 2753 siue
170 2699 253 2753 dubio
270 2705 455 2753 consecuturus
472 2698 515 2752 sit.
737 2717 769 2766 n,
796 2714 829 2750 ne
856 2715 892 2750 scr
912 2706 955 2752 cet
979 2698 1129 2753 Infinitivus
1153 2719 1208 2754 non
1233 2700 1343 2754 haberet

132 2769 157 2836 ξ.
175 2774 217 2822 12.
278 2769 320 2820 uis
347 2768 474 2820 dubitabit
499 2784 598 2836 parere
624 2767 701 2820 stiam
735 2765 913 2820 accusativum
926 2783 1009 2819 suum.
1033 2767 1201 2838 Quamquam
1215 2767 1341 2822 eiusmodi

95 2835 159 2890 Eur
191 2853 231 2889 ae.
294 2836 337 2887 dd.
354 2835 483 2906 principes
500 2836 559 2906 quis
576 2837 635 2888 dub.
647 2852 700 2904 pa·
735 2833 846 2888 amiticia
870 2834 898 2886 in
920 2841 997 2888 tanta
1018 2836 1236 2890 terminationum
1253 2853 1342 2889 corm-

96 2914 151 2957 tere
189 2922 291 2974 uropcn
305 2905 462 2957 uictoribus?
479 2904 636 2957 recentiores
647 2920 700 3024 pa·
734 2903 840 2973 ptione,
862 2919 941 2972 quam
958 2906 1087 2972 perpetuo
1103 2904 1131 2956 in
1148 2904 1189 2958 his
1207 2903 1341 2974 exempla-

94 2975 244 3026 tereetiam
253 2974 390 3041 Europam
397 2973 544 3025 uictoribus.
558 2972 641 3027 codd.
657 2987 702 3023 ere
734 2971 807 3025 ribus
824 2969 953 3037 videmus,
972 2971 1017 3023 vix
1035 2990 1100 3041 opus
1118 2979 1166 3025 est.

94 3056 186 3096 omnes
223 3058 301 3093 arere
319 3042 395 3094 ctiam
411 3041 486 3094 Euro
506 3058 550 3109 en,
572 3038 701 3094 enostris
770 3043 793 3108 ξ.
812 3044 853 3092 13.
889 3042 974 3107 spatio
992 3043 1062 3108 quod
1079 3041 1219 3093 transituri
1241 3058 1339 3094 sumus.

92 3108 144 3166 soii
168 3106 245 3163 For.
263 3108 306 3162 DI
324 3120 431 3178 patere,
458 3108 476 3162 ii
495 3125 538 3162 em
563 3109 635 3162 Flor.
659 3106 702 3161 DI
735 3108 767 3160 Id
784 3114 838 3173 est,
864 3108 944 3161 breve
966 3107 1081 3177 spatium
1101 3107 1284 3177 transibimus,
1309 3116 1340 3163 ut

91 3179 245 3248 Europam,
264 3176 335 3229 Flor.
352 3177 375 3229 F
392 3187 417 3230 et
432 3178 577 3247 Europam,
596 3174 702 3231 Flor.H
736 3176 846 3247 gloriam
869 3191 1047 3245 comparemus
1069 3175 1147 3230 nullis
1171 3176 1266 3231 finibus
1288 3176 1339 3231 cir·

91 3246 219 3301 Bermss
249 3247 327 3298 etiam
348 3262 447 3315 parcre
467 3246 608 3315 Europum.
647 3244 701 3298 Sed
736 3244 929 3315 cumscriptam

91 3322 233 3387 utcunque
257 3312 389 3394 scripseris
411 3331 460 3367 nec
477 3313 630 3368 Latinitatis
652 3328 701 3365 nec
761 3317 795 3435 ἐ.
814 3319 854 3366 15.
880 3314 905 3366 si
940 3314 1067 3382 amulum]
1092 3315 1124 3366 Si
1136 3317 1248 3383 paulum
1257 3315 1339 3368 Beru.

204 3381 333 3436 ntatioms
358 3381 426 3436 ratio
454 3381 593 3436 constabit.
630 3379 702 3445 Quid
734 3383 760 3435 A
803 3381 916 3434 Flora
945 3381 967 3447 I,
986 3388 1014 3434 et
1029 3385 1152 3452 paullum
1174 3382 1290 3437 traditur
1311 3382 1339 3437 in

91 3452 183 3508 cmm?
221 3449 252 3505 Si
270 3450 381 3520 Scythas
398 3450 543 3518 vicerimus,
562 3451 608 3517 ait,
625 3466 702 3520 pare·
735 3449 1146 3504 Leid.V0ss.1esseinventum.
1176 3452 1339 3506 Mox-trans-

91 3521 133 3576 tir
152 3519 233 3574 nobis
251 3519 370 3590 Europa,
396 3518 567 3572 hauddubie
591 3535 622 3571 ea
639 3535 701 3588 pars
734 3529 828 3572 natare
863 3521 975 3572 assimus
991 3518 1062 3573 Flor.
1080 3519 1190 3589 DEFG,
1203 3523 1339 3591 possimus

91 3590 242 3660 Europae,
277 3605 355 3658 quam
380 3587 407 3641 hi
433 3587 548 3669 Scythae
573 3587 700 3651 incolunt,
736 3587 816 3641 etiam
856 3587 904 3642 lor.
923 3586 954 3641 C.

91 3661 211 3715 fortasse
233 3655 315 3709 otiam
336 3664 429 3727 gentes
452 3656 560 3710 vicinae.
594 3656 634 3708 At
650 3654 702 3707 hoc
771 3659 793 3724 ξ.
813 3663 853 3709 17.
890 3657 1017 3709 ecmcitus
1039 3658 1134 3710 adbuc.
1169 3658 1230 3712 Hoc
1250 3657 1341 3712 ordine

91 3745 147 3782 uon
208 3725 239 3778 't
274 3723 337 3777 Non
363 3724 421 3777 vult
442 3724 554 3795 Scythas
588 3730 701 3776 .entem
735 3726 816 3778 verba
834 3725 992 3778 exhibentur
1012 3724 1040 3776 in
1063 3724 1185 3804 optimis,
1212 3727 1339 3779 ecardus

91 3795 185 3851 instab
206 3809 260 3859 em,
283 3791 332 3845 sibi
348 3791 377 3847 in
392 3801 547 3864 perpetuum
565 3741 701 3856 subiicere,
731 3796 851 3862 peruenit
868 3791 1337 3863 adbucinreliqurs(Flor.DEFGI)

91 3881 149 3918 nna
172 3861 250 3915 clade
271 3860 411 3930 reprimere
432 3861 503 3922 vult,
530 3859 655 3931 imprimis
672 3867 704 3912 ut
736 3861 817 3929 vulgo
834 3864 919 3915 adbuc
936 3878 1018 3914 exerc.
1036 3863 1113 3914 uenit.
1139 3861 1206 3915 Post
1242 3859 1342 3930 letique

91 3930 257 3988 Bactrianos
285 3936 435 4002 ceterosque
455 3930 569 3983 Asianos
595 3935 702 3981 terreat.
738 3937 766 3983 et
783 3931 859 3984 Mod.
877 3929 958 3983 editio
970 3947 1112 3998 possumus
1129 3879 1260 3998 provuig.
1277 3945 1342 3998 pos·

91 3998 234 4056 Latinitas
260 4004 348 4050 autem
368 3998 486 4070 postulat
513 4008 544 4050 ut
571 4004 631 4068 post
651 4013 704 4049 non
738 4016 830 4052 semus.
874 3997 1032 4052 Indicativus
1063 3996 1148 4049 veteri
1176 3995 1272 4051 rationi
1302 3995 1342 4050 lo-

91 4068 222 4124 dubitare
238 4073 352 4135 ponatur
408 4069 437 4120 in
460 4074 507 4120 aut
524 4074 596 4120 certe
612 4064 703 4117 infini-
737 4067 834 4137 quendi
856 4067 1018 4138 aptiorem,
1044 4081 1156 4134 eamque
1179 4067 1213 4119 ob
1236 4081 1341 4120 causum

91 4137 169 4191 rivus
191 4131 289 4196 firturi,
316 4133 469 4189 materam
491 4135 649 4200 subiectum,
672 4140 703 4185 ut
737 4136 886 4190 alibrariis
908 4151 987 4204 saepe
1011 4131 1140 4202 corrumpi
1161 4133 1237 4186 solet.
1273 4132 1341 4201 (Sed

91 4204 213 4259 solemus
228 4200 469 4266 dictrainferatur.
494 4203 551 4256 Has
565 4204 599 4256 ob
613 4218 703 4255 causas
755 4222 868 4258 essemus
886 4212 974 4257 tamen
990 4201 1018 4253 in
1036 4201 1116 4253 Bern.
1133 4202 1159 4253 A
1177 4201 1250 4255 Flor.
1268 4200 1338 4269 Ae.)

91 4269 204 4328 correxi
223 4273 296 4339 (post
303 4270 463 4340 Tellierium,
481 4280 513 4325 ut
530 4288 599 4324 nunc
617 4270 701 4334 video,
763 4273 858 4345 enique
876 4273 941 4325 ruiti
958 4269 1039 4322 adieci
1057 4268 1127 4321 iussu
1144 4268 1339 4339 msaomnium,

91 4349 125 4394 et
156 4337 368 4407 Schmiederum)
396 4343 522 4411 Europae
552 4341 701 4403 victoribus,
736 4344 807 4412 quod
824 4342 852 4395 in
865 4339 962 4394 Aldina
979 4336 1095 4390 editione
1112 4335 1236 4391 omissum
1253 4344 1295 4390 est
1311 4348 1340 4394 et

91 4416 129 4462 ut
147 4403 339 4462 sententiosis
355 4409 520 4464 absolvatur:
541 4410 566 4463 si
584 4408 702 4463 omiseri·
736 4409 881 4481 intercidit,
900 4404 1017 4480 quamvis
1034 4404 1140 4460 Medius
1157 4413 1315 4462 revocasset.
1344 4452 1347 4456 ,
