2926 5174
195 280 267 352 346
566 277 570 287 '
680 298 714 360 o.
733 297 857 350 cnam
882 299 966 351 aum

142 485 190 558 40
294 482 335 555 In
375 479 563 579 Sogdianis
599 481 777 556 Peucolao
815 509 895 557 cum
933 484 1047 557 tribus
1085 483 1232 556 milibus
1270 483 1417 582 pediturn
1431 507 1451 552 u

193 596 323 694 (neque
349 595 443 667 enim
468 594 593 666 maiori
617 593 794 691 praesidio
819 593 1016 693 indigebat)
1042 597 1177 685 relicto,
1205 593 1340 669 Bactra
1353 623 1417 694 per·

192 707 300 780 venit.
352 705 441 778 Inde
466 704 617 777 Bessum
643 705 827 779 Ecbatana
853 705 935 779 duci
961 707 1072 797 iussit,
1097 707 1293 779 interfecto
1313 706 1416 781 Dareo

190 843 324 917 poenas
351 818 466 916 capite
492 819 766 915 persoluturum.
810 817 941 891 lisdem
957 820 1031 892 fere
1052 817 1182 892 diebus
1202 816 1416 892 Ptolemaeus
1431 840 1448 885 11

191 941 228 1004 et
245 927 406 1003 Menidas
433 927 595 1026 peditum
621 929 690 1000 tria
715 929 811 1001 milia
837 940 874 1002 et
900 930 1037 1025 equites
1061 930 1160 1002 mille
1188 928 1417 1021 adduxerunt,

191 1040 354 1115 mercede
380 1040 602 1113 militaturos.
641 1038 848 1113 Alexander
874 1065 1016 1137 quoque
1042 1066 1088 1113 ex
1105 1039 1222 1139 Lycia
1249 1067 1332 1117 cum
1355 1042 1416 1140 pari
1429 1061 1449 1107 11

189 1178 338 1228 numero
370 1152 531 1251 peditum
564 1163 600 1224 et
625 1175 650 1223 n
678 1152 855 1248 equitibus
887 1152 996 1224 venit.
1049 1152 1221 1226 Totidem
1255 1178 1304 1227 ex
1330 1150 1417 1252 Syria

188 1264 485 1361 Asclepiodorum
503 1263 759 1360 sequebantur:
787 1262 978 1363 Antipater
997 1262 1222 1339 Graecorum
1239 1288 1310 1338 vm
1328 1266 1416 1354 milia,

189 1378 226 1448 in
253 1375 330 1472 quis
357 1397 406 1448 nc
435 1375 570 1471 equites
599 1386 717 1465 erant,
757 1376 912 1448 miserat.
964 1375 1088 1473 ltaque
1122 1378 1292 1452 exercitu
1317 1388 1413 1465 aucto,
1423 1394 1442 1440 1³

189 1486 237 1560 ad
262 1512 314 1577 ea,
342 1513 432 1583 quae
451 1485 649 1559 defectione
666 1484 811 1559 turbata
829 1499 941 1578 erant,
967 1486 1221 1586 componenda
1247 1489 1438 1588 processit

189 1599 453 1695 interfectisque
479 1597 776 1672 consternationis
803 1600 1017 1690 auctoribus,
1048 1610 1180 1697 quarto
1210 1601 1272 1675 die
1299 1599 1346 1673 ad
1367 1601 1415 1673 flu-

188 1734 271 1783 men
297 1706 419 1783 Oxum
444 1719 657 1808 perventum
683 1719 748 1782 est.
800 1709 884 1801 Hic,
911 1711 993 1807 quia
1017 1712 1143 1784 limum
1168 1713 1290 1804 vehit,
1323 1712 1414 1786 tmbi·

189 1822 256 1895 dus
284 1846 434 1920 semper,
460 1822 650 1894 insalubris
677 1832 732 1894 est
757 1824 867 1919 potui.
914 1820 1039 1919 Itaque
1064 1833 1197 1921 puteos
1226 1827 1329 1900 miles
1355 1842 1443 1898 coe-14

188 1944 291 2033 perat
308 1932 439 2007 fodere.
480 1931 555 2006 Nec
573 1944 694 2006 tamen
717 1933 826 2008 humo
847 1936 918 2008 alte
937 1945 1060 2033 egesta
1079 1935 1266 2009 existebat
1288 1937 1412 2023 humen

189 2072 269 2120 cum
295 2047 332 2117 in
364 2047 442 2143 ipso
468 2045 698 2119 tabernaculo
730 2048 824 2144 regis
855 2057 1064 2145 conspectus
1097 2058 1155 2120 est
1186 2048 1292 2139 fons,
1327 2070 1413 2145 quem

188 2160 271 2257 quia
296 2156 401 2230 tarde
426 2167 655 2247 notaverant,
693 2157 812 2230 subito
841 2159 1002 2231 extitisse
1028 2159 1226 2232 finxerunt.
1282 2160 1412 2258 Rexque

187 2272 264 2369 ipse
290 2267 387 2342 credi
413 2268 536 2358 voluit,
563 2268 712 2342 deorum
730 2268 863 2343 donum
880 2268 918 2342 id
934 2269 1052 2344 fuisse.
1092 2266 1285 2369 Superatis
1304 2269 1412 2347 deinde
1424 2284 1455 2361 1⁵¹

187 2521 292 2576 videtur
313 2537 406 2592 agema
431 2520 548 2593 equitum
575 2521 718 2576 amicorum
741 2521 788 2591 (τὸ
823 2522 867 2576 lib.
877 2537 942 2590 vm,
957 2531 982 2590 3,
996 2529 1042 2587 243
1060 2521 1105 2576 lib.
1118 2536 1149 2588 X,
1167 2530 1210 2590 10,
1231 2532 1263 2578 21
1284 2533 1313 2579 et
1321 2525 1411 2580 Sueten.

187 2591 280 2662 ἄγημα
301 2596 361 2644 τῶν
385 2591 519 2663 ἑταίρων)
547 2607 615 2661 quae
640 2593 731 2644 eadem
748 2597 790 2644 est
824 2590 899 2645 Caes.
917 2609 938 2644 c.
953 2599 1008 2646 20:
1028 2591 1087 2644 Hos
1107 2591 1180 2647 locos
1204 2593 1327 2648 laudavit
1344 2592 1411 2649 Cella

186 2666 268 2727 vr,2t
281 2662 372 2730 prima
390 2661 480 2713 cotors
494 2661 645 2727 amicorum,
663 2659 690 2713 in
710 2677 788 2730 quam
821 2660 882 2723 rius,
900 2661 967 2715 adde
985 2660 1071 2714 Tacit.
1089 2659 1151 2715 hist.
1167 2676 1212 2730 1v,
1232 2669 1275 2717 50.

186 2736 321 2799 receptum
334 2727 412 2781 ellam
427 2728 661 2799 PUl⁰0Xstlhr0mr
679 2729 788 2782 fratrem
856 2747 1000 2800 insalubris
1030 2756 1067 2799 est
1092 2749 1180 2816 potas]
1228 2747 1327 2802 Deleri
1354 2746 1410 2802 etin

186 2796 275 2863 Darei>
292 2815 372 2867 supra
389 2805 499 2868 ca1²24·
821 2813 958 2885 principio,
982 2815 1043 2885 quia
1061 2815 1136 2868 deest
1154 2814 1182 2868 in
1201 2834 1220 2870 o
1240 2817 1312 2871 timis
1329 2826 1357 2871 et
1369 2833 1410 2869 mu·

221 2883 432 2955 Cap.40,§.10.
468 2883 568 2936 Bactra
581 2884 712 2952 pervenit]
734 2884 786 2935 Ar·
821 2891 879 2936 tata
896 2885 1035 2937 verborum
1057 2883 1208 2954 coniungen
1227 2904 1306 2940 orum
1326 2885 1410 2940 ratium

185 2952 273 3006 rianus
300 2968 346 3020 ιν,
375 2959 388 3004 7
420 2951 544 3022 Zariaspa
569 2968 660 3021 regem
685 2951 786 3005 venisse
821 2959 910 3022 potest
927 2953 1024 3005 abesse.
1054 2951 1106 3005 Sed
1118 2953 1200 3021 potui
1218 2971 1312 3009 omnes
1329 2953 1410 3010 codices

185 3021 386 3075 hibernaturum
411 3019 509 3086 tradit,
541 3027 570 3072 et
596 3020 681 3073 adhuc
706 3020 786 3090 vulgo
820 3019 919 3082 nostri,
948 3020 1116 3092 quiquidem
1137 3022 1241 3077 habent
1273 3041 1336 3077 nam
1352 3021 1410 3077 ornit-

185 3090 313 3144 ereditum
335 3097 389 3154 est,
417 3088 567 3142 auctoribus
589 3087 693 3160 quidem
711 3088 786 3142 Stra·
821 3096 882 3141 tunt
902 3089 974 3142 Flor.
992 3090 1020 3142 H
1044 3089 1165 3142 Bern.B
1190 3099 1221 3144 et
1271 3110 1323 3147 oss.
1343 3099 1356 3147 2
1375 3089 1410 3144 sic:

184 3161 254 3214 bone
270 3178 301 3213 ac
317 3157 418 3223 Plinio,
448 3175 527 3211 unam
548 3174 605 3210 esse
628 3157 720 3210 urbem
738 3158 786 3210 du·
821 3160 899 3210 insol.
919 3169 956 3210 est
978 3169 1070 3228 puteos
1097 3159 1201 3228 itaque)
1229 3167 1259 3214 et
1283 3161 1328 3215 vix
1350 3158 1410 3214 cedo
1453 3140 1455 3179 Ι

184 3226 246 3297 plici
267 3227 373 3282 nomine
395 3227 492 3279 Baetra
514 3233 542 3278 et
565 3224 696 3295 Zariaspa.
732 3225 786 3279 Sed
821 3225 1022 3296 snakenburgio
1043 3225 1071 3278 in
1092 3243 1146 3279 uno
1168 3226 1247 3282 Leid.
1266 3247 1324 3283 esse
1340 3238 1409 3299 potus.

184 3295 244 3349 vide
267 3296 328 3351 Car.
349 3295 487 3348 Mennium
512 3293 539 3346 in
565 3294 702 3347 Meletem.
726 3293 784 3347 hist.
820 3293 874 3346 Sed
883 3311 961 3364 quam
975 3311 1037 3348 vere
1050 3293 1132 3348 nostri
1146 3296 1247 3365 nescio,
1266 3295 1409 3369 nequeenim

184 3364 294 3418 Bonnae
313 3370 378 3419 1839
402 3363 479 3417 editis
496 3380 557 3433 pag.
575 3371 608 3416 84
631 3380 690 3432 sqq.
708 3370 785 3416 acute
821 3362 882 3433 quia
903 3363 1022 3432 sequitur
1043 3362 1139 3417 vocalis
1157 3363 1176 3430 ἰ,
1194 3375 1271 3420 certa
1289 3375 1330 3421 est
1346 3366 1408 3419 libro·

185 3433 408 3486 demonstrantem
433 3430 558 3501 Zariaspa
588 3429 688 3501 regiam
713 3430 785 3484 illam
819 3450 878 3484 rum
905 3432 1057 3486 auctoritas.
1096 3433 1178 3502 Apud
1203 3434 1275 3488 Plin.
1294 3442 1348 3490 nat
1364 3432 1408 3487 hist
1453 3458 1455 3467 ·

185 3500 377 3569 Sogdianorum
394 3517 463 3568 esse,
492 3518 571 3570 quam
593 3517 673 3570 supra
694 3499 785 3621 attiqli-
819 3515 860 3568 vr,
870 3507 902 3554 32
918 3518 988 3580 qqqc
1001 3502 1075 3571 potat
1083 3502 1197 3556 iocando
1206 3502 1317 3575 legitur,
1336 3519 1408 3627 qpau
1451 3552 1455 3581 Ι

184 3587 242 3622 mus
263 3571 296 3622 ad
314 3587 369 3639 cap.
389 3576 436 3634 39,
461 3578 534 3623 trans
554 3567 656 3634 Oxum,
683 3576 711 3622 et
731 3568 769 3621 il'
819 3586 898 3639 quam
915 3569 1005 3623 srmrlis
1022 3577 1063 3623 est
1086 3586 1245 3639 consensus,
1274 3573 1322 3627 sed
1360 3569 1408 3623 ‘rim

184 3637 298 3692 hibernis
322 3636 387 3691 actis
404 3637 586 3691 Alexandrum
613 3637 647 3690 ad
667 3637 785 3707 Margia-
819 3653 880 3690 xnv
898 3644 970 3704 30,2
990 3639 1069 3692 habet
1087 3639 1184 3692 divisui
1194 3641 1306 3710 facilis,
1323 3649 1351 3695 et
1365 3646 1408 3693 tue·

184 3725 244 3763 nam
268 3705 455 3760 subiiciendam
472 3705 645 3761 contendisse.
683 3705 786 3760 Contra
820 3715 865 3760 tur
909 3705 1121 3762 rakenborehius.
1158 3707 1282 3778 Vulgata
1298 3709 1408 3780 scriptun

184 3775 258 3831 illum
284 3775 404 3846 disputat
429 3774 565 3842 Manen,
598 3790 684 3844 neque
710 3773 785 3829 nobis
820 3776 846 3828 h.
865 3774 882 3827 l.
904 3777 1030 3844 potu.ab
1048 3775 1130 3829 Hadr.
1153 3774 1233 3830 Iunio
1259 3785 1318 3843 est,
1342 3774 1407 3849 prob·

184 3845 249 3899 licet
265 3846 318 3900 hoc
335 3845 393 3898 loco
411 3843 546 3915 utriusque
567 3842 684 3896 rationes
708 3861 786 3898 excu-
821 3842 928 3966 quidem
942 3861 990 3914 per
1003 3862 1040 3912 se,
1058 3845 1103 3898 sed
1120 3845 1284 3901 auctoritate
1300 3847 1406 3902 librorum

184 3921 257 3967 tere:
279 3922 384 3967 tantum
401 3911 519 3978 dicimus,
537 3911 707 3966 Mennianam
724 3928 786 3983 ope-
839 3920 956 3966 estrtuta.

184 3998 241 4062 ram
257 3982 284 4035 in
301 3982 451 4036 universum
462 3981 538 4036 nobis
551 3998 709 4052 magnopere
723 3999 787 4052 pr0·
828 4001 938 4066 ,5,14,
973 4016 1031 4051 cam
1056 4000 1084 4051 in
1110 3999 1179 4068 ipso]
1217 4000 1306 4056 Codd.
1334 4011 1405 4055 omw

183 4052 248 4105 ΜΗ·
822 4078 921 4132 tamen,
948 4066 1009 4119 edd.
1027 4074 1128 4120 veteres
1154 4076 1219 4122 ante
1236 4069 1341 4124 Iunium
1360 4078 1404 4122 m

219 4142 241 4202 ξ.
253 4143 292 4190 12.
318 4155 349 4188 ea
368 4136 458 4205 Syrie]
495 4134 539 4188 Sic
555 4134 626 4188 Flor.
644 4153 703 4189 cum
711 4134 786 4190 Leid.
820 4136 886 4189 Inde
902 4142 971 4205 puto
987 4152 1115 4206 apparare
1123 4137 1403 4210 corruptionisoew

185 4211 214 4257 et
235 4204 355 4257 Bern.B
382 4220 472 4256 ornnes
496 4221 545 4273 pro
570 4203 642 4273 vulg.
664 4221 686 4258 e.
720 4204 786 4259 Post
819 4222 881 4258 nam
898 4221 955 4256 cam
971 4202 1052 4275 longe
1068 4203 1198 4275 optimum
1216 4205 1329 4261 videtur.

185 4285 225 4325 nc
243 4275 337 4342 equites
356 4287 447 4324 omnes
463 4290 523 4325 mss.
541 4290 595 4326 non
612 4287 641 4324 n.
854 4292 959 4344 deorum
977 4293 1073 4345 donum
1089 4292 1120 4344 id
1132 4291 1234 4361 sm]
1269 4291 1355 4361 Vulgo
1369 4289 1402 4341 aa

221 4357 242 4422 §-
255 4363 294 4410 13.
325 4359 541 4410 consternationis
560 4357 716 4421 auctoribus,
734 4355 751 4408 i.
761 4352 783 4410 e.
818 4378 879 4412 num
898 4360 940 4410 dei
958 4359 988 4410 id
1007 4360 1112 4429 faisse,
1136 4361 1210 4481 quod
1233 4359 1262 4413 in
1283 4377 1335 4413 uno
1350 4357 1401 4411 atro

186 4423 329 4492 tumultus,
356 4423 501 4495 seditionis,
528 4434 559 4481 ut
576 4425 621 4479 lib.
637 4439 665 4493 V,
688 4430 732 4492 28,
755 4431 782 4494 83
817 4427 888 4482 Flor.
908 4427 1037 4484 Gestat.
1074 4427 1135 4494 Quo
1172 4444 1221 4484 nos
1244 4428 1400 4483 dedimusat
