2926 5174
360 766 363 771 .
478 675 526 780 Q.
565 674 795 762 OURTII
833 675 989 762 RUFI

710 884 760 936 Da

613 1040 866 1110 GESTIS

227 1257 842 1380 ALEXANDRI
897 1255 1242 1378 MAGNI

518 1498 646 1554 REGIS
672 1499 957 1559 MACEDONUM

636 1687 778 1753 LIBER
795 1687 856 1754 IV.

661 1915 816 1925 ——a

576 2149 898 2223 incensurum

185 2408 228 2477 (1)
246 2407 349 2460 Dareus
367 2408 400 2459 ad
419 2405 504 2460 Issum
521 2405 616 2472 vietus,
635 2403 751 2458 collectis
769 2403 902 2474 copiarum
920 2402 1045 2474 reliquiis,
1063 2403 1231 2476 Euphraten
1249 2414 1356 2479 superat:

114 2483 266 2537 Alexander
283 2483 458 2537 Parmenione
476 2481 643 2552 coelesyriae
660 2480 808 2552 praesidere
826 2480 907 2544 iusso,
924 2479 1088 2534 Phoenicum
1106 2485 1189 2537 urbes
1203 2487 1321 2539 Aradum
1335 2492 1357 2537 et

112 2560 265 2613 Marathum
282 2561 311 2614 in
328 2560 489 2614 deditionem
511 2557 614 2631 accipit.
659 2559 701 2628 (2)
727 2558 771 2610 Ad
789 2558 942 2610 Marathum
968 2566 1055 2610 eastra
1081 2559 1198 2615 habenti
1221 2563 1357 2616 afferuntur

111 2635 194 2690 Darei
210 2637 317 2690 litterae
334 2638 367 2690 de
383 2636 524 2690 reddendis
541 2634 651 2706 captivis
668 2632 848 2705 societateque
862 2634 997 2703 jungenda
1016 2638 1133 2704 superbe
1143 2638 1273 2709 scriptae.
1297 2636 1356 2702 Qui-

112 2714 162 2767 bus
179 2716 321 2784 respondet
336 2713 490 2766 Alexander
502 2711 650 2782 magnifiee,
677 2709 776 2763 crimen
792 2710 856 2764 belli
874 2709 970 2763 iniusta
988 2711 1077 2781 coepti
1096 2713 1126 2766 in
1144 2714 1223 2768 illum
1240 2713 1355 2768 reiiciens.

114 2793 155 2857 (3)
173 2789 334 2844 Procedenti
351 2789 446 2842 deinde
464 2790 565 2859 Byblus
578 2796 607 2840 et
616 2786 699 2840 Sidon
716 2788 866 2840 traduntur.
884 2787 970 2839 Huius
988 2786 1095 2857 quidem
1115 2791 1190 2845 urbis
1208 2809 1258 2845 rex
1274 2790 1356 2844 Strato

114 2865 247 2935 dignitate
264 2884 292 2919 se
310 2866 431 2920 abdicare
448 2866 566 2934 iubetur,
582 2883 635 2935 qua
651 2881 729 2917 nemo
746 2863 807 2934 ipsis
826 2863 940 2917 Sidoniis
958 2862 1061 2932 dignior
1078 2865 1200 2935 videtur,
1220 2885 1292 2939 quam
1303 2865 1354 2916 Ah-

116 2942 262 2996 dalonimus
280 2943 394 3015 quidam,
413 2960 514 3013 pauper
531 2943 577 2996 sed
595 2939 701 3010 aregio
718 2957 822 3010 genere.
849 2945 889 3006 (4)
908 2939 945 3006 Ia,
964 2939 1009 2992 diu
1026 2949 1180 3011 cunctatus,
1199 2959 1284 3014 regem
1298 2948 1352 2992 tan·

116 3019 175 3072 dem
193 3037 221 3073 se
237 3019 384 3073 renuntiari
401 3019 515 3091 patitur,
532 3027 562 3073 et
579 3020 613 3072 ab
631 3017 688 3089 ipso
705 3017 859 3070 Alexandro
876 3016 1020 3070 modestiae
1038 3024 1066 3069 et
1085 3021 1270 3074 continentiae
1285 3031 1355 3071 causa

115 3105 233 3151 ornatur.

185 3177 224 3239 (5)
243 3172 351 3225 Interea
366 3172 497 3241 Amyntas
514 3171 653 3240 transfuga
670 3167 847 3224 cumGraecis
864 3169 1030 3223 mercenariis
1047 3179 1111 3242 post
1130 3169 1356 3244 pugnamlssieam

116 3247 220 3319 Tripoli
238 3248 364 3318 Cyprum,
382 3248 444 3300 inde
460 3247 487 3299 in
504 3248 658 3316 Aegyptum
675 3245 865 3313 transmiserat,
883 3263 941 3299 eam
958 3255 1057 3299 terram
1074 3246 1126 3302 sibi
1145 3266 1276 3321 occupare
1291 3244 1356 3300 testi-

114 3341 188 3376 nans.
224 3322 278 3375 Sed
295 3340 355 3376 eum
372 3323 448 3376 initio
465 3340 507 3376 res
524 3338 649 3393 prospere
666 3320 828 3391 cecidissent,
847 3342 909 3376 mox
926 3322 1071 3394 Memphim
1090 3327 1217 3380 obsidens
1235 3343 1288 3378 una
1305 3340 1356 3378 cum

115 3399 168 3452 suis
186 3415 202 3450 a
218 3399 351 3467 praefecto
369 3399 451 3452 Darei
469 3415 558 3452 caesus
576 3405 624 3450 est.
656 3400 698 3467 (6)
716 3397 815 3452 Rasin
832 3399 896 3454 Asia
913 3398 1013 3453 minore
1030 3418 1046 3452 a
1062 3404 1235 3472 praetoribus
1253 3398 1356 3456 Persicis

114 3473 254 3527 inielioiter
271 3474 387 3544 geritur,
410 3473 497 3527 elassis
514 3492 578 3528 vero
595 3474 735 3527 Persarum
753 3477 875 3530 Andrum
893 3476 1073 3547 Siphnumque
1091 3478 1194 3534 insulas
1212 3488 1302 3546 tenet,
1319 3494 1355 3530 su-

115 3549 215 3620 spensis
234 3547 394 3604 Graecorum
411 3559 439 3604 et
458 3549 624 3604 Cretensium
641 3551 733 3605 animis
751 3553 785 3604 ad
802 3561 926 3605 eventum
944 3552 1048 3606 maioris
1065 3554 1140 3608 belli.

185 3627 228 3696 (7)
248 3626 331 3695 Tyrii,
349 3626 539 3696 opulentissimi
549 3627 719 3695 Phoenicum,
737 3628 919 3682 Alexandrum
927 3629 1036 3682 Herculi
1051 3631 1274 3701 sacrificaturum,
1292 3633 1355 3686 intra

113 3702 217 3756 moenia
234 3703 350 3774 recipere
367 3711 498 3771 recusant,
517 3713 544 3758 et
562 3704 724 3759 obsidionem
741 3706 809 3758 ferre
826 3706 942 3772 malunt,
962 3707 1004 3775 (8)
1023 3724 1039 3759 a
1055 3708 1207 3764 eontinenti
1226 3711 1291 3765 satis
1308 3709 1354 3760 lato

112 3782 182 3834 Ireto
200 3781 330 3852 derempti
347 3787 376 3833 et
394 3780 650 3852 Carthaginiensium
668 3781 768 3836 auxilio
785 3782 854 3835 freti.
881 3785 921 3848 (9)
939 3782 1009 3835 Belli
1027 3794 1188 3853 apparatum
1207 3786 1354 3859 expediunt,

113 3856 242 3911 ominibus
260 3856 416 3928 ancipitibus
434 3857 639 3926 confirmantur,
667 3860 851 3913 caduceatores
870 3857 951 3911 etiam
968 3859 1120 3913 contraius
1138 3864 1265 3933 gentium
1282 3864 1354 3917 inter·

112 3933 212 3988 ficiunt.
231 3939 288 4002 (10)
306 3935 378 3989 Urbs
395 3934 478 4004 igitur
496 3936 643 4006 oppugnari
660 3944 754 4006 ooepta
770 3942 821 4002 est,
840 3938 964 4004 (extremo
982 3953 1051 3989 onae
1069 3946 1132 3990 unte
1154 3940 1221 3993 Chr.
1233 3951 1289 3994 aut.
1300 3940 1353 4002 333)

112 4010 203 4078 moles,
222 4029 289 4082 quae
306 4011 418 4064 insulam
436 4011 582 4066 continenti
600 4013 770 4081 adiungeret,
789 4011 891 4065 iacitur.
928 4017 984 4079 (11)
1004 4012 1036 4064 Id
1054 4030 1130 4082 opus,
1150 4034 1207 4086 quo
1226 4017 1354 4088 longiusa

112 4085 191 4139 litore
209 4088 327 4156 ducitur,
354 4105 386 4142 eo
409 4087 537 4142 difficilius
559 4089 598 4140 fit.
642 4090 776 4142 Adversus
794 4089 953 4143 incessentes
971 4087 1067 4158 Tyrios
1084 4089 1159 4144 coria
1178 4096 1355 4149 obtenduntur

112 4163 300 4232 munientibus,
319 4173 406 4218 turres
423 4164 582 4219 excitantur.
626 4164 687 4234 Ipse
704 4182 761 4232 rex,
788 4166 867 4236 copiis
885 4163 983 4231 divisis,
1010 4172 1129 4235 agrestes
1148 4170 1259 4226 Arabes
1277 4172 1305 4226 in
1318 4167 1355 4223 Li·

112 4240 183 4292 bano
201 4239 380 4309 (Antilibano)
398 4249 490 4294 monte
507 4239 670 4310 aggreditur.
724 4245 782 4308 (12)
817 4243 925 4295 Interea
943 4240 1027 4309 Tyrii,
1054 4258 1122 4294 nave
1141 4248 1272 4301 oneraria
1289 4244 1356 4302 aridia

114 4315 252 4369 sarmentis
269 4316 377 4388 aliisque
394 4319 472 4371 rebus
491 4316 546 4387 igni
569 4318 716 4388 spargendo
732 4316 831 4371 idoneis
853 4319 951 4372 referta
977 4326 1005 4371 et
1030 4318 1063 4370 ad
1089 4319 1193 4375 molem
1222 4323 1356 4398 compulsa,
