2926 5174
117 298 198 397 174,
609 317 644 380 o.
673 315 797 369 curru
822 315 908 368 num

113 501 248 574 denarii
282 501 422 574 tributi:
457 500 670 598 peregrinus
692 525 800 599 eques
836 499 1032 597 quingenos
1059 495 1216 593 accepit,
1251 492 1341 569 duce-

113 638 180 686 nos
207 610 327 710 pedes,
355 613 464 686 ceteri
489 611 707 710 stipendium
733 612 844 685 'duum
869 635 1042 684 mensum.

64 727 86 798 ‘I
216 723 282 797 His
308 724 360 796 ita
385 724 601 822 compositis,
626 724 664 796 in
690 725 882 822 regionem,
909 748 1000 820 quae
1026 717 1230 817 Satrapene
1255 735 1362 791 voca-t

114 846 189 927 tur,
225 837 397 934 pervenit
449 835 589 908 Fertilis
621 846 735 927 terra,
771 836 873 934 copia
907 859 1028 909 rerum
1059 843 1096 906 et
1130 832 1232 904 omni
1266 856 1346 903 com·

114 958 236 1022 meatu
271 948 468 1021 abundans.
518 947 643 1045 Itaque
678 947 811 1022 diutius
843 948 893 1020 ibi
919 945 1096 1037 substitit,
1125 969 1169 1018 ac
1196 970 1244 1017 ne
1270 942 1362 1016 desi-2

116 1058 179 1132 des
215 1060 288 1133 otio
329 1060 557 1134 demitterent
596 1060 750 1151 animos,
789 1059 923 1133 iudices
966 1056 1083 1148 dedit,
1129 1057 1347 1155 praemiaque

114 1171 302 1269 proposuit
328 1170 373 1245 de
399 1172 533 1245 virtute
558 1172 702 1244 militari
728 1171 959 1245 certantibus.
1010 1168 1170 1259 Novem,
1206 1169 1266 1265 qui
1291 1168 1362 1239 for-2

115 1284 241 1356 tissimi
274 1282 419 1356 iudicati
452 1294 587 1372 essent,
621 1283 767 1379 singulis
802 1283 955 1355 militum
984 1280 1128 1353 milibus
1162 1279 1347 1379 praefuturi

116 1404 228 1487 crant,
244 1393 460 1469 Ohiliarchas
487 1396 678 1485 vocabant,
692 1404 778 1467 tunc
803 1394 959 1492 primum
972 1394 1020 1507 ,in
1045 1394 1144 1466 hunc
1170 1416 1346 1466 numerum

116 1507 225 1604 copiis
253 1506 466 1580 distributis:
492 1532 646 1604 namque
681 1516 787 1579 antea
813 1505 1066 1606 quingenariae
1092 1506 1263 1579 cohortes
1288 1503 1345 1575 fue·

115 1628 214 1709 rant,
248 1643 315 1691 nee
347 1617 565 1691 fortitudinis
597 1620 756 1717 praemia
790 1629 985 1716 gesserant.
1046 1614 1183 1716 Ingens
1211 1616 1362 1689 militumr

117 1731 224 1803 turba
242 1740 468 1821 convenerat,
484 1731 626 1828 egregio
652 1731 867 1803 interfutura
893 1730 1087 1821 certamini,
1102 1731 1211 1810 testis
1238 1726 1344 1803 eaden

117 1840 286 1939 cuiusque
311 1842 488 1915 factorum
501 1851 538 1916 et
552 1842 596 1915 de
622 1841 799 1915 iudicibus
825 1843 943 1915 latura
970 1842 1206 1916 sententiam:
1234 1840 1343 1938 quippe

112 1978 250 2037 ¹verone
276 1980 323 2026 an
348 1954 438 2026 falso
465 1954 580 2029 honos
607 1955 733 2052 cuique
759 1955 968 2045 haberetur,
1002 1953 1164 2052 ignorari
1201 1979 1274 2026 non
1298 1974 1342 2049 po

115 2076 220 2140 terat.
259 2066 400 2140 Primus
427 2067 586 2139 omnium
612 2060 755 2141 'virtutis
783 2092 891 2140 causa
918 2066 1072 2140 donatus
1100 2076 1159 2139 est
1173 2063 1362 2139 Atharriast

116 2233 190 2287 Leid.
208 2237 283 2288 Voss.
302 2241 325 2287 1.
357 2233 407 2288 Ilis
426 2233 530 2354 quidem
549 2233 720 2293 varietatibus
789 2239 813 2301 5.
832 2241 856 2287 2.
893 2236 1051 2288 demitterent
1069 2235 1187 2302 animos]
1213 2231 1284 2287 Libri
1298 2225 1343 2283 nati

116 2301 181 2354 nihil
207 2303 321 2356 efficitur
344 2302 394 2355 nisi
417 2302 494 2370 ilud,
519 2321 634 2357 mensum
657 2303 720 2357 olim
754 2312 782 2356 et
808 2301 891 2357 nostri
914 2311 943 2356 et
969 2302 1050 2356 snuk.
1078 2320 1172 2356 omnes
1198 2304 1342 2360 dimitteret,

116 2389 170 2424 nou
188 2370 267 2423 fuisse
284 2389 334 2440 pro
357 2371 495 2442 participio
516 2372 650 2439 habitum,
674 2373 720 2425 sed
754 2380 782 2425 et
799 2371 836 2425 sic
853 2370 915 2425 olim
933 2383 996 2425 ante
1012 2371 1120 2424 Iunium
1139 2373 1278 2426 edebatur.
1305 2367 1342 2421 aa·

115 2457 166 2510 pro
184 2439 301 2509 genitivo
323 2440 392 2510 plur.
419 2440 492 2493 vocis
509 2443 614 2494 mensis.
649 2442 720 2494 Nam
754 2442 812 2493 dem
830 2459 872 2494 res
890 2449 931 2494 est
948 2441 1020 2511 apud
1038 2439 1093 2494 Cic.
1113 2440 1143 2494 in
1161 2445 1240 2494 Verr.
1251 2455 1291 2504 '11,
1312 2440 1341 2498 ll,

116 2525 177 2560 eum
194 2526 282 2562 cusum
300 2526 382 2579 aeque
399 2512 525 2562 mensium
548 2528 579 2564 ac
604 2528 719 2564 mensum
755 2518 802 2576 74,
826 2518 1001 2580 notamusque
1027 2510 1099 2580 apud
1128 2509 1187 2564 Cic.
1206 2511 1240 2562 de
1257 2507 1341 2567 nav,

115 2577 194 2630 firisse
220 2585 342 2644 constat,
379 2577 432 2631 vid.
459 2578 539 2631 Conr.
566 2578 719 2633 Schneideri
756 2585 804 2645 15,
823 2585 855 2632 42
875 2578 991 2633 codicem
1009 2577 1120 2631 Vratisl.
1139 2596 1196 2632 non
1214 2580 1341 2642 animosque

116 2664 225 2714 gramm.
243 2645 303 2699 Lat.
321 2665 346 2717 p.
365 2653 424 2700 244.
458 2647 516 2700 Iam
534 2665 596 2701 vero
614 2647 636 2700 si
653 2647 720 2701 Dio·
754 2649 889 2701 demittunt
915 2649 961 2700 sed
993 2648 1127 2701 dimittunt
1157 2649 1265 2701 habere.
1304 2638 1341 2697 Sel

117 2713 175 2768 dori
192 2717 272 2768 verba
289 2730 365 2780 xvn,
385 2723 417 2769 64
435 2717 566 2784 conferas,
585 2735 637 2786 quo
655 2716 720 2768 illud
753 2734 829 2770 nemo
847 2725 937 2770 tamen
955 2734 970 2769 a
987 2714 1091 2836 vulqari
1101 2715 1341 2770 omniumeditomtt

117 2782 250 2855 pertineat
260 2783 330 2850 clare
341 2784 457 2838 videbis:
477 2789 507 2836 ἐκ
526 2783 556 2838 δὲ
574 2792 634 2838 τῶν
649 2783 719 2856 inp·
752 2786 844 2856 regula
862 2786 988 2839 decedere
1005 2803 1039 2838 vo
1050 2783 1129 2838 uerit.
1154 2785 1199 2841 cf.
1210 2787 1290 2850 adm,
1300 2784 1341 2849 tl·

117 2855 234 2906 θέντων
259 2853 411 2926 χρημάτων
440 2860 500 2907 τῶν
528 2859 581 2923 μὲν
608 2853 720 2906 ἱππέων

118 2921 227 2987 ἑκάστῳ
253 2923 299 2984 ἓξ
308 2928 380 2991 μνᾶς
400 2919 575 2997 ἐδωρήσατο,
601 2929 661 2976 τῶν
689 2919 719 2974 δὲ

118 2993 272 3059 συμμάχων
289 2997 382 3053 πέντε,
394 2998 454 3044 τῶν
474 2990 530 3045 δ’ἐκ
547 2998 596 3056 τῆς
611 2990 718 3062 φάλαγ-

117 3080 165 3130 γος
188 3058 368 3115 Μακεδόνων
392 3057 457 3123 tto,
481 3062 547 3117 τούς
570 3058 600 3112 δὲ
622 3060 720 3121 ξένους

119 3125 247 3198 διμήνοις
264 3132 457 3202 μισθοφοραῖς
476 3135 586 3198 ἐτίμησε
601 3129 720 3184 πάντας.

117 3197 160 3250 Ex
170 3198 200 3251 iis
211 3198 326 3254 Cunzius
339 3198 428 3251 locum
442 3207 562 3253 nostrum
579 3198 615 3252 sic
633 3215 720 3250 emen-

118 3267 235 3319 dandum
258 3266 371 3320 censuit:
398 3271 509 3322 ducenos
522 3271 605 3337 pedes
624 3266 720 3337 (intell.
755 3234 832 3288 νοω·
851 3241 865 3287 ²
885 3250 1019 3287 mensu'

117 3335 240 3405 accepit),
250 3337 426 3389 mercenarius
436 3339 593 3408 stipendium
606 3353 721 3389 mensum
791 3343 815 3404 3.
830 3342 853 3390 5.
872 3337 1016 3389 Atburrius
1033 3350 1129 3387 verum
1146 3334 1261 3389 hominis
1271 3343 1342 3407 nona

118 3418 149 3456 11.
190 3403 320 3473 Equidem
344 3406 422 3456 duum
449 3424 580 3472 mensum,
609 3420 722 3474 cumque
757 3423 813 3459 esse
830 3412 907 3476 putet
924 3421 958 3456 ex
975 3403 1043 3457 libro
1060 3411 1221 3471 v111,4,36,
1239 3402 1283 3457 ubi
1297 3414 1342 3454 sen·

118 3469 165 3524 vix
182 3471 316 3525 videretur
341 3476 518 3528 mercenarius
542 3491 576 3527 ex
600 3489 632 3527 eo
652 3473 723 3543 quod
757 3475 829 3528 bitur
848 3473 954 3545 quidem
972 3472 1019 3526 sim
1038 3471 1083 3524 lici
1096 3469 1342 3529 nitemrnnartrn

119 3547 160 3595 est
184 3542 262 3593 trium
285 3539 354 3593 effici
379 3559 472 3612 posse,
505 3545 583 3596 ceteri
610 3541 723 3596 scribere
758 3545 804 3598 sed
829 3543 857 3596 in
884 3541 989 3612 optimis
1015 3490 1089 3593 ibris
1117 3540 1262 3612 geminata.
1301 3535 1342 3591 flor

118 3607 207 3675 malui,
227 3610 297 3679 quod
315 3609 370 3663 sine
388 3611 469 3666 dubio
487 3611 596 3682 propius
607 3612 642 3665 ad
650 3611 723 3665 litte·
757 3620 847 3666 autem
872 3610 931 3665 loco
964 3610 1118 3663 Adurclrics
1148 3611 1232 3682 vulgo
1265 3606 1342 3667 edituri

119 3695 162 3730 ras
180 3677 289 3731 accedit.
757 3680 817 3736 libri
836 3681 1003 3746 Adturrius,
1030 3679 1215 3747 Adurribias,
1238 3680 1342 3732 Adanu

154 3745 219 3817 Cap.
240 3754 263 3813 7,
283 3750 305 3815 §.
326 3755 348 3801 1.
385 3767 450 3818 qnae
477 3751 624 3820 Satrapene
647 3770 723 3808 uoca-
759 3752 901 3814 Athureus,
929 3751 1068 3814 Adurrus,
1094 3749 1229 3803 Adortus.
1264 3746 1342 3822 νθτῑξν

118 3816 190 3937 turq)
208 3815 283 3868 Haec
310 3827 367 3872 crat
393 3817 448 3871 sine
475 3819 554 3873 dubio
581 3821 722 3886 Sittacene,
757 3820 828 3874 idem
846 3817 951 3872 videtur
973 3832 1028 3870 esse
1047 3815 1093 3887 qui
1111 3831 1159 3884 v1,
1179 3824 1211 3872 31
1230 3817 1257 3870 in
1272 3813 1341 3887 plera·

117 3884 139 3938 si
192 3884 275 3940 iodori
301 3886 453 3942 testimonio
482 3887 589 3941 utimur.
633 3890 724 3945 Etiam
760 3905 811 3962 que
829 3886 901 3940 libris
919 3881 1341 3961 estAturras‚innonuullisAtlt·

118 3953 216 4008 Strabo
248 3952 293 4007 lib.
317 3970 370 4008 xvr
400 3973 427 4024 p.
455 3962 505 4009 744
534 3956 550 4022 ἡ
577 3956 724 4024 Σιτακηνὴ
758 3975 829 4022 reus,
850 3955 946 4027 quique
958 3960 1035 4021 vn,1
1056 3955 1340 4026 Apburius,Affcmtt

117 4020 208 4088 πολλή
227 4031 323 4077 τεκαὶ
343 4024 437 4096 ἀγαθὴ
460 4029 529 4092 μέση
548 4025 725 4092 Βαβυλῶνος
760 4026 889 4092 Afarius,
914 4025 1054 4096 Afurrias,
1080 4025 1240 4093 Aphareus,
1258 4021 1340 4091 ΛΡΜ·

118 4095 249 4144 τέτακται
272 4099 318 4144 καὶ
337 4090 490 4155 Σουσίδος,
523 4091 595 4146 ὥστε
616 4102 676 4150 τοῖς
695 4099 725 4146 ἐκ
759 4098 828 4161 ries,
848 4097 970 4147 Adurrus
988 4090 1119 4145 scribitur.
1155 4092 1276 4146 Eundem
1290 4078 1340 4157 apul

119 4157 293 4225 Βαβυλῶνος
319 4164 357 4218 εἰς
380 4167 478 4215 Σοῦσα
504 4159 653 4229 βαδίζουσι
678 4160 725 4215 διὰ
758 4164 894 4216 Plutarch.
919 4163 953 4215 de
975 4160 1052 4215 Alex.
1078 4161 1141 4214 fort.
1160 4170 1228 4216 orat.
1245 4175 1280 4228 11,
1299 4154 1338 4229 tl

118 4232 167 4290 τῆς
184 4233 345 4294 Σιτακηνῆς
362 4229 379 4295 ἡ
399 4228 466 4287 ὁδὸς
485 4228 590 4285 ἅπασα.
623 4236 725 4284 Verum
758 4231 881 4298 invenio,
916 4230 961 4284 ubi
991 4245 1061 4283 nunc
1107 4229 1197 4283 uidem
1220 4237 1265 4303 ⁸est
1287 4216 1338 4301 ‹illg

119 4296 242 4349 adversus
260 4295 340 4351 libros
358 4298 386 4351 in
404 4315 436 4354 eo
453 4299 559 4353 nomine
574 4308 738 4354 constantes
762 4303 883 4372 Ταῤῥίας
907 4304 969 4367 μὲν,
995 4298 1041 4351 sed
1067 4246 1176 4353 videtur
1200 4297 1275 4353 fuisse
1297 4285 1332 4346 iii

119 4363 251 4484 qqqritgere
269 4364 372 4420 difficile
390 4376 439 4422 est.
475 4367 566 4423 lunius
590 4370 724 4437 Atrupene
754 4367 915 4444 Ἀβαρῥίσς.

172 4451 202 4484 ι.

788 2894 812 2955 S.
831 2895 855 2942 3.
891 2899 951 2942 tunc
974 2888 1095 2968 primurn
1127 2906 1179 2959 pro
1276 2927 1282 2939 .
1305 2894 1340 2938 int

748 2962 864 3029 primum
883 2974 917 3010 ex
933 2956 1007 3009 Lerd.
1026 2956 1129 3010 Vossl
1150 2958 1234 3010 Bern.
1289 2952 1341 3008 Flu.

753 3026 896 3080 ABDFGI
930 3024 1023 3096 recepi.
1071 3025 1142 3079 Post
1175 3022 1340 3095 quinpencrirt

745 3099 859 3167 fuerunt
876 3095 982 3149 Medius
1004 3094 1126 3147 ediderat
1144 3103 1223 3148 recte
1240 3101 1268 3147 et
1283 3092 1341 3145 hta

754 3183 813 3218 rum
837 3182 897 3218 mss.
920 3164 1036 3217 omnium
1079 3171 1172 3216 raeter
1196 3165 1278 3218 Bern.
1293 3160 1342 3215 Ber

1083 3232 1149 3303 ulgo
1169 3243 1255 3286 erant.
