2926 5174
29 285 103 357 438
302 319 305 324 >
499 303 533 366 Q.
562 301 687 354 cuum
711 302 797 354 uum

29 489 124 563 nium
147 488 302 587 speciem,
329 487 404 588 quis
429 486 618 587 Hydaspen
643 512 792 579 amnem,
824 487 901 587 quos
927 500 1037 562 celem
1063 488 1173 562 auditu
1193 513 1241 560 na

31 600 113 690 iera,
140 624 243 698 quam
267 624 353 690 uero,
384 599 544 672 sustinere
563 623 665 696 posse
689 598 859 672 credebat?
902 596 996 674 Olim
1019 599 1146 673 meatu
1164 599 1242 697 iupis·

30 736 141 784 semus
167 734 208 782 ea
233 710 336 801 Asia,
368 709 401 783 si
424 735 484 784 nos
499 710 640 810 subulae
665 709 823 783 cebetem
843 710 1046 808 potuissent.
1089 707 1244 786 Creditum
1256 727 1275 774 1⁸

30 822 275 920 elephantorum
296 845 413 920 propes
441 820 582 894 maiores
613 845 696 912 esse,
731 846 833 920 quam
867 847 1017 920 usquam
1052 834 1247 896 aunntonm

31 931 131 1007 sunt?
162 957 238 1006 eum
262 943 295 1004 et
317 957 435 1005 rarum
460 932 504 1005 sit
528 931 669 1021 animal,
699 956 758 1004 nec
772 932 879 1032 facile
906 931 1083 1030 capiatur,
1116 932 1250 1030 mulnpu

31 1043 202 1142 difficilius
227 1042 401 1141 mitr’petur.
441 1042 549 1142 Atqui
573 1032 688 1115 eadem
713 1042 844 1116 vanitas
870 1044 990 1142 copias
1006 1044 1163 1141 peditum
1185 1042 1283 1142 equi-tt

31 1166 162 1254 tumque
196 1153 391 1227 numeravit.
443 1153 541 1229 Num
564 1153 712 1248 flumen,
747 1177 810 1252 quo
845 1153 946 1228 ludus
962 1157 1099 1254 fusum
1126 1167 1182 1244 est,
1212 1153 1254 1226 luc

24 1265 198 1364 placidius
223 1276 370 1362 stapnat:
397 1267 520 1363 quispe
539 1265 689 1362 amentis
713 1265 799 1362 rupis
818 1266 969 1357 coercita,
997 1279 1029 1338 et
1055 1265 1094 1338 in
1115 1264 1255 1364 caputio

30 1402 101 1450 rem
127 1377 257 1449 alveum
283 1374 365 1448 elisa
371 1431 380 1465 ‚
420 1387 574 1449 torrentes
608 1401 714 1474 aquas
739 1375 913 1466 iuncinum
949 1388 1072 1450 eoutm
1099 1374 1256 1475 spatiod

30 1487 84 1561 uei
107 1482 238 1585 sepnior
264 1512 382 1560 cursus
407 1499 462 1561 est.
515 1484 692 1560 Praeterea
717 1487 753 1559 in
777 1485 856 1583 npa
882 1511 981 1561 omne
1001 1488 1195 1586 periculum
1207 1499 1258 1576 est,
1269 1501 1289 1550 1⁸

33 1597 91 1672 uli
127 1590 332 1697 applicantes
369 1597 507 1696 narvipia
538 1597 638 1672 hostes
676 1608 828 1696 eupeotat.
887 1595 944 1672 Ita
986 1613 1259 1699 quardumcunpu

18 1712 152 1808 flumen
178 1708 363 1800 interuenit,
395 1709 484 1782 idem
508 1711 668 1810 futurum
699 1706 876 1781 duuimen
908 1722 958 1783 est
994 1710 1260 1786 ammaonte

33 1834 165 1895 uuam.
658 1887 661 1892 .

1 1951 3 1982 ³
134 1928 206 2006 Sed
230 1931 342 2006 omniu
376 1930 440 2005 ista
471 1955 551 2004 uera
582 1952 651 2002 esse
670 1931 855 2028 stupemus.
919 1930 1090 2006 Utrumne
1124 1959 1180 2009 uos
1207 1947 1290 2005 nult

27 2045 167 2146 pnitudo
193 2044 379 2135 beluarum,
414 2070 460 2116 an
485 2040 658 2115 muditudo
683 2040 823 2115 luostium
848 2043 969 2117 unet?
1015 2041 1122 2127 Quod
1139 2043 1262 2144 pertita

31 2156 79 2229 ad
104 2154 303 2252 eumentes,
329 2179 493 2252 praesens
518 2153 675 2227 labemus
700 2152 902 2251 exemplum:
938 2153 978 2226 in
1005 2180 1090 2230 sucos
1117 2158 1261 2230 vetetu-

32 2267 112 2356 tius,
152 2289 254 2363 quam
285 2264 321 2338 in
353 2291 413 2339 nos
439 2265 669 2352 incurrerunt5
710 2277 777 2336 mm
806 2276 901 2338 uasta
935 2289 1087 2363 corpora
1114 2266 1261 2342 secundos

21 2376 235 2479 salutataque
260 2375 411 2448 mutilata
443 2388 528 2450 sunt.
584 2370 677 2456 Quid
713 2387 822 2447 autem
852 2373 1005 2469 interest,
1048 2377 1290 2465 adametur

32 2511 113 2587 quos
138 2486 249 2560 Porus
274 2485 401 2575 loaluit,
434 2513 479 2560 an
505 2486 570 2560 trio
596 2485 713 2560 milia?
745 2511 819 2559 cum
844 2511 911 2559 uno
943 2502 1008 2562 aut
1034 2489 1142 2565 altero
1173 2487 1261 2563 vulne

30 2596 114 2670 ratis
140 2609 258 2671 ceteros
277 2598 313 2671 in
328 2601 454 2699 sapam
481 2595 643 2670 declinari
667 2596 848 2670 oideamon.
888 2596 1031 2672 Deinde
1046 2627 1181 2699 paucos
1203 2622 1262 2701 poc

31 2733 93 2808 que
119 2708 322 2783 incommode
346 2722 479 2812 repunt:
515 2720 710 2807 cortpreputa
744 2730 820 2782 cero
853 2721 897 2782 tot
921 2710 1023 2784 milia
1060 2712 1143 2811 ipsa
1167 2736 1199 2786 se
1219 2707 1289 2783 eli-¹¹

32 2821 128 2911 dunt,
168 2819 226 2893 not
249 2845 308 2893 nee
338 2833 444 2911 stare,
483 2843 541 2892 nec
561 2820 686 2917 supere
705 2817 875 2916 potue-rint
907 2821 1077 2898 innotus
1097 2837 1262 2899 casuum

31 2956 206 3029 coeperam
231 2931 341 3004 moles.
381 2929 549 3030 Equidem
573 2930 623 3003 sie
648 2929 809 3003 animalia
835 2929 899 3004 ista
920 2936 1120 3034 contempsi,
1147 2948 1183 3009 ut
1203 2955 1261 3006 um

33 3042 198 3133 labacro,
234 3041 305 3139 ipse
331 3066 397 3115 non
423 3041 648 3140 apposuerim,
674 3043 757 3116 satis
777 3066 923 3140 pnarus,
943 3043 1032 3141 plus
1060 3047 1138 3122 suis
1145 3103 1156 3139 ‚
1180 3065 1261 3146 quaro

65 3316 88 3376 §-
107 3315 147 3363 15.
182 3311 309 3363 sustinere
320 3328 402 3380 posse
419 3309 547 3377 madebat]
574 3309 634 3363 Nos
668 3309 742 3364 verbi
759 3310 947 3380 opportunitas
965 3311 994 3365 in
1013 3330 1047 3369 eo
1066 3323 1125 3384 est,
1167 3315 1260 3368 uota

30 3396 61 3432 co
82 3377 172 3431 'tundo
189 3379 312 3449 suppleas
334 3379 362 3432 ni
379 3379 504 3433 sustineri
520 3377 635 3431 scribere
669 3379 758 3449 quitur
774 3378 856 3432 simile
871 3380 986 3434 verbum
1000 3385 1110 3439 deinde.
1139 3333 1194 3452 (ἓίο
1208 3379 1260 3453 anip

30 3445 104 3499 veis.
668 3465 759 3501 omnes
785 3446 844 3500 libri
869 3466 929 3501 mse.
964 3467 1023 3504 non
1043 3455 1108 3506 dun
1136 3461 1182 3506 out
1197 3450 1260 3514 ude)

65 3519 89 3580 5.
109 3521 149 3566 17.
181 3517 208 3566 in
226 3517 401 3583 anqustiorem
422 3517 532 3582 alveum]
568 3514 634 3568 Pro·
669 3515 872 3570 Coniunctivum
900 3516 995 3571 Iunius
1023 3529 1101 3575 recte
1129 3521 1260 3576 coniectus

29 3583 100 3636 xime
113 3591 291 3653 praecesserat
300 3585 419 3654 coquetis
437 3585 504 3652 ripis
514 3585 632 3650 coercita,
667 3584 793 3638 restituit.
819 3584 874 3637 Sed
895 3586 1063 3642 recentiores
1081 3592 1211 3645 declinare
1223 3582 1259 3639 ui·

30 3653 78 3706 sed
95 3668 127 3704 ee
144 3658 231 3704 tamen
248 3651 345 3705 idonee
366 3669 443 3706 eausa
466 3668 524 3705 esse
540 3651 633 3705 Modio
667 3672 716 3706 nus
733 3660 806 3707 necte
824 3663 1019 3734 propagarunt.
1057 3657 1133 3712 Nam
1149 3655 1259 3730 passim

30 3739 85 3776 non
102 3719 203 3787 debuit,
222 3738 268 3774 cur
277 3724 399 3773 artiorem
415 3721 440 3773 h.
451 3719 468 3772 1.
479 3719 632 3789 corrigeret.
667 3739 758 3776 vocem
774 3723 854 3775 habet
871 3738 933 3792 qmc
954 3723 1003 3776 uid
1022 3733 1066 3779 eet
1084 3726 1214 3793 codicum,
1226 3737 1259 3776 a·

65 3791 151 3870 spatio
169 3791 245 3856 alveo]
281 3788 326 3842 sto
334 3789 418 3841 Aldus
435 3797 515 3856 recte,
534 3790 582 3841 aed
600 3790 633 3843 de
687 3806 720 3842 ue
753 3789 815 3844 satis
841 3807 926 3844 oomm
962 3808 979 3845 e
1016 3794 1151 3865 explicari
1182 3796 1259 3867 pom

30 3865 190 3919 coniectura,
225 3875 283 3910 cum
309 3857 438 3927 principes
467 3859 558 3921 statio,
571 3864 633 3911 'neo
668 3809 747 3914 dene
773 3860 915 3913 declinatus
942 3861 1092 3934 participio
1112 3863 1206 3919 dicitur
1225 3873 1258 3930 q!

29 3926 112 3979 ullum
130 3926 246 3980 codicem
263 3943 309 3978 ms.
328 3925 389 3978 novi
406 3924 434 3978 in
450 3942 501 3995 quo
515 3943 569 3978 non
586 3938 633 3978 aut
667 3926 806 3981 declinavit
823 3925 921 3996 aliquo.

29 3995 82 4048 hoc
98 4002 145 4046 aut
162 3997 244 4047 stacio
262 3993 297 4046 sit
314 3993 498 4064 praeterFlor.
513 3993 538 4045 D
557 3995 631 4046 etde
701 4003 723 4062 ς.
750 4002 791 4049 21.
852 4013 931 4050 aucos
967 4016 1074 4069 quoque
1111 3993 1256 4061 immolet

30 4078 84 4133 quo
102 4061 161 4115 silet
178 4060 311 4116 snakenb.
330 4062 405 4116 Voss.
426 4070 448 4114 l.
668 4064 751 4118 Codd.
770 4072 798 4117 et
814 4013 873 4116 edd.
891 4065 994 4119 Aldina
1019 4069 1181 4124 vetustiores
1196 4065 1257 4121 uie

65 4129 129 4199 Cap.
149 4137 178 4196 9,
205 4134 229 4198 ξ.
249 4135 291 4184 20.
336 4131 463 4183 declinari
488 4130 630 4198 videamus]
667 4136 801 4197 commode,
819 4131 860 4184 cui
878 4131 941 4201 quid
961 4134 1063 4190 faciam
1080 4136 1180 4192 nescio.

29 4195 98 4249 Edd.
116 4205 183 4250 vett.
200 4201 329 4252 declinari
351 4201 477 4260 videmus,
501 4198 573 4267 quod
591 4206 633 4251 est
701 4203 762 4270 ipsa
779 4218 806 4254 se
823 4201 933 4268 elidunt]
971 4203 1076 4260 Maluit
1093 4206 1206 4260 Freinah·
1222 4200 1258 4253 oli·

30 4271 180 4339 postrorum
197 4265 223 4318 in
241 4285 294 4319 uno
311 4267 381 4321 Flor.
402 4266 424 4318 B
443 4273 632 4336 praetereaque
667 4272 740 4334 dent,
766 4276 795 4321 et
812 4267 904 4338 quidni
925 4270 1019 4340 malit,
1048 4275 1131 4329 modo
1156 4291 1189 4328 na
1202 4267 1256 4338 wls·

30 4346 59 4381 ιιι
75 4331 156 4384 Voss·
170 4339 196 4399 2,
214 4333 242 4386 in
259 4335 351 4388 ceteris
373 4335 443 4388 enim
460 4335 569 4387 verbum
585 4351 632 4386 cx·
667 4337 828 4406 corrigatur,
852 4353 920 4406 quae
938 4341 1107 4397 sententium
1128 4343 1205 4397 hmo
1217 4351 1257 4391 M

30 4404 144 4452 tremum
168 4418 275 4470 prorsus
302 4403 441 4457 omittitur.
485 4402 631 4457 Omittendi
667 4406 804 4458 diversum.
