2926 5174
112 287 184 358 312
587 304 620 369 o.
649 301 881 356 euasurum

106 491 254 588 equites·
268 513 348 564 xxx
373 489 470 562 milia
501 490 745 587 expleverant.
796 486 879 584 Ipsa
903 484 1051 574 Bactra,
1084 481 1235 582 regionis
1257 483 1345 557 eiussi

106 612 230 699 caput,
263 599 332 673 sita
366 610 451 673 sunt
483 601 549 674 sub
584 609 705 672 monte
740 596 980 694 Parapamiso.
1041 593 1193 668 Bactrus
1226 595 1314 668 amnis

106 712 277 810 praeterit
301 711 452 783 moenia.
504 710 539 784 Is
565 711 646 784 urbi
673 723 710 784 et
735 708 870 807 regioni
897 705 996 781 dedit
1020 732 1164 780 nomen.

57 826 102 898 19
207 821 277 896 Hic
307 822 383 919 regi
415 822 548 896 stativa
579 823 726 897 habenti
760 820 945 895 nuntiatur
979 843 1027 892 ex
1060 814 1211 893 Graecia
1238 817 1345 892 Pelori

104 933 358 1033 ponnesiorum
396 930 647 1032 Laconumque
687 932 848 1006 defectio
916 927 1088 1003 Nondum
1127 931 1219 1003 enim
1253 921 1335 1003 victi

104 1055 221 1136 erant,
255 1070 336 1118 cum
366 1045 676 1142 proficiscerentur
701 1044 875 1117 tumultus
902 1041 976 1114 eius
1003 1041 1179 1138 principia
1203 1042 1313 1114 nuntia·

103 1157 184 1230 turi.
236 1154 284 1229 Et
310 1155 400 1228 alius
427 1180 596 1254 praesens
621 1167 739 1253 terror
765 1156 928 1243 affertur,
956 1149 1129 1252 Scythas,
1163 1153 1222 1251 qui
1243 1153 1324 1225 ultra*

104 1267 253 1341 Tanaim
287 1293 428 1341 amnem
463 1270 601 1360 colunt,
642 1266 853 1355 adventare,
887 1262 999 1337 Besso
1035 1263 1192 1339 ferentes
1225 1290 1311 1362 open.

103 1377 241 1453 Eodem
276 1389 457 1477 tempore,
493 1406 583 1478 quae
619 1381 656 1453 in
688 1391 795 1479 gente
821 1377 990 1450 Ariorum
1016 1372 1181 1450 Caranus
1207 1386 1240 1452 et
1260 1375 1312 1447 Eii-

101 1490 207 1588 gyius
244 1501 444 1588 gesserant,
480 1493 717 1589 perferuntur.
784 1486 1021 1563 Commissum
1057 1496 1137 1561 erat
1170 1487 1366 1591 proeliuntty

102 1602 196 1674 inter
220 1601 435 1676 Macedones
461 1601 649 1701 Ariosque.
702 1602 903 1699 Transfuga
936 1595 1190 1674 Satibarzanes
1215 1598 1309 1672 barba·
1364 1598 1366 1665 i

105 1713 152 1785 ris
179 1724 361 1810 praeerat:
389 1715 450 1811 qui
476 1740 558 1788 cum
583 1740 741 1814 pugnam
768 1738 913 1812 segnem
939 1702 1259 1815 utrimqtdsequis
1278 1708 1310 1780 ri-

102 1823 201 1898 ribus
228 1835 324 1899 stare
349 1824 509 1918 vidisset,
534 1827 572 1898 in
598 1826 731 1924 primos
758 1824 899 1899 ordines
925 1822 1160 1920 adequitavit,
1187 1823 1310 1920 dempta·

104 1962 173 2034 que
199 1938 311 2035 galea,
337 1937 496 2010 inhibitis
523 1937 583 2034 qui
608 1939 681 2011 tela
705 1937 895 2025 iaciebant,
922 1933 952 2007 si
978 1935 1058 2032 quis
1085 1935 1219 2010 viritim
1242 1932 1310 2006 dimi

76 2073 186 2120 xcare
219 2049 344 2140 vellet,
382 2048 594 2145 provocavit
631 2048 678 2122 ad
712 2072 883 2147 pugnam,
918 2044 1057 2119 nudum
1094 2071 1134 2119 se
1168 2043 1310 2144 caputio

103 2159 296 2232 certamine
337 2158 552 2232 habiturum.
619 2157 701 2233 Non
741 2161 823 2233 tulit
856 2158 1024 2231 ferociam
1065 2157 1211 2232 barbari
1241 2153 1341 2231 ducas

104 2266 288 2368 Erigyius,
319 2269 439 2367 gravis
472 2270 616 2366 quidem
647 2281 781 2361 aetate,
817 2269 881 2344 sed
907 2279 944 2342 et
975 2268 1086 2342 animi
1114 2281 1153 2343 et
1187 2263 1310 2365 corporis

103 2381 234 2454 robore
259 2381 347 2454 nulli
372 2380 542 2455 iuvenum
568 2382 828 2480 postferendus.
854 2446 856 2451 ,
880 2380 915 2455 Is
940 2381 1045 2478 galea
1077 2379 1226 2478 dempta
1247 2372 1311 2450 cani·

101 2624 210 2684 milium.
263 2636 360 2704 Itaque
387 2635 504 2704 quamvis
530 2654 586 2690 non
611 2653 706 2708 negem
739 2643 794 2690 tem
810 2635 888 2688 istam
904 2634 1043 2687 restituere
1060 2643 1161 2704 posset.
1184 2633 1236 2687 Sed
1248 2640 1311 2684 urum

103 2701 201 2754 habere
226 2701 291 2756 haec
316 2703 397 2756 verba
422 2703 520 2775 aliquid
545 2706 704 2773 offensionis,
738 2712 780 2758 est
797 2721 855 2757 eam
872 2702 1014 2756 accusativi
1031 2702 1311 2768 terminationemsuper·

103 2769 221 2822 nondum
238 2778 336 2840 tamen,
356 2789 416 2825 cum
433 2771 461 2825 in
479 2773 598 2828 omnibus
612 2783 706 2828 extent
739 2788 795 2827 esse
812 2773 840 2825 in
857 2771 931 2825 Lsid.
948 2771 1051 2824 Vossl
1071 2771 1154 2824 Bern.
1164 2774 1190 2824 A
1207 2761 1311 2824 moral·

104 2837 244 2906 codicibus,
263 2840 357 2894 adduci
374 2858 480 2911 possum
497 2850 527 2895 ut
545 2843 653 2896 deleam.
775 2847 800 2908 S.
812 2848 853 2896 33.
874 2839 1029 2909 Transfuga
1039 2840 1237 2907 Satibarzanes]
1252 2846 1311 2890 uou-

138 2909 160 2975 5.
179 2914 221 2961 31.
256 2909 442 2978 Parapamiso.
473 2911 597 2980 Bactrus]
632 2912 705 2966 Edit.
730 2914 757 2982 f
788 2928 826 2963 as.
845 2909 984 2962 Artibazes
1002 2908 1083 2961 Bern.
1103 2909 1131 2961 A
1146 2907 1220 2961 Leid.
1237 2902 1309 2959 Vostl

103 2976 586 3101 rsrrrarssrsrr
609 2980 707 3102 tr
740 2978 973 3100 staats
986 2964 1311 3098 rasitata

102 3112 176 3166 dedit
193 3085 355 3184 Parapanis.
366 3086 373 3099 ’
383 3115 510 3183 Bactrus,
534 3088 605 3186 quod
622 3067 707 3171 estid
740 3064 871 3168 Regem·
889 3065 939 3165 Bn
964 3063 1014 3166 dds.
1029 3084 1058 3166 2.
1094 3065 1274 3175 Nadabzmr,
1292 3108 1311 3154 11⁸

103 3182 175 3234 Flor.
193 3182 216 3234 F
218 3181 250 3235 G.
286 3183 376 3236 Iunius
399 3183 447 3236 sc‘
468 3184 503 3237 sit
519 3186 706 3254 Parapamiso.
741 3203 772 3238 su
790 3202 828 3249 ra,
848 3190 1000 3236 constanter
1016 3182 1089 3235 Flor.
1109 3181 1144 3236 G.

103 3251 217 3302 Bactrus
234 3267 284 3304 nec
300 3252 334 3305 ab
352 3253 442 3305 eoMo
463 3252 501 3305 ‘us
520 3253 639 3307 discessit
657 3254 706 3308 nisi
772 3202 882 3305 barbari
900 3252 972 3306 ducta
990 3251 1133 3320 Erigyius]
1162 3241 1311 3315 eodoaplr

103 3318 373 3388 quodParapamisso
392 3320 510 3443 duplicis
528 3321 611 3389 dedit,
630 3320 707 3377 sicuti
740 3321 814 3392 rique
828 3322 960 3391 ferociam
982 3319 1090 3373 barbari
1112 3322 1168 3374 dua
1184 3321 1250 3373 allius
1263 3325 1311 3368 rtet·

103 3385 202 3454 legitur
227 3386 255 3438 in
281 3387 352 3442 Flor.
371 3389 420 3441 AB

104 3452 200 3506 nostris
218 3454 290 3507 Flor.
309 3456 337 3508 H
363 3457 443 3511 Bern.
462 3458 485 3509 B
510 3458 555 3528 qui
579 3459 707 3514 exhibent
741 3460 810 3512 biam
828 3459 935 3510 barbara¹
953 3458 1006 3510 dua
1024 3459 1155 3511 arcitus
1172 3458 1253 3521 allius,
1270 3457 1312 3504 ttrffl

103 3521 280 3590 Parapaniso.
297 3524 421 3578 Bactrus.
448 3525 706 3581 Snakenb.inLeid.
741 3525 859 3596 corrupti
890 3524 960 3578 Flor.
983 3524 1038 3577 ΕΗ
1063 3522 1149 3580 Bern.
1171 3525 1194 3578 B
1214 3519 1311 3594 ferrata

103 3589 180 3643 Voss.
200 3597 224 3670 1ἱ
242 3597 257 3643 2
276 3592 360 3658 tradit
376 3593 429 3664 legi
447 3595 522 3674 Para
542 3597 626 3649 anisa.
653 3598 707 3650 Bo·
741 3597 811 3649 itlius
829 3595 937 3673 barbari
946 3595 1149 3673 desuererct'tus.
1174 3587 1312 3670 amentur

103 3668 273 3781 ttt’tlt
288 3663 494 3784 ppqnwesa
537 3667 706 3733 “mmm
741 3672 783 3785 t*
804 3662 969 3784 illumi
984 3660 1311 3799 alliss'el‘t‘llafflh‘d

139 3794 204 3866 Cap.
220 3745 266 3864 Ill),
286 3803 309 3864 ς.
326 3806 368 3853 32.
397 3771 643 3870 Bclopoaaest'omm
652 3803 708 3857 La-
742 3749 814 3854 nidd
830 3746 991 3869 essdphreuam
1011 3814 1110 3851 nomen
1127 3800 1259 3870 Erigyius,
1277 3801 1311 3844 ml

104 3876 252 3986 saras
279 3865 708 3993 lassa
742 3860 1311 3990 ΨΨΨΨΨΨΨΨΨ

104 3972 227 4080 ABQ'EF
252 4002 333 4057 Bern.
357 4005 406 4057 AB
437 3976 708 4085 peloponnensium,
742 4005 919 4060 Macedonum
927 3952 1089 4074 §diriqpiusd
1124 4003 1249 4076 Equidem
1266 4000 1310 4068 ΡΜ

104 4078 200 4137 partim
218 4071 350 4153 mendose,
374 4081 472 4142 partim
489 4082 578 4128 tamen
596 4077 709 4157 utquid
743 4074 806 4156 olim
822 4073 903 4127 faisse
920 4075 993 4152 duca
1011 4089 1046 4152 en
1083 4075 1309 4154 uoletdusetrtrr

104 4152 196 4216 verum
206 4140 421 4212 s1tmtelhgatur.
440 4142 537 4196 Ethoc
547 4153 709 4199 romeatrone
743 4151 861 4197 sunctum
879 4141 1078 4212 cumrnexphca
1096 4138 1309 4197 innominatum

106 4212 339 4327 ffitiglmq4mmm
357 4217 433 4264 extat
455 4215 483 4264 in
500 4211 559 4264 cod.
576 4212 612 4265 H.
639 4214 709 4269 Vide
744 4211 1122 4348 ⁸itnffiii⁶⁸aff⁶r⁶0²3i⁴f³etml
1141 4269 1308 4333 mm

135 4340 160 4407 f
156 4313 261 4422 emblet¹
271 4348 352 4413 opem]
370 4346 443 4426 Edit.
460 4365 500 4417 pr.
510 4345 572 4426 Ald.
583 4349 707 4429 ferentis,
743 4357 758 4404 2
777 4350 844 4401 autta'
860 4319 913 4401 aad
924 4297 979 4401 duo.
991 4349 1196 4418 praeferendas.
1211 4345 1250 4400 Ex
1261 4335 1307 4393 llll·

108 4408 179 4474 quod
195 4408 313 4467 Fremsh.
331 4422 448 4485 recent,
473 4431 547 4487 quasi
565 4418 709 4491 antiquita·
745 4417 820 4473 OEH
837 4424 942 4473 tantum
953 4417 1135 4488 prosatores
1152 4422 1256 4473 neutur-

448 3429 454 3442 .
499 3388 647 3460 Supersunt
674 3392 707 3445 de
741 3393 821 3456 citus,·
838 3387 955 3458 corrupti
972 3387 1051 3442 codd.
1075 3387 1151 3442 Flor.
1169 3386 1232 3441 DFI
1249 3394 1311 3462 supr·
