2984 5176
450 307 500 356 na
527 306 655 359 ansrrs
680 308 790 360 saux.
816 312 868 381 111,
901 309 941 357 1³.
1268 299 1316 370 23

10 514 46 562 11
67 499 184 563 morte
209 489 247 562 in
272 490 505 563 tabernaculo
533 491 695 588 extingui
721 517 770 585 se,
798 497 1027 591 querebatur.
1065 496 1315 596 Admissisque

66 601 189 674 amicis
215 602 351 699 pariter
376 625 419 673 ae
445 600 602 692 medicis,
633 602 678 677 Ia
703 622 768 703 qao
793 631 854 699 me,
879 608 1007 704 inquit,
1033 608 1172 684 murale
1197 635 1313 683 rerum

65 737 219 786 auorum
232 715 378 814 fortuna
403 711 661 808 deprehenderet,
687 716 828 789 amedu.
869 715 1053 817 Strepitum
1077 718 1243 794 matiam
1256 747 1311 794 ar·

64 848 198 898 morum
229 823 392 897 eaaadire
426 821 511 893 milti
540 821 672 915 uideor,
703 838 734 898 et
757 827 818 925 qai
840 828 924 902 uitro
949 828 1049 902 intuli
1071 829 1207 922 bellam
1239 832 1311 905 rant

9 951 45 999 12
59 958 237 1031 prmoem
295 934 437 1009 Dareus
471 955 549 1030 erpo
583 957 658 1006 earu
693 948 762 1008 tarn
796 939 955 1034 aepabm
990 938 1113 1014 litteras
1146 942 1309 1035 sembra,

52 1047 235 1144 fortunam
266 1068 379 1116 uuam
412 1041 450 1114 ia
483 1043 617 1117 coratio
651 1045 778 1119 tabae·
817 1047 877 1119 sed
900 1049 1136 1148 nequaquam,
1168 1052 1202 1126 si
1226 1053 1311 1127 aridi

9 1173 43 1221 ra
65 1153 205 1227 arbitrio
231 1176 305 1227 meo
332 1152 448 1225 curari
471 1152 552 1225 lieet.
587 1153 697 1229 Lertta
722 1156 871 1228 rastedis
895 1169 925 1230 et
948 1181 1062 1256 sepner
1086 1161 1229 1237 audeas
1242 1189 1309 1238 aon

66 1274 242 1360 aspectant
271 1275 418 1359 tempora
446 1287 539 1335 aaa:
577 1265 633 1337 ael
662 1265 921 1359 malaterrae,
947 1292 1050 1367 qaam
1075 1270 1168 1343 tarde
1193 1295 1309 1345 aenou

68 1374 189 1446 iescam
213 1372 436 1446 redimebas
459 1385 516 1446 est.
555 1373 713 1467 Proinde,
739 1374 774 1448 si
797 1375 881 1474 qaid
904 1377 988 1476 opis,
1014 1377 1048 1451 si
1070 1379 1155 1478 quid
1177 1380 1261 1454 unis
1274 1381 1311 1454 iu

67 1483 207 1557 eadee
230 1497 290 1575 est,
324 1483 445 1575 semet,
478 1509 531 1557 me
556 1510 623 1559 aea
647 1498 717 1559 tara
741 1486 872 1578 mora,
898 1513 1002 1587 quam
1026 1488 1103 1562 beta·
1124 1491 1309 1564 remedium

9 1624 44 1672 14
65 1619 233 1694 qaenam.
268 1593 631 1691 Ingentemomnibus
657 1597 858 1670 incusserat
883 1623 1006 1672 euram
1032 1609 1107 1672 tam
1132 1626 1306 1698 praeceps

60 1706 246 1778 temeritas
278 1706 363 1778 eius.
408 1704 505 1802 Ergo
538 1732 604 1804 pro
636 1733 675 1780 se
709 1708 859 1805 quisque
891 1710 1030 1807 precari
1056 1735 1223 1810 coepere,
1258 1736 1305 1785 ne

59 1816 288 1895 festinatione
320 1816 518 1914 perieulum
548 1828 715 1914 augeret,
751 1818 816 1892 sed
843 1830 938 1892 esset
962 1821 1000 1892 in
1026 1831 1208 1918 potestate
1232 1821 1329 1894 me·'

10 1949 37 1997 :5
59 1927 241 2000 dentium:
267 1927 458 2024 inexperta
483 1927 642 2000 remedia
666 1927 766 2000 haud
790 1928 919 2000 iniuria
935 1930 1022 2026 ipsis
1036 1954 1115 2003 esse
1128 1941 1305 2027 suspecta,

58 2064 143 2110 oum
169 2037 217 2111 ad
251 2039 445 2136 perniciem
477 2037 553 2110 eius
579 2039 688 2110 etiam
713 2059 736 2110 a
761 2039 873 2111 latere
897 2039 1009 2135 ipsius
1035 2041 1186 2137 pecunia
1211 2041 1305 2112 solli·

10 2174 37 2222 a
59 2151 189 2223 citaret
231 2150 356 2222 hostis.
420 2146 560 2247 Quippe
594 2147 734 2223 Dareus
776 2151 871 2223 mille
910 2152 1047 2224 talenta
1084 2151 1304 2224 interfectori

57 2259 261 2334 Alexandri
296 2259 465 2333 daturum
490 2285 529 2332 se
554 2261 778 2357 pronuntiari
803 2260 965 2334 iusserat.
1018 2260 1143 2359 Itaque
1168 2289 1215 2337 ne
1241 2288 1301 2335 au·

58 2397 185 2444 surum
212 2369 356 2467 quidem
382 2396 597 2466 quemquam
621 2372 889 2445 arbitrabantur
914 2374 1068 2471 experiri
1093 2374 1300 2466 remedium,

58 2482 159 2580 quod
183 2493 333 2580 propter
357 2482 555 2554 novitatem
580 2493 703 2579 posset
728 2508 807 2556 esse
834 2494 1048 2582 suspectum.

10 2610 47 2658 vr
163 2592 253 2666 Erat
277 2593 371 2664 inter
396 2593 533 2666 nobiles
559 2592 716 2667 medicos
744 2618 792 2666 ex
816 2593 1027 2668 Macedonia
1052 2620 1175 2693 regem
1202 2599 1351 2669 secu-14

56 2811 236 2882 reprobarem.
255 2809 336 2877 (Vide
353 2810 387 2864 ad
404 2810 448 2864 lib.
466 2825 517 2876 vn,
535 2813 589 2881 13.)
606 2811 661 2865 Ve·
696 2811 806 2864 suluisse
823 2810 839 2863 i.
858 2828 880 2864 e.
904 2811 1000 2865 malam
1018 2810 1087 2864 illius
1111 2812 1246 2865 fortunam
1264 2812 1299 2864 si-

55 2889 200 2934 runtamen
217 2878 362 2933 ablativum
378 2896 467 2932 rasum
480 2886 591 2931 tuentur
608 2897 662 2932 non
696 2879 775 2948 bique
792 2888 933 2950 propterea
950 2879 1100 2950 propitiam.

57 2949 145 3001 solum
163 2946 256 3018 optimi
274 2947 335 3001 libri
352 2946 426 3000 Leid.
447 2948 522 3000 Voss.
543 2956 554 2998 1
580 2947 661 2998 Bern.
732 2949 755 3012 ς.
776 2953 815 2997 13.
833 2965 885 2998 non
903 2956 1037 3013 expectant
1053 2957 1101 2997 tem
1121 2963 1168 2997 ora
1185 2965 1242 2999 mea
1264 2965 1299 3001 ex

57 3018 86 3069 A
102 3016 176 3069 Flor.
192 3016 227 3083 B,
250 3016 296 3068 sed
313 3014 394 3069 etiam
410 3015 456 3086 qui
474 3016 530 3067 fere
548 3013 662 3066 deterio-
696 3013 768 3064 Flor.
786 3011 843 3064 Bc
862 3013 941 3063 Bern.
958 3013 985 3062 A
1001 3011 1075 3062 Leid.
1121 3029 1170 3063 oss.
1188 3022 1216 3064 et
1234 3015 1298 3066 odit.

56 3102 118 3137 rem
135 3091 232 3136 seeum
249 3085 350 3138 ducunt
367 3085 473 3138 Voss.2
491 3080 661 3135 FleaGHE
696 3079 771 3132 Mod.
790 3078 882 3147 scripsi
905 3095 954 3147 pro
980 3077 1051 3145 vulg.
1086 3094 1139 3128 aon
1169 3090 1298 3145 expetunt.

58 3153 143 3205 Bern.
161 3152 194 3204 B.
227 3152 294 3206 Mox
317 3170 348 3205 ea
370 3153 492 3205 monibus
516 3167 565 3220 pro
590 3148 662 3216 vulg.
696 3148 762 3200 Non
779 3155 923 3216 expectant,
941 3143 988 3211 ait,
1006 3143 1023 3196 i.
1035 3160 1058 3195 e.
1075 3142 1197 3214 equidem
1214 3144 1241 3196 in
1258 3147 1299 3198 his

58 3240 74 3273 e
92 3221 214 3273 manibus
231 3220 300 3287 dedi,
318 3219 393 3272 Laid.
411 3219 489 3272 Voss.
509 3226 521 3271 1
540 3218 621 3270 Bern.
636 3217 662 3268 A
696 3232 785 3268 rerum
802 3230 920 3267 mearum
941 3211 1069 3284 angirstiis
1087 3219 1227 3283 expectare
1245 3232 1299 3267 non

55 3289 81 3343 F
81 3289 125 3342 lor
140 3288 307 3343 BCDEFI
324 3297 436 3341 secutus.
695 3302 810 3355 possum,
829 3285 892 3335 dum
908 3281 987 3335 lentis
1004 3279 1126 3335 remediis
1139 3298 1222 3335 curer.
1240 3284 1298 3336 Es·

92 3357 437 3426 intabernaeuloestinpue]
455 3355 598 3408 Additurv
645 3372 661 3408 ο
691 3363 784 3475 petunt
801 3351 928 3432 siveram
940 3358 1019 3417 esset,
1038 3351 1153 3404 debebat
1169 3349 1221 3404 alio
1238 3369 1297 3406 ver·

54 3434 208 3480 saocontra
223 3426 300 3480 oodd.
310 3442 428 3482 meorum
437 3423 561 3490 omnium,
580 3423 624 3492 qui
647 3425 660 3476 ‘l
715 3440 790 3476 orum
815 3422 920 3474 ordme:
946 3439 999 3473 aon
1020 3421 1089 3474 lenta
1111 3421 1226 3474 remedia
1250 3432 1297 3476 aut

54 3496 140 3548 etiam
157 3494 303 3547 editionum
324 3502 445 3546 veterum
467 3492 658 3546 auctoritatem.
695 3507 787 3559 seques
809 3492 922 3544 medicos
948 3498 1069 3558 expetant
1090 3498 1205 3558 ternpore
1229 3509 1295 3544 mea.

93 3567 117 3632 §.
129 3570 169 3616 11.
186 3564 289 3630 pariter
301 3563 345 3632 ee]
364 3560 409 3614 Sic
426 3561 487 3613 dedi
504 3577 538 3613 ex
554 3559 660 3630 optimis
696 3557 828 3612 Confundi
845 3568 934 3611 autem
955 3575 971 3609 s
988 3555 1100 3610 librariis
1122 3573 1154 3611 es
1170 3560 1251 3611 verba
1267 3568 1296 3614 et

53 3632 135 3686 simul
153 3640 181 3684 et
216 3630 328 3697 lurimis;
342 3631 448 3700 pariter
456 3639 533 3709 atque
542 3628 570 3681 in
578 3629 658 3681 Bern.
694 3645 742 3680 nos
764 3626 792 3678 in
810 3625 904 3679 Curtio
927 3625 1063 3679 didicimus
1085 3632 1115 3679 et
1131 3626 1210 3679 docet
1226 3626 1295 3680 Dra·

53 3701 81 3752 B
99 3700 172 3752 Flor.
233 3700 247 3752 1
263 3700 401 3752 inventum
418 3705 467 3762 est,
485 3716 513 3749 m
525 3696 658 3749 unoFlor.
692 3695 835 3748 kenboreh.
852 3695 886 3746 ad
903 3693 1007 3747 Livium
1023 3708 1053 3762 Χ,
1073 3700 1088 3747 t
1106 3702 1174 3746 extr.

56 3767 86 3821 G
103 3770 209 3836 pariter
231 3778 255 3821 et
280 3769 351 3838 quod
374 3765 503 3820 editiones
520 3764 658 3836 occupavit
728 3766 751 3831 ξ.
771 3768 811 3816 15.
830 3780 847 3816 a
865 3765 947 3815 latere
964 3763 1063 3832 psius,
1082 3761 1099 3814 i.
1117 3779 1140 3814 e.
1158 3762 1215 3832 regi
1233 3782 1294 3832 pro-

52 3843 165 3909 praeter
180 3836 333 3890 Medianum
349 3851 448 3890 omnes.
692 3831 786 3897 ximos,
805 3831 838 3884 ef.
857 3829 973 3885 Gronov.
991 3831 1026 3883 ad
1043 3830 1100 3883 Liv.
1118 3837 1231 3895 xxrv‚5
1250 3832 1295 3883 lin.

91 3908 115 3972 ξ.
128 3912 168 3958 12.
186 3907 322 3972 fortunam
339 3922 422 3956 meam
439 3905 469 3956 ia
486 3903 595 3956 coasilio
613 3903 659 3954 lia-
728 3903 751 3968 ξ.
772 3906 811 3952 16.
830 3900 917 3968 itaque
933 3929 969 3940 —
986 3900 1195 3962 arbitrabantur]
1215 3897 1295 3958 Quod

52 3975 123 4040 buit]
158 3963 237 4026 Nove
258 3972 358 4026 dietum
379 3973 426 4024 sed
448 3971 482 4023 ad
495 3987 562 4023 -rem
583 3977 656 4039 apte:
693 3969 727 4021 de
744 3966 841 4021 scholio
859 3967 979 4036 cogitant
987 3966 1104 4018 Freinsh.
1119 3972 1147 4016 et
1156 3963 1294 4029 cellarius,

51 4040 218 4096 oonsultavit
235 4040 308 4110 quasi
326 4059 385 4094 eum
402 4040 509 4093 fortuna
525 4055 597 4105 mea,
625 4039 658 4091 ab
693 4035 759 4089 nihil
776 4043 829 4088 est:
852 4037 1051 4088 arbitrabantur
1068 4038 1109 4084 est
1126 4031 1249 4083 dicebant
1267 4049 1296 4085 se

52 4126 140 4179 eaque
159 4108 267 4162 videtur
287 4108 437 4162 admonitus
463 4124 519 4160 esse
542 4114 574 4160 ut
596 4124 659 4159 mn·
693 4103 824 4158 arbitrari.
843 4103 897 4157 Sed
911 4104 1091 4156 arbitrabatur
1100 4099 1223 4151 mendose
1232 4100 1295 4152 seri-

51 4179 159 4231 fideret.
194 4177 227 4229 In
249 4177 356 4231 consilio
378 4178 433 4230 lere
450 4176 575 4229 habemus
594 4174 658 4227 ami·
693 4181 769 4244 ptum
787 4180 845 4225 erat
862 4171 889 4224 in
897 4169 1036 4224 Flor.BH
1053 4166 1166 4219 Bernss
1185 4175 1213 4220 et
1230 4167 1295 4220 edit.

52 4265 108 4313 cos,
128 4247 162 4298 de
170 4264 281 4316 quorum
299 4245 432 4299 sententia
441 4252 586 4298 statuamus
595 4243 659 4313 quid
692 4241 810 4312 principe
823 4239 941 4310 aliisque,
959 4237 1039 4290 etiam
1046 4233 1165 4287 Freinsh.
1175 4243 1204 4288 et
1212 4235 1294 4312 Snalx.

89 4315 188 4368 endum
205 4315 248 4367 sit.
266 4314 372 4368 Novum
383 4315 407 4367 h.
417 4314 434 4366 1.
452 4314 503 4366 hoe
519 4320 569 4378 est,
588 4311 659 4382 quod
729 4309 794 4379 Cap.
814 4315 855 4375 14,
882 4313 905 4378 ς.
925 4314 948 4359 1.
984 4322 1016 4357 es
1033 4303 1205 4372 Macedonia]
1250 4303 1296 4354 Sur

88 4383 199 4438 versarii
215 4384 347 4438 fortunam
365 4382 461 4438 dicitur
474 4381 578 4435 Dareus
596 4397 658 4434 eon·
692 4378 765 4431 Flor.
783 4393 872 4434 omnes
890 4380 996 4448 praeter
1013 4371 1054 4440 H3
1088 4371 1169 4443 vulgo
1187 4388 1200 4426 e
1217 4370 1295 4423 Mae.
