2926 5174
385 312 433 361 nn
461 309 589 361 ansrrs
616 308 726 358 Anax.
754 309 803 376 rv,
832 305 879 356 29.
1037 354 1040 358 ,
1196 287 1268 359 101

89 523 157 587 ae,
201 495 405 568 defectione
441 517 583 590 quoque
609 492 797 588 perterriti.
851 490 997 588 Iamque
1023 489 1121 563 haud
1146 491 1272 588 procul

89 609 169 707 phi
202 598 315 695 erat}
332 606 368 677 in
393 605 492 676 cuius
518 601 697 700 praesidio
723 601 886 675 Mazaces
912 611 1058 700 praetor
1083 599 1193 673 Darei
1218 627 1271 673 re·

89 746 112 809 s,
146 717 319 790 Heroon
344 740 443 789 amne
471 723 650 811 superata,
677 713 883 811 octingenta
908 714 1045 785 talenta
1061 711 1272 786 Alexandro

89 853 237 926 amque
267 827 400 923 regiam
426 825 681 923 supellectilem
706 823 864 896 tradidit
904 824 938 897 A
960 822 1119 921 Memphi
1146 823 1274 898 eodem

89 943 152 1021 ine
184 949 342 1027 vectus,
378 936 423 1008 ad
447 936 618 1009 interiora
644 936 802 1033 Aegypti
834 945 1016 1034 penetrat3
1053 934 1271 1033 compositis-

92 1053 223 1127 rebus
255 1051 320 1139 ita,
345 1060 385 1121 ut
409 1047 495 1120 nihil
522 1072 570 1120 ex
595 1046 712 1143 patrio
739 1047 1002 1146 Aegyptiorum
1033 1072 1133 1120 more
1159 1061 1273 1119 muta·

109 1162 227 1236 adire
260 1160 358 1234 Iovis
383 1158 593 1231 Hammonis
629 1159 814 1230 oraculum
840 1158 975 1230 statuit.
1028 1155 1102 1230 lter
1128 1155 1276 1255 expedis

89 1299 238 1371 tuoque
257 1282 297 1345 et
311 1271 430 1368 paucis
455 1270 519 1342 vix
545 1268 731 1341 tolerabile
756 1267 1030 1366 ingrediendum
1056 1280 1151 1341 erat:
1178 1278 1275 1340 terra

89 1410 181 1482 oque
215 1407 400 1478 aquarum
424 1381 574 1478 penuria
600 1387 665 1467 est,
693 1380 832 1453 steriles
859 1381 1015 1452 harenae
1040 1381 1167 1470 iacent,
1186 1405 1275 1476 quas

106 1519 233 1593 vapor
277 1492 363 1564 solis
398 1490 575 1581 accendit,
610 1489 749 1563 fervido
786 1493 863 1564 solo
899 1502 1074 1564 exurente
1111 1491 1274 1589 vestigia,

89 1606 260 1679 [erabilis
301 1616 420 1677 aestus
455 1601 587 1675 existit.
653 1597 950 1698 Luctandumque
977 1614 1131 1676 estnon
1157 1603 1275 1676 solum

111 1716 267 1790 ardore
296 1725 333 1787 et
359 1715 514 1788 siccitate
540 1711 706 1808 regionis,
725 1711 789 1787 sed
808 1715 916 1785 etiam
942 1739 1024 1786 cum
1050 1715 1275 1787 tenacissimo

89 1831 142 1919 la,
176 1825 294 1924 quod
320 1827 518 1922 praealtum
544 1833 581 1894 et
607 1823 759 1918 vestigio
792 1822 924 1896 cedens
951 1849 1056 1920 aegre
1081 1827 1277 1898 moliuntur

104 2029 262 2083 librorum
292 2043 351 2078 mss.
377 2025 535 2079 auctoritate
562 2039 640 2095 prae-
674 2020 789 2095 Ἡρώων
819 2021 905 2076 πόλιν
934 2023 962 2077 in
989 2041 1020 2078 ea
1049 2031 1127 2096 perte
1153 2024 1279 2095 Aegypti,

89 2117 137 2166 mr,
160 2114 230 2150 non
245 2104 432 2164 posteaquam.
674 2107 744 2213 guae
762 2091 933 2145 adArabiam
946 2091 1073 2163 pertinet,
1090 2097 1279 2146 commemorat

89 2174 110 2221 t.
160 2166 317 2218 Mazaces
339 2172 445 2231 praetor
470 2192 504 2204 -
531 2161 639 2213 Heroon
695 2160 773 2214 trabo
790 2174 856 2226 xvr,
882 2179 909 2241 p.
929 2167 978 2216 803
997 2169 1025 2215 et
1041 2159 1170 2217 Arrianus
1187 2177 1236 2227 111,
1256 2169 1279 2215 5.

127 2233 333 2289 Coniecturae
351 2230 482 2283 hominum
500 2230 640 2282 doctorum
673 2228 870 2298 Aspirationem
888 2249 915 2282 m
934 2227 1042 2285 Graecis
1058 2229 1207 2285 nominibus
1225 2231 1281 2283 fere

89 2312 168 2357 rtum
195 2297 370 2368 recepimus,
398 2300 430 2351 de
453 2297 548 2368 qmlius
570 2295 639 2350 ratio
673 2297 762 2350 omitti
775 2297 803 2349 in
817 2298 1037 2353 coddCurtianis
1047 2306 1160 2355 comtat.
1178 2298 1281 2364 Quodsi

89 2374 141 2426 uda
185 2377 247 2423 est.
297 2367 399 2419 Nomen
434 2365 562 2437 praetoris
597 2372 640 2417 est
673 2365 796 2418 Mazaces
814 2383 873 2420 cum
890 2366 1020 2421 thesauris
1033 2367 1111 2422 solito
1119 2385 1281 2449 morequam

89 2460 114 2495 ee
140 2440 176 2493 in
206 2433 354 2508 plerisque
375 2453 432 2487 mss.
456 2443 484 2487 et
510 2434 538 2486 in
561 2432 638 2485 editt.
673 2434 824 2504 longissime
847 2453 876 2488 re
897 2435 903 2447 '
927 2436 1031 2490 obviam
1051 2436 1116 2504 ivit,
1141 2445 1231 2507 poturt
1256 2434 1282 2489 ei

94 2520 193 2564 staces
217 2506 250 2558 in
273 2502 346 2556 Flor.
355 2504 385 2569 F,
403 2507 503 2556 attaces
521 2503 548 2555 in
565 2502 639 2554 Flor.
674 2502 744 2556 circa
760 2505 855 2557 urbem
898 2507 1020 2559 ubastum
1037 2523 1182 2560 occurrere.

89 2589 169 2632 staca
193 2575 229 2627 in
251 2571 331 2650 Flor.
347 2573 372 2624 A
389 2572 463 2625 Voss.
485 2579 496 2623 1
517 2571 597 2623 Bern.
613 2571 640 2622 A
709 2575 732 2640 ς.
751 2579 775 2624 ὁ.
794 2576 833 2625 ad
849 2574 975 2628 interiora
994 2576 1118 2645 Aepyptt]
1138 2574 1167 2628 Si
1177 2592 1281 2644 compa-

94 2666 142 2713 m,
166 2653 294 2697 astases
313 2658 341 2692 1n
357 2639 426 2693 Flor.
443 2640 496 2693 ΕΗ
512 2639 639 2703 Bern.B,
674 2640 772 2693 raveris
782 2657 804 2693 c.
815 2647 858 2707 33,
877 2642 1063 2712 3n0npoteris
1077 2644 1141 2696 haec
1154 2645 1281 2696 interiora

89 2733 122 2769 tes
153 2713 188 2766 in
221 2709 307 2762 Flor.
336 2707 365 2762 C.
399 2708 517 2761 Raderus
539 2707 640 2778 primus
675 2709 708 2761 de
726 2708 862 2779 superiore
879 2711 1006 2781 Aegypto
1023 2711 1169 2780 explicare,
1196 2727 1282 2781 neque

91 2784 255 2844 Mazaces,
279 2785 311 2828 ut
330 2785 397 2830 esset
407 2777 474 2829 idem
483 2775 528 2846 qui
537 2777 641 2845 Amyn·
676 2776 745 2829 enim
770 2795 829 2829 eam
852 2787 939 2831 terrae
956 2787 1062 2849 partem
1083 2779 1149 2832 adiit
1165 2779 1283 2832 Alexan-

89 2852 219 2906 eciderat
240 2862 329 2914 supra
346 2863 367 2898 c.
385 2852 409 2898 5.
430 2846 489 2915 Ego
505 2844 534 2896 in
570 2845 641 2897 riore
675 2847 730 2898 der.
765 2845 830 2898 Nilo
855 2847 980 2900 devectus
1005 2854 1047 2899 est
1072 2865 1102 2900 us
1121 2864 1155 2900 ue
1171 2849 1206 2900 ad
1223 2847 1283 2899 tta·

89 2937 125 2974 ne
144 2922 282 2972 Satazes
302 2913 467 2983 scripseram,
491 2931 527 2983 qu
580 2930 641 2983 pro·
675 2912 763 2966 reatin
778 2923 806 2966 et
815 2915 848 2966 ab
858 2915 1007 2969 Hammone
1016 2915 1134 2986 Memp‘
1163 2932 1283 2970 reversus

89 2989 225 3042 accedere
245 2981 390 3034 videretur
404 2983 437 3034 ad
449 3000 510 3034 mss.
520 2991 641 3051 essetque
676 2983 832 3102 Aepyptum
849 2982 965 3053 reliquit.

89 3049 643 3192 mazrexunpqppfflp
678 3050 978 3172 ...ttti'l'ttttti
996 3050 1284 3190 ‘iiidssiiiiiffiii

89 3190 120 3244 sd
134 3190 225 3243 Issum
249 3185 381 3241 cecidisse
405 3187 575 3257 vulgaverat,
597 3187 644 3239 sed
677 3185 833 3239 Latinorum
868 3159 1030 3240 consuetirdo
1066 3187 1131 3257 (vid.
1159 3185 1283 3242 Schneid.

89 3276 108 3311 n
124 3268 273 3312 auctorem
294 3253 434 3307 mentitum
448 3272 503 3308 esse
517 3256 643 3325 putabam
677 3255 762 3308 Elem.
791 3254 821 3306 L.
845 3254 876 3307 L.
894 3274 921 3326 p.
941 3260 1003 3324 193)
1028 3263 1055 3309 et
1077 3255 1196 3311 codicum
1222 3272 1283 3308 mss.

90 3326 195 3382 fadlius
207 3322 384 3397 provinciam
398 3332 545 3394 occuparet.
563 3323 644 3376 Nunc
678 3322 830 3389 auctoritas,
850 3341 962 3393 quorum
979 3324 1071 3395 optimi
1089 3343 1120 3379 ac
1137 3324 1243 3395 plurimi
1255 3332 1284 3376 et

89 3414 105 3450 n
130 3397 223 3450 redeo
259 3393 298 3444 ad
326 3390 424 3444 Raderi
454 3392 642 3457 coniecturam,
678 3394 704 3445 h.
731 3391 748 3443 l.
775 3400 803 3444 et
829 3401 891 3461 post
917 3393 1058 3464 aspiratam
1088 3395 1202 3461 habent,
1234 3391 1285 3446 nisi

89 3483 112 3518 m
144 3463 220 3536 quia
251 3459 368 3514 Curtius
393 3477 470 3530 supra
496 3478 549 3513 non
575 3458 644 3511 dixit
678 3461 749 3531 quod
773 3461 824 3513 hcc
844 3479 898 3514 uno
921 3462 979 3517 loco
1001 3463 1082 3516 Bern.
1104 3465 1130 3515 A
1152 3481 1169 3517 a
1189 3482 1231 3534 pr.
1249 3480 1284 3514 m.

88 3533 159 3588 itum
179 3545 248 3585 esse
269 3529 325 3580 Am
364 3535 431 3593 tam,
457 3528 557 3599 partim
580 3526 645 3648 puis
679 3529 760 3581 habet
778 3530 928 3596 Ammonis,
957 3540 988 3585 ut
1005 3531 1077 3585 Flor.
1096 3530 1164 3599 GH,
1183 3531 1285 3585 amonis

89 3620 145 3655 mus
172 3615 238 3663 111,
270 3603 284 3648 1
354 3612 445 3649 azacen
472 3596 554 3650 tradit
607 3595 645 3648 le·
678 3597 941 3667 transeunts,
960 3600 1215 3654 hamonisFlor.F.

89 3665 314 3743 roprovinciam
328 3663 471 3731 tradidisse,
486 3682 645 3735 quamquam
715 3669 738 3734 §-
757 3671 780 3718 3.
807 3679 928 3721 exurente
946 3670 1068 3789 vestipiad]
1093 3668 1177 3723 codd.
1196 3683 1286 3723 omnes

89 3747 185 3812 »puto
207 3736 365 3787 Arrianum
386 3732 469 3786 minus
493 3741 645 3787 accuratum
681 3744 704 3786 et
721 3743 824 3800 arente,
844 3736 889 3786 sed
908 3736 974 3788 illud
992 3755 1044 3807 quo
1076 3745 1149 3790 recte
1163 3737 1286 3791 emenda-

109 3806 193 3880 quod
213 3801 358 3878 Mazacen
381 3809 511 3872 satrapam
527 3799 646 3872 Aegypti
681 3811 726 3854 tur
749 3801 801 3855 iam
824 3801 853 3854 in
873 3804 992 3875 principe
1014 3805 1149 3858 Vindelini
1170 3804 1287 3858 editione

89 3875 107 3929 'a
134 3893 153 3929 a
182 3872 289 3926 Dareo
320 3867 468 3946 institutum
499 3887 568 3937 esse,
601 3868 647 3939 qui
681 3878 765 3924 extat.
800 3869 885 3925 Paulo
901 3883 963 3944 post
980 3891 1028 3944 pro
1046 3875 1134 3927 existit
1151 3873 1178 3925 in
1195 3869 1287 3942 pleris-

89 3961 109 3997 α
144 3936 266 3996 Satacis
300 3936 409 3989 neurim
439 3938 526 3992 fuerit.
576 3938 647 3990 Tum
681 3955 733 4009 qne
751 3939 825 3992 codd.
844 3948 872 3993 et
890 3942 953 3994 edit.
971 3940 1090 4010 principe
1107 3940 1207 4009 legitur
1224 3956 1286 3991 eau-

115 4025 221 4064 0mnes
266 4004 344 4057 Oreo
377 4023 463 4072 amne,
505 4025 556 4077 pro
595 4023 647 4076 quo
683 4009 733 4073 rit,
755 4008 887 4062 mendose.
928 4007 1053 4063 Correxit
1078 4008 1163 4061 Aldus
1192 4016 1218 4060 et
1246 4005 1286 4057 in-

89 4098 103 4133 s
132 4086 165 4132 et
195 4070 308 4143 reliqui
325 4070 386 4150 ‚sere
414 4075 475 4127 Orio
507 4076 645 4128 dederunt.
680 4083 790 4128 ventum
812 4084 853 4129 est
879 4080 967 4131 existit
989 4077 1016 4129 in
1034 4075 1105 4129 Flor.
1122 4075 1149 4126 A
1166 4086 1194 4129 et
1211 4073 1286 4127 Leid.

94 4141 285 4220 verisimilius
304 4139 369 4218 mhrl
386 4157 475 4196 censeo
487 4162 566 4214 quam
576 4143 648 4213 quod
681 4144 759 4197 Voss.
783 4151 796 4196 1
826 4143 860 4212 (si
883 4143 1085 4212 snakenburgio
1110 4142 1198 4197 silenti
1222 4143 1287 4194 fides

89 4216 220 4269 tiedems
240 4217 358 4285 invent,
372 4223 424 4261 esse
432 4213 537 4264 Heroon
547 4228 648 4265 amnem
682 4213 823 4278 habenda).
864 4213 896 4265 In
922 4214 1003 4266 Bern.
1029 4213 1055 4264 A
1081 4219 1158 4264 extat
1181 4211 1288 4283 quidem

89 4311 99 4336 r.
125 4280 264 4338 canalem
301 4292 348 4343 qm
373 4291 405 4328 ex
428 4278 566 4333 Pelusiaco
592 4278 649 4332 Nili
684 4283 781 4347 eattrit,
806 4280 852 4332 scd
878 4283 956 4335 tuisse
976 4280 1082 4333 videtur
1105 4281 1192 4333 existit
1213 4290 1289 4332 ante-

89 4351 130 4405 ffio
150 4366 206 4421 per
226 4346 311 4397 lacus
334 4349 461 4411 usquead
479 4349 564 4401 sinum
580 4351 650 4400 Ara-
685 4366 766 4418 quam
783 4349 894 4401 verbum
911 4366 1002 4403 rasura
1020 4356 1166 4401 correctum
1183 4356 1232 4402 est.

89 4437 111 4472 m
128 4431 224 4491 prope
244 4412 429 4477 Heroonpolis
442 4416 569 4471 deductus
582 4423 649 4469 erat.
719 4421 744 4484 s.
764 4424 786 4470 t.
822 4434 874 4470 non
897 4419 991 4487 sotum]
1028 4416 1073 4470 Sic
1097 4415 1217 4470 melioret
1243 4413 1290 4468 sed
