2926 5174
431 283 480 336 oa
507 279 633 335 ansus
660 282 769 334 anax.
795 281 858 355 ru,
886 277 927 327 29.
1222 264 1296 363 329

81 469 283 548 liamulaa
298 467 428 545 Istrum
449 468 623 542 iacentem
646 469 744 541 colit:
771 467 896 540 ultima
913 463 1031 559 Asiae,
1058 493 1149 564 quae
1165 467 1296 545 Bactra
1339 530 1347 548 „

81 592 160 673 unt,
195 582 346 679 stringit.
398 579 573 655 Habitant
604 605 694 676 quae
721 577 962 678 septentrioni
993 579 1161 680 propiora
1193 593 1295 672 sunt;

81 691 260 767 rofundae
286 691 367 765 inde
394 692 504 766 silvae
530 702 725 788 vastaeque
752 688 962 763 solitudines
990 690 1191 789 excipiunt:
1220 719 1295 767 rur·

81 830 118 878 us
146 830 240 901 quae
268 814 305 877 et
322 801 469 877 Tanaim
491 812 527 877 et
544 803 675 876 Bactra
702 811 866 900 spectant
890 800 1047 874 humano
1074 804 1173 876 cultu
1198 805 1295 879 haud

81 917 216 1014 isparia
243 926 337 988 sunt.
389 914 529 990 Primus
556 940 637 988 cum
660 915 728 988 hac
745 918 852 1012 gente
868 936 943 986 non
959 913 1144 1010 provisum
1162 916 1295 990 bellum

81 1025 268 1102 lexander
310 1037 496 1124 gesturus,
534 1044 615 1100 mm
654 1027 692 1099 in
733 1035 927 1123 conspectu
962 1024 1036 1100 eius
1072 1025 1297 1122 obequitaret

81 1138 179 1228 ostia,
216 1138 336 1212 adhuc
363 1162 468 1237 aeger
495 1163 541 1211 ex
569 1137 740 1228 vulnere,·
772 1135 961 1234 praecipue
992 1160 1082 1210 voce
1117 1136 1293 1240 deficiens,

81 1274 162 1322 uam
189 1259 228 1322 et
254 1249 413 1323 modicus
441 1250 540 1323 cibus
568 1261 604 1322 et
631 1249 777 1322 cervicis
810 1246 1030 1322 extenuabat
1061 1245 1177 1339 dolor,
1211 1251 1295 1323 ami·

81 1386 117 1434 os
142 1361 180 1434 in
207 1361 395 1434 consilium
421 1359 589 1434 advocari
614 1361 721 1434 iubet.
771 1358 946 1433 Terrebat
963 1384 1045 1432 eum
1070 1385 1144 1432 non
1169 1362 1293 1454 hostis,

81 1472 119 1558 ed
143 1472 315 1570 iniquitas
340 1474 519 1572 temporis.
571 1471 750 1546 Bactriani
770 1470 986 1545 defecerant:
1014 1468 1170 1571 Scythae
1187 1472 1294 1547 etiam

81 1586 299 1659 messebant:
327 1586 402 1684 ipse
428 1612 501 1658 non
527 1586 689 1659 insistere
714 1585 875 1674 interra,
901 1609 975 1657 non
992 1609 1083 1681 equo
1101 1584 1194 1674 vehi,
1221 1610 1295 1658 non

82 1721 193 1789 ocere,
220 1721 296 1771 non
319 1697 454 1771 hortari
490 1722 574 1770 suos
608 1706 759 1795 poterat.
812 1694 968 1793 Ancipiti
1000 1695 1156 1794 periculo
1182 1696 1293 1795 impli-

81 1808 157 1899 itus‚
192 1807 284 1881 deos
311 1834 451 1906 quoque
476 1809 653 1898 incusans,
679 1807 905 1905 querebatur,
933 1819 971 1880 se'
998 1807 1112 1880 iacere
1139 1831 1297 1908 segnem,¹

81 1919 166 1993 nius
179 1919 408 1994 velocitatem
434 1946 541 1994 nemo
567 1929 673 1993 antea
704 1919 876 1994 valuisset
907 1918 1081 2017 effugere:
1115 1919 1178 1992 vix
1211 1944 1297 1994 suos

81 2029 199 2106 redere
226 2055 312 2104 non.
328 2031 483 2104 simulari
508 2029 759 2106 valetudinem.
1158 2044 1173 2063 “

81 2353 113 2391 rm
129 2335 227 2402 effecit,
253 2335 299 2406 qui
315 2352 375 2390 cum
391 2335 464 2390 illum
481 2353 593 2404 amnem,
612 2337 658 2407 qui
692 2336 804 2390 trionem
822 2343 852 2390 et
868 2334 1008 2389 Meridiem
1024 2351 1129 2403 versus,
1155 2337 1202 2390 sed
1224 2353 1292 2409 quae

81 2413 124 2459 ter
145 2404 309 2476 Sogdianam
335 2413 363 2458 et
384 2404 544 2527 Scptharum
568 2422 658 2458 noma·
692 2406 741 2459 sub
758 2404 821 2475 ipsis
837 2403 1060 2475 septentrionibus
1077 2412 1152 2473 sunt,
1171 2422 1203 2460 ea
1219 2415 1294 2462 vasta

81 2491 118 2528 am
130 2481 215 2528 terras
234 2472 373 2541 interfluit,
392 2474 420 2527 Si
439 2492 475 2527 un
488 2492 509 2527 s.
519 2473 563 2528 Sir
571 2473 657 2540 hodie,
692 2481 754 2527 sunt
771 2482 799 2527 et
815 2472 925 2528 inculta.

81 2542 166 2597 ‘anaim
182 2550 312 2622 vocarent
329 2541 384 2595 sive
400 2549 524 2596 vocatum
545 2541 658 2622 accepis·
726 2560 793 2613 puae
816 2552 840 2595 et
860 2543 972 2596 Tanaim
994 2554 1018 2597 et
1040 2545 1141 2597 Bactra
1164 2546 1292 2616 spactant]

81 2620 416 2747 ldd)easabbldlt1?’adillum
441 2679 591 2750 longissime
615 2696 659 2733 re·
693 2678 853 2747 contusione,
871 2679 943 2732 cuius
961 2680 986 2732 h.
993 2679 1010 2732 l.
1028 2697 1062 2733 ne
1080 2699 1096 2734 o
1115 2681 1171 2734 umi
1207 2680 1300 2736 uidem.

81 2756 156 2802 otum
171 2748 314 2802 referrent.
348 2747 438 2803 Perita
458 2756 547 2802 utrum
568 2764 601 2800 ue
619 2746 658 2799 di·
693 2747 753 2801 libri
770 2748 899 2814 (Bern.A
913 2747 984 2801 Flor.
998 2747 1072 2802 ABG
1129 2748 1163 2802 id.
1200 2766 1249 2802 oss.
1266 2753 1294 2816 1)

81 2813 165 2898 inguit
189 2815 298 2870 Arrian.
322 2815 367 2871 lib.
391 2831 435 2869 111.
461 2822 529 2870 extr.
549 2765 659 2888 qltaque
693 2834 751 2870 cum
760 2815 817 2869 aliis
826 2815 958 2872 nonnullis
971 2815 1099 2871 immunes
1112 2824 1181 2870 sunt.
1203 2816 1294 2870 Iunius

81 2882 263 2940 ldrtamentum
291 2903 355 2956 quos
376 2886 532 2955 Europaeos
566 2895 658 2938 uocant
709 2902 759 2938 uae
777 2887 814 2937 od
827 2885 985 2937 Tanaim-
998 2895 1116 2952 spectum
1133 2885 1166 2937 de
1184 2884 1297 2940 coniect.

81 2954 158 3024 genio
186 2953 345 3074 scriptorum
374 2962 465 3007 natum
496 2961 544 3006 est.
587 2952 658 3006 Nam
692 2903 773 3019 dedit,
791 2968 884 3022 eaque,
901 2969 1058 3022 quamquam
1074 2971 1091 3007 a
1108 2952 1237 3006 Curtiana
1252 2970 1296 3007 ra-

81 3035 150 3077 arsae
202 3022 231 3075 ui
251 3038 294 3076 em
322 3021 470 3093 proximam
500 3021 658 3092 Scytharum
692 3021 765 3076 tione
783 3019 887 3073 dicendi
904 3027 1012 3083 remota,
1034 3021 1106 3101 yulg.
1124 3020 1205 3074 lectio
1222 3021 1299 3076 facta.

331 2627 380 2664 uae
398 2612 431 2664 de
449 2610 533 2664 Tanai
552 2621 658 2664 notiore
693 2610 737 2665 Sic
754 2611 889 2664 eddvett.
907 2610 956 2664 nisi
975 2613 1048 2682 quod
1066 2622 1200 2692 expectant
1217 2612 1295 2668 solita

81 3099 160 3146 ntem
209 3100 254 3144 tra
275 3090 410 3143 Iaxartem
434 3092 519 3144 Sacas
541 3089 657 3160 appella·
691 3097 745 3156 est,
772 3089 835 3141 dum
856 3088 964 3142 Modius
990 3106 1085 3143 omrssa
1109 3089 1203 3144 vocula
1229 3107 1299 3160 quaa,
1380 3109 1384 3117 ¹

81 3168 129 3228 us,
147 3167 216 3214 teste
229 3158 318 3213 Plinio
334 3158 561 3226 anchistvnlt,
579 3167 608 3211 et
625 3158 657 3212 cf.
694 3158 806 3212 Tanaim
828 3188 862 3196 -
884 3175 897 3210 s
917 3166 1001 3210 aarum
1028 3158 1097 3226 edit,
1141 3174 1190 3212 uae
1216 3157 1296 3214 lectio

81 3236 195 3296 uttan,
214 3234 249 3283 38
266 3246 307 3301 pr.
434 3256 435 3260 =
693 3235 734 3281 est
755 3225 874 3280 codicum
919 3225 966 3279 lor.
983 3224 1083 3281 DFGI.
1121 3175 1193 3289 duae
1218 3237 1243 3280 et
1267 3227 1299 3282 in

81 3297 216 3368 'Habitant
244 3314 311 3377 quae
338 3296 410 3365 Sept.
435 3298 562 3366 propiora
589 3304 657 3348 suat.
692 3295 812 3349 BernA
829 3293 900 3348 Flor.
919 3292 992 3348 ABG
1010 3295 1087 3350 Voss.
1103 3303 1116 3349 1
1135 3303 1207 3350 reete
1229 3294 1296 3366 legi-

82 3367 174 3420 arbum
189 3363 425 3419 habztaatModius
440 3363 526 3431 eiecit,
545 3380 659 3434 eumque
693 3373 749 3418 tur:
781 3381 840 3416 nam
864 3380 979 3443 quaeque
1001 3374 1025 3417 et
1046 3365 1119 3435 quod
1136 3363 1251 3418 traditur
1267 3365 1297 3419 in

81 3434 138 3488 anti
156 3441 217 3488 sunt
234 3433 319 3487 ceteri
332 3432 456 3500 editores,
474 3432 659 3487 continuantes
693 3433 764 3487 Flor.
782 3430 883 3485 Heinsri
905 3449 936 3485 ac
952 3430 1026 3484 Leid.
1045 3449 1103 3487 esse
1126 3436 1299 3504 (quamquam

81 3501 341 3557 memorationem
358 3519 389 3554 us
409 3517 443 3555 ue
460 3502 493 3554 ad
511 3508 659 3554 extremum
694 3501 728 3554 de
744 3501 816 3554 Flor.
834 3502 859 3553 A
881 3516 972 3553 verum
998 3518 1052 3555 non
1077 3505 1131 3570 est)
1148 3518 1183 3555 ex
1201 3499 1296 3555 διττο-

81 3573 166 3626 ubam
185 3572 326 3640 excipiunt.
361 3518 428 3623 Milri
445 3578 474 3623 et
490 3569 584 3623 eiicere
600 3584 658 3622 ver·
710 3568 745 3642 ’ρα
769 3576 798 3636 la
822 3576 910 3622 ortum
930 3568 1048 3636 videtur,
1075 3572 1138 3624 dum
1160 3570 1203 3625 alii
1248 3589 1297 3624 aaa

81 3653 118 3694 lm
135 3638 234 3708 alioqui
252 3657 308 3692 non
325 3645 475 3708 suspectum
483 3639 578 3691 durum
586 3636 659 3691 vide·
694 3591 824 3704 scribunt,
846 3636 891 3690 alii
908 3655 957 3708 que
974 3638 1008 3690 ad
1024 3656 1116 3693 vocem
1156 3589 1297 3706 preceden-

81 3715 150 3774 atur‚
176 3706 311 3778 maluique
332 3708 366 3760 ab
389 3709 449 3760 inde
471 3705 532 3760 novi
549 3705 660 3759 membri
694 3716 748 3761 tem
770 3705 926 3776 adiungunt.
960 3706 1065 3760 Rursus
1093 3718 1117 3761 et
1164 3727 1207 3760 aa.
1228 3707 1297 3760 male

81 3770 270 3846 itiumcapere.
307 3775 361 3830 Sed
378 3775 448 3846 quod
464 3775 545 3845 vulgo
562 3773 660 3843 legitur
694 3775 788 3829 omisso
809 3792 875 3844 quae
897 3775 997 3828 habent
1013 3774 1085 3829 Flor.
1102 3775 1155 3828 ΕΗ
1172 3776 1250 3829 Voss.
1268 3781 1294 3830 2.

81 3847 177 3898 'oxima
198 3854 260 3898 auat
281 3842 398 3897 innullo
415 3843 503 3898 codice
521 3850 576 3909 est,
599 3859 660 3903 nam
695 3843 821 3897 Ceterum
841 3844 953 3896 Tanaim
970 3843 1100 3912 expressis
1123 3842 1219 3896 litteris
1236 3841 1297 3896 libri

98 3919 148 3967 aut
162 3914 271 3982 propia,
290 3915 334 3982 (ut
350 3912 464 3965 BernA
481 3912 504 3965 F
505 3912 552 3966 lor.
558 3908 659 3966 ABCD
695 3911 778 3965 nostri
786 3919 891 3982 praeter
899 3910 980 3964 Bern.
989 3910 1023 3976 Α,
1033 3910 1061 3964 in
1069 3929 1122 3982 quo
1130 3917 1171 3964 est
1182 3912 1295 3964 Tanain.

81 3979 144 4050 eid)
167 3988 213 4033 aut
233 3982 345 4101 prloprie
369 3981 518 4050 spropriae)
537 3981 659 4050 propria,
730 3983 841 4034 humano
860 3981 941 4046 cultu]
962 3978 1041 4032 Cultu
1057 3997 1107 4050 pro
1121 3995 1153 4032 eo
1167 3979 1239 4049 quod
1255 3985 1317 4034 estv

81 4061 122 4103 lus
141 4048 222 4102 etiarn
273 4067 312 4102 or.
327 4047 352 4102 G
364 4067 456 4130 prope.
490 4049 534 4102 Ex
551 4047 591 4100 his
609 4047 659 4101 feci
694 4051 788 4104 cultui:
818 4065 865 4102 eae
892 4054 981 4117 partes
1006 4056 1141 4117 aspectum
1169 4047 1297 4113 praebent

81 4119 191 4199 upiora,
202 4117 277 4188 quod
287 4124 314 4170 et
321 4117 405 4188 ipsum
413 4136 440 4170 ιιι
449 4118 538 4172 codice
545 4117 659 4170 Theocr.
693 4136 817 4172 arvorum
833 4131 1010 4186 agrorumque
1028 4119 1062 4168 ab
1079 4114 1226 4169 hominibus
1241 4115 1297 4168 oul-

81 4194 166 4252 grtum
191 4194 220 4239 et
245 4202 312 4254 qima
335 4187 508 4255 Septentrioni
529 4186 659 4255 propiora
693 4195 797 4240 torum:
828 4183 955 4254 intelligit
981 4199 1092 4253 regnum
1119 4184 1191 4254 quod
1216 4183 1296 4238 hodie

81 4266 129 4320 ut,
160 4253 196 4307 sic
213 4253 269 4306 fere
287 4253 338 4306 dici
354 4261 432 4325 puto,
461 4262 491 4306 ut
508 4255 580 4325 quod
597 4271 660 4306 mox
693 4255 840 4327 appellatur
857 4253 1020 4306 Fasaikaad.

81 4320 177 4394 quitur
199 4338 267 4393 quae
288 4322 398 4376 Tanaim
415 4332 539 4393 spactant.
573 4320 659 4375 Habi-
728 4327 751 4393 ξ.
769 4329 793 4376 5.
828 4323 936 4374 Primus
957 4337 1014 4372 oum
1037 4322 1086 4374 hac
1110 4322 1196 4391 pente]
1232 4321 1297 4375 Pri·

81 4394 128 4450 lur
146 4389 231 4462 igitur
239 4389 398 4459 Scytharum
413 4398 486 4446 terra
502 4398 530 4446 et
543 4390 658 4461 Septen·
693 4411 761 4447 mum
778 4391 850 4445 Flor.
868 4387 971 4443 CEGH
986 4387 1067 4442 Bern.
1085 4389 1108 4443 B
1127 4393 1202 4444 Voss.
1220 4394 1244 4443 2.
1284 4458 1290 4468 ἢ
