2984 5176
412 308 462 357 ns
489 306 616 359 ensrrs
643 305 752 357 Anax.
779 307 829 376 ιν,
856 304 900 357 4⁵.
1223 288 1294 361 131

91 491 272 591 pleverat.
323 486 403 563 Hoc
437 489 547 562 modo
578 490 744 563 instructi
776 490 900 563 decem
936 489 1053 562 stadia
1087 491 1298 594 procedunt,

91 603 209 699 reique
235 599 444 691 subsistere,
469 604 597 675 armati
622 607 765 679 hostem
792 602 1042 698 expectabant.

120 760 123 765 ·
150 710 357 785 Alexandri
383 713 580 786 exercitum
606 741 738 812 pavor,
771 714 870 785 euius
907 738 1015 786 causa
1041 740 1114 786 non
1140 714 1346 804 suberatlb

91 823 199 897 rasit:
239 823 371 921 quippe
404 824 582 922 lymphati
608 826 789 924 trepidare
816 833 1026 920 coeperunt,
1054 824 1213 896 omnium
1239 852 1297 921 pe-

91 958 149 1008 rra
195 932 340 1005 occulto
381 943 481 1006 metu
524 947 765 1032 percurrente.
839 932 937 1008 Coeli
977 934 1094 1031 fulgor
1135 945 1297 1031 tempore

91 1045 189 1118 stivo
225 1041 369 1117 ardenti
404 1041 527 1116 similis
560 1046 772 1120 internitens
805 1046 896 1141 ignis
931 1044 1098 1141 praebuit
1133 1012 1298 1143 speciem,

91 1178 286 1251 numasque
312 1178 360 1226 ex
384 1150 495 1225 Darei
522 1158 648 1229 castris
676 1157 881 1256 splendere,
916 1156 1017 1227 velut
1048 1155 1137 1227 illati
1162 1166 1298 1229 temere

91 1264 250 1355 aesidiis,
275 1263 480 1336 eredebant.
535 1263 672 1354 Quodsi
698 1267 870 1366 perculsis
897 1263 1083 1354 Mazaeus,
1112 1266 1171 1362 qui
1197 1291 1297 1363 prae·

91 1374 201 1449 debat
228 1374 359 1464 itineri,
394 1378 678 1471 supervenisset,
714 1379 840 1475 ingens
874 1375 992 1448 clades
1021 1376 1133 1472 accipi
1159 1376 1295 1472 potuit:

91 1510 162 1577 mc,
187 1484 356 1559 dumille
383 1486 502 1583 segnis
538 1488 576 1560 in
603 1515 646 1562 eo
673 1515 780 1587 quem
812 1498 1052 1584 occupaverat
1078 1488 1217 1559 tumulo
1245 1513 1297 1560 se·

91 1606 126 1687 rt,
151 1606 344 1670 contentus
370 1621 444 1668 non
470 1598 606 1690 lacessi,
633 1599 851 1688 Alexander,
866 1599 1009 1694 cognito
1035 1623 1171 1695 pavore
1198 1623 1298 1672 exer·

91 1730 166 1805 arp5
185 1708 334 1807 signum
358 1719 399 1780 ut
427 1709 664 1783 consisterent
691 1711 786 1799 dari,
822 1719 905 1781 ante
936 1710 1035 1806 ipsos
1063 1734 1163 1781 arma
1190 1708 1297 1807 depo·

91 1808 369 1921 §ane-levare
405 1842 571 1916 corpora,
612 1823 726 1912 iubet,
768 1820 980 1908 admonens,
1017 1820 1152 1890 nullam
1189 1821 1298 1893 subiti

91 1936 201 2013 mn
217 1938 306 2003 'esse
331 1930 488 2019 terroris,
503 1931 644 2004 hostem
670 1932 796 2029 procul
823 1946 928 2002 stare.
968 1929 1130 2003 Tandem
1157 1954 1298 2027 compo·

91 2064 99 2111 ι
129 2039 192 2111 sui
218 2038 353 2137 pariter
379 2065 479 2113 arma
505 2051 542 2113 et
568 2044 705 2114 anirnos
731 2064 915 2136 recepere:
943 2066 1009 2113 nec
1036 2040 1225 2136 quicquam
1252 2066 1299 2114 ex
1331 2064 1336 2069 ·

91 2150 305 2223 sesentibus
340 2152 453 2224 tutius
488 2153 606 2224 visum
638 2163 708 2242 est,
754 2176 861 2248 quam
894 2150 1020 2223 codem
1057 2151 1136 2222 loco
1181 2162 1299 2225 castra

91 2262 204 2333 mire.
258 2258 409 2334 Postero
443 2261 500 2335 die
535 2261 719 2354 Mazaeus,
752 2264 812 2360 qui
844 2288 926 2334 cmn
960 2261 1105 2335 delectis
1139 2265 1298 2360 equitum

91 2444 141 2480 ens
166 2436 268 2480 centum
294 2436 318 2479 et
342 2437 441 2480 centum
466 2430 551 2482 millia
569 2429 659 2483 habet.
695 2431 741 2482 sed
758 2429 870 2482 insecuti
892 2427 916 2480 ei
939 2446 994 2481 non
1032 2437 1159 2481 aruerunt
1178 2430 1211 2481 de
1229 2429 1298 2482 anti-

91 2493 157 2549 odsi
185 2494 337 2548 coniectura
359 2497 502 2563 utendum,
531 2497 553 2550 si
575 2501 659 2551 decies
694 2517 807 2569 quorum
824 2497 956 2550 editorum
976 2447 1030 2550 rell
1046 2497 1105 2550 'one
1127 2497 1298 2565 somniantes,

91 2574 158 2617 terra
178 2565 253 2616 arilia
272 2563 413 2633 scripseris,
432 2565 517 2634 ipsam
530 2566 659 2635 pedestris
712 2585 807 2620 uorum
838 2584 887 2618 nos
914 2574 960 2619 aut
986 2585 1013 2619 m
1040 2584 1083 2618 am
1109 2567 1245 2619 fortunam
1270 2566 1299 2618 in

91 2630 186 2685 ncitrm
203 2649 348 2698 summam,
376 2650 444 2703 quae
462 2642 503 2686 est
520 2636 591 2705 apud
607 2637 660 2687 Ar·
694 2585 821 2704 digondis
844 2633 923 2687 bonis
952 2653 1012 2699 mss.
1036 2642 1084 2687 aut
1110 2634 1299 2704 negligentiam

91 2718 115 2753 n.
132 2714 188 2767 ιιι,
214 2706 231 2752 8
256 2699 382 2768 habebis3
399 2702 526 2771 ,equitum
549 2703 594 2755 ille
619 2718 658 2754 xa
694 2714 748 2756 n‘on
783 2721 922 2772 possumus
954 2721 1009 2755 non
1044 2720 1172 2756 accusare.
1217 2705 1299 2756 Nunc

92 2765 223 2821 infuisse
240 2767 332 2820 tradit.
694 2786 783 2824 autem
806 2790 856 2840 pro
884 2770 1051 2823 adversativa
1080 2770 1210 2839 particula
1235 2778 1299 2839 post

91 2836 154 2907 lap.
180 2843 231 2902 46,
264 2839 287 2904 ξ.
313 2843 352 2888 14.
381 2839 449 2890 velct
472 2840 542 2891 illati
568 2849 660 2892 terrere
694 2839 879 2892 condicionem
896 2839 1011 2908 aliquam
1027 2838 1044 2891 i.
1061 2855 1084 2890 e.
1097 2846 1165 2957 post
1182 2837 1299 2906 particu-

91 2905 216 2971 zeeidiis,
241 2903 300 2956 ie.
338 2904 394 2957 ussi
419 2905 464 2974 qui
481 2906 563 2959 Darei
580 2925 611 2960 oo
629 2907 660 2959 iis
694 2908 748 2959 lam
765 2910 790 2959 si
808 2907 882 2976 poni,
901 2907 981 2959 etiam
998 2906 1084 2958 lexico
1116 2913 1196 2958 ocent
1209 2913 1237 2957 et
1251 2923 1300 2957 usu

91 2972 130 3027 cti
148 2980 247 3025 essent.
282 2922 365 3025 Ndllo
384 2973 446 3026 loco
464 2975 524 3043 plus
541 2973 596 3026 vidi
612 2926 660 3027 ba·
694 2975 799 3045 vulgari
817 2981 931 3026 constat.
968 2973 1098 3044 Immimis
1121 2974 1182 3026 vide
1200 2973 1300 3026 Handii

91 3040 227 3095 labienum
248 3041 319 3111 apud
335 3041 493 3121 interpretes
512 3060 590 3112 quam
608 3044 660 3096 hoc
696 3042 809 3096 Tursell.
829 3042 907 3093 Tom.
925 3056 957 3093 ιν
974 3060 999 3112 p.
1018 3048 1076 3095 340.

91 3126 116 3163 ιι
134 3126 200 3229 qma
217 3124 361 3179 recoquere
379 3118 498 3180 meptum
517 3119 600 3177 esset,
620 3129 661 3163 sa·
731 3142 815 3203 §.16¹
851 3145 911 3187 an„
929 3137 1011 3203 ipsos]
1048 3135 1116 3186 Am,
1134 3134 1207 3203 quod
1225 3133 1300 3185 addi,

99 3176 138 3231 l¹⁸
159 3177 214 3256 eb?
233 3194 438 3257 ⁰⁰¹J¹¹l¹e¹¹¹⁰r⁸r⁰
464 3196 513 3232 ¹¹⁰⁰
530 3179 660 3232 editiffloes
697 3205 736 3257 dit
754 3203 862 3257 Medius
880 3203 997 3257 etSnak.
1016 3211 1044 3256 et
1062 3219 1112 3270 ego
1130 3201 1158 3254 in
1177 3201 1299 3254 omnibus

91 3261 154 3299 Μ
172 3245 317 3311 deehm,
335 3246 431 3298 Barth·
465 3247 593 3314 Memlaer
613 3248 661 3299 Al·
696 3275 773 3326 codd.
791 3271 946 3340 invenimus,
965 3279 1058 3342 estque
1072 3271 1107 3323 ad
1121 3287 1176 3323 rem
1186 3269 1300 3323 maxime

91 3330 143 3367 ram
166 3329 183 3365 a
209 3313 280 3382 vulg.
304 3313 418 3367 lectione
437 3314 588 3383 dissentire,
612 3333 661 3370 nec
767 3351 794 3394 r,

91 3381 224 3435 runem.
243 3390 271 3434 a
286 3381 367 3449 rua,
386 3382 436 3435 ns
453 3383 481 3435 sn
498 3383 549 3436 ans
567 3383 660 3453 vulga-
695 3359 766 3413 ⁰PP⁰
783 3359 883 3448 fluum·
1155 3436 1161 3446 ,
1289 3435 1293 3443 ,

91 3467 123 3503 u„
145 3457 180 3502 ut
208 3449 252 3501 alii
280 3450 397 3503 habeant
421 3453 498 3504 ,plagi
522 3451 566 3504 ulfi
590 3454 660 3505 ,pag
728 3437 808 3488 subm
840 3453 947 3488 euasura
974 3451 1030 3487 esse
1066 3436 1184 3514 terrores]
1227 3433 1300 3487 Male

91 3566 93 3571 ,
119 3517 204 3571 etiam
231 3520 305 3585 elati,
339 3518 393 3571 ulla
418 3527 558 3588 praeterea
579 3520 608 3572 in
630 3537 659 3572 re
693 3504 773 3573 vulgo
792 3506 892 3557 timoris
911 3502 999 3555 editur
1016 3519 1050 3555 ex
1061 3502 1151 3624 princi
1170 3504 1229 3555 rbus
1244 3504 1299 3556 edi-

91 3594 165 3641 cere.
202 3585 256 3638 sm
274 3586 466 3640 rasamenta.
485 3588 599 3640 fortasse
617 3605 659 3641 a.
693 3572 808 3650 ti011ib¹÷s
834 3588 883 3651 rra
903 3579 1030 3691 sparus,
1083 3571 1149 3650 eds
1172 3588 1203 3624 ae
1228 3573 1299 3624 unde

91 3672 112 3707 e
138 3655 301 3724 typothetae
322 3656 405 3708 habet
423 3657 528 3722 illatas,
552 3664 581 3709 et
597 3657 660 3709 Mo·
694 3648 826 3719 issaxel'ffli
843 3641 877 3719 dr·
902 3658 916 3692 ⁰
935 3656 950 3692 θ
967 3640 1032 3691 mlhl
1049 3648 1090 3693 esi
1108 3642 1208 3705 dloeffls
1233 3658 1298 3709 ‘1¹10'

91 3740 110 3777 [fl
131 3722 163 3775 in
185 3723 345 3776 membranis
367 3723 455 3776 neseio
483 3741 562 3794 quam
587 3741 649 3777 vere
694 3727 764 3760 Illam
795 3715 879 3761 nostrl
909 3715 981 3762 Οθΐῒθ
1007 3725 1097 3761 Omnes
1124 3716 1152 3760 Ob
1179 3708 1299 3762 snaken-

94 3774 270 3845 vffifflenter
287 3790 381 3844 dubito
399 3810 463 3845 num
480 3809 556 3859 vere,
574 3765 660 3846 tradjfl
694 3776 816 3846 burgiani
834 3777 933 3830 habent
951 3777 1022 3846 quod
1044 3794 1101 3830 esse
1119 3777 1199 3830 debet
1217 3787 1299 3829 terro·

91 3874 109 3911 e
130 3860 216 3912 illatis
239 3868 331 3912 temere
349 3861 480 3930 praediis.
516 3860 587 3914 Hine
612 3862 659 3914 ha·
692 3846 740 3897 ris·
775 3844 848 3924 Iusti}
866 3862 888 3924 ‚⁰-
907 3850 940 3897 43
959 3845 1073 3897 eandem
1091 3845 1209 3913 appellat
1227 3845 1298 3896 indi·

91 3926 168 3980 hnffi
184 3926 345 3997 principium
363 3928 459 3998 000913,
694 3922 747 3965 tam
755 3914 938 3982 ferendonam.

91 3998 109 4065 ξ.
129 4000 172 4049 15.
208 4014 278 4048 nunc
296 3999 356 4049 dum
374 3999 419 4049 ille
436 3999 535 4066 segnis]
563 3997 659 4050 Priora
728 4002 752 4062 §.
772 4005 812 4050 17.
848 4007 872 4050 ct
889 3999 992 4051 quintos
1010 3998 1137 4065 recepere]
1173 3993 1299 4062 Plerique
1396 4026 1399 4033 ·

91 4065 209 4118 overba
225 4082 295 4116 nuuc
313 4067 388 4131 dum,
414 4081 482 4145 quae
505 4067 539 4118 ad
558 4066 658 4119 oratio·
693 4067 768 4118 codd.
796 4073 824 4118 et
849 4066 900 4118 mei
928 4073 956 4118 et
982 4065 1063 4118 Snalr.
1090 4066 1218 4130 recepere,
1251 4063 1299 4115 sed

91 4150 110 4185 n
128 4133 341 4187 connectendam
358 4150 472 4204 maxime
489 4133 605 4201 faciunt,
630 4134 658 4186 in
692 4143 767 4199 ¹recte
792 4133 857 4186 editi
880 4133 940 4186 libri
966 4141 995 4186 et
1020 4133 1092 4185 Flor.
1118 4130 1184 4195 BG,
1211 4147 1298 4200 neque

91 4219 121 4273 g.
145 4200 309 4254 editionibus
340 4202 450 4269 desunt,
481 4202 598 4272 quamvis
615 4202 658 4271 ,le-
692 4203 762 4254 enim
780 4201 904 4256 describit
922 4203 968 4255 sed
981 4201 1101 4271 procedit
1115 4199 1210 4252 oratio.
1228 4203 1298 4252 Item

91 4278 151 4323 rtur
174 4269 203 4321 in
228 4270 350 4322 omnibus
368 4271 446 4324 codd.
465 4270 563 4323 nostris
582 4279 609 4323 et
627 4271 658 4324 iis
692 4272 823 4324 llczceus
846 4273 891 4339 qui
916 4277 990 4322 recte
1011 4276 1074 4338 post
1096 4267 1195 4321 Aldum
1221 4266 1295 4332 editi,

91 4356 117 4391 os
141 4337 226 4391 Snak.
246 4339 367 4391 contulit.
391 4338 423 4390 In
440 4338 558 4409 margine
575 4340 658 4392 habet
692 4338 784 4409 scripti
801 4338 895 4405 ¹nostri
922 4338 1028 4408 quidem
1050 4344 1078 4389 et
1102 4336 1183 4391 Snak.
1206 4350 1296 4390 omnes

91 4406 143 4460 rius
160 4414 190 4459 et
207 4405 236 4458 in
246 4413 352 4460 textum
359 4416 530 4461 revocaverat
538 4407 657 4476 Medius,
691 4417 798 4478 praeter
814 4406 889 4461 Lcid,
910 4406 1039 4459 omittunt
1057 4410 1110 4474 qui.

1072 4483 1105 4539 9*
