2926 5174
409 274 456 322 on
484 273 611 324 cusrrs
637 274 746 325 Anum
774 277 824 343 nr,
844 274 871 326 5.
1211 263 1257 336 11

91 452 155 526 atris
185 452 336 546 intumi,
360 455 453 555 sequi
474 455 582 554 mque,
606 457 740 532 ordines
764 483 898 532 seruare
924 460 1119 536 didicerunt.
1162 461 1261 546 Quod

91 576 176 637 atur
208 588 342 638 ornnes
367 567 565 639 renumerat:
600 567 759 660 ebsmtere,
791 569 974 663 circumire,
1009 572 1197 648 decurrere
1222 577 1260 650 a'u

91 732 96 760 ,
122 688 281 748 mamre
304 702 469 774 preprium,
494 701 561 751 aon
586 677 687 752 duces
713 680 832 780 mepta,
859 705 962 780 quum
986 683 1106 758 milies
1132 686 1256 759 calcu

91 810 104 858 a
140 784 238 858 uerri
281 788 477 886 arperrtrque
506 787 616 862 studio
648 791 751 862 teneri
774 804 882 890 putee,
917 794 1027 867 adhue
1060 795 1120 868 illu
1158 796 1258 870 de'eci·

100 910 332 995 puupertate
364 898 524 997 emunim
558 899 649 972 stetit.
702 899 869 1000 Futrputis
902 903 1023 976 tumus
1058 905 1160 978 nubile
1193 920 1258 981 est:

91 1071 92 1076 ,
128 1033 241 1108 quem
296 1009 448 1114 occupati
472 1021 610 1107 parunt,
644 1010 760 1083 satiet:
794 1023 943 1110 temporo
973 1015 1083 1088 somni
1121 1017 1257 1110 umbra

111 1119 227 1192 metae
261 1130 358 1192 sunt.
410 1117 487 1192 Iam
517 1119 671 1192 Tleasuli
700 1121 821 1220 equites
857 1135 887 1195 et
910 1124 1110 1200 Acarnanes
1135 1127 1257 1201 Aetoli-

93 1227 226 1302 taciem
261 1229 351 1302 bello
378 1255 507 1320 emaus,
529 1230 663 1330 fundis,
695 1232 802 1322 credo,
843 1245 874 1305 et
896 1234 1000 1309 testu
1025 1237 1100 1335 ique
1126 1237 1257 1312 dormis

91 1339 211 1410 eamr?
279 1339 373 1414 Puri
407 1341 519 1413 robore
550 1365 634 1437 opus
668 1353 724 1414 est.
777 1341 822 1415 Ia
856 1343 914 1416 illu
950 1358 1047 1438 erro,
1080 1372 1165 1446 quae
1198 1348 1256 1422 lea

91 1449 287 1538 tamnitica
324 1451 513 1547 quaerenda
544 1463 639 1523 suet:
675 1465 849 1550 arpentum
880 1454 973 1528 estad
1002 1469 1099 1556 atque
1133 1482 1256 1530 aarum

91 1560 343 1632 reducendum
367 1560 501 1633 militem
526 1561 624 1634 mitte.
685 1560 774 1634 Erat
799 1562 919 1637 Dareo
944 1566 1031 1639 mite
1057 1591 1099 1638 ac
1125 1575 1254 1640 tracta·

92 1671 312 1767 ngenium,
352 1669 418 1742 nisi
449 1696 551 1743 suam
575 1682 742 1744 naturam
767 1675 977 1772 plerumque
1004 1678 1152 1759 fortuna
1178 1702 1254 1751 cor·

91 1791 178 1855 eret.
212 1780 361 1875 Itaque
373 1782 533 1854 veritatis
553 1780 752 1880 impatiens,
780 1784 960 1881 hospitem
986 1813 1028 1858 ac
1055 1789 1255 1884 supplicem

90 1967 278 2030 ‚obsistere
302 1963 437 2016 circumire
454 1966 517 2035 cet]
553 1964 616 2017 Non
650 1983 725 2018 suum
743 1975 875 2032 naturam,
892 1965 963 2019 Flor.
983 1967 1130 2020 CBern.A
1143 1976 1171 2021 et
1179 1968 1253 2023 Leid.

102 2043 147 2087 est
167 2033 247 2103 quin
271 2040 352 2084 certo
369 2029 444 2084 sen'su
460 2032 558 2085 tactioo
576 2031 616 2085 his
651 2035 728 2085 etiam
746 2043 814 2101 aut,
844 2033 915 2103 quod
933 2035 1036 2087 Modius
1058 2052 1086 2088 se
1103 2038 1254 2090 emendasse

91 2101 109 2155 is
128 2120 202 2155 usus
225 2100 270 2153 sit
293 2098 411 2169 scriptor.
429 2101 465 2154 Et
476 2101 541 2153 mihi
559 2100 616 2169 qui-
650 2100 750 2167 scribit,
769 2117 828 2154 cum
845 2101 949 2182 legatur
966 2102 1054 2156 iamin
1063 2104 1180 2174 margine
1190 2106 1253 2159 edit,

91 2173 179 2224 istere
190 2169 321 2223 videtur
339 2183 393 2220 esse
409 2168 435 2220 in
453 2169 535 2222 aciem
554 2186 615 2221 con·
650 2168 783 2222 Iunianae.
831 2171 923 2222 ‚Etiam
940 2188 993 2224 non
1011 2179 1076 2243 puto
1089 2171 1151 2225 ferri
1168 2191 1252 2243 posse,

96 2241 175 2310 qnod
187 2236 296 2291 nostri
306 2234 395 2288 dicunt
404 2238 485 2290 From
494 2240 614 2307 mactem
649 2236 712 2306 quid
738 2237 809 2290 enim
840 2237 911 2290 aliud
942 2256 1044 2292 conum
1079 2249 1121 2294 ret
1147 2241 1253 2296 fortuna

91 2326 113 2361 *e
132 2316 181 2360 est
204 2304 366 2373 circumagi
383 2304 435 2356 sive
450 2307 484 2357 ad
493 2306 615 2358 dextram
649 2305 699 2358 nisi
715 2306 855 2358 naturam?
873 2306 926 2359 Sed
941 2326 1014 2360 suum
1033 2309 1150 2379 perique
1167 2311 1253 2364 adhuc

98 2376 274 2438 sinistram,
299 2390 358 2424 cum
375 2391 440 2425 unus
456 2373 542 2426 locum
560 2390 614 2425 ser·
648 2373 868 2441 tulemntcritici,
887 2392 946 2428 cum
954 2377 1098 2446 explicaret
1106 2377 1252 2432 Acidaliae:

91 2444 156 2515 liqui
178 2440 366 2496 semicirculo
382 2440 438 2493 viae
455 2442 524 2495 circa
540 2441 615 2494 illum
649 2458 830 2522 quamcunque
846 2450 924 2496 nacta
941 2452 982 2496 est
1000 2446 1108 2498 fortuna
1124 2446 1167 2498 vel
1184 2446 1252 2516 opti·

91 2536 104 2581 i,
120 2513 171 2583 qui
193 2519 296 2565 antea
313 2509 348 2560 ad
364 2508 544 2562 sinistramilli
561 2518 614 2562 ste·
648 2528 729 2578 mam3
752 2510 797 2562 alir
819 2511 852 2562 ad
876 2511 993 2565 Dareum
1014 2512 1099 2584 ipsum
1121 2515 1253 2569 referrent

105 2599 185 2635 nunc
207 2580 251 2633 ad
274 2578 399 2629 dextram
420 2586 447 2630 et
464 2578 522 2631 vice
539 2594 615 2631 versa
648 2587 676 2631 et
684 2581 799 2647 fortuna
818 2577 873 2632 eius
890 2579 1022 2659 propriam
1039 2582 1252 2636 naturaminter-

91 2658 141 2718 nt,
173 2646 364 2712 schwemleen3
399 2648 561 2699 discursione
585 2648 614 2698 in
648 2647 711 2698 dum
728 2654 879 2716 corruptam
891 2648 1079 2729 intelligerent.
1097 2650 1197 2703 Verum
1206 2669 1252 2720 ge.

91 2719 155 2773 acies
183 2712 378 2779 extenditur,
404 2732 462 2766 cum
488 2713 614 2784 postremi
647 2714 762 2767 neralem
789 2731 844 2767 csse
874 2723 1032 2770 sententiam
1057 2716 1103 2770 vix
1133 2718 1254 2788 cuiquam

99 2789 314 2859 producuntur
338 2789 365 2833 et
382 2781 409 2833 iu
425 2782 510 2851 prima
526 2783 613 2835 fronte
647 2783 781 2853 eripietur.
828 2783 960 2853 Equidem
987 2784 1170 2855 corrigendum
1197 2803 1253 2838 esse

91 2872 178 2927 mque
211 2860 270 2906 aut
302 2849 338 2901 ad
363 2849 518 2904 alterutrum
544 2851 613 2903 latus
686 2860 722 2905 to.
758 2851 812 2903 Sed
833 2853 904 2921 quod
920 2852 1074 2907 Perizonius
1099 2854 1134 2906 ad
1152 2853 1253 2907 Sanctii

91 2933 134 2978 mt.
173 2920 308 2976 Mutare
328 2935 445 2986 pequam
467 2919 614 2988 generalius
648 2869 796 2972 lllinervam
814 2933 847 2985 11,
869 2927 939 2986 12,1
960 2921 1018 2974 vult
1035 2931 1066 2974 ut
1083 2924 1252 2992 auo-fmtuau

106 3009 181 3059 csse,
210 2985 364 3061 pugnandi
381 2988 485 3040 modum
501 2996 613 3053 mutare,
649 2987 786 3051 scribatur,
805 3003 865 3038 cum
874 2987 909 3039 sit
918 2988 1103 3054 duriusculum,
1122 2997 1180 3041 tum
1194 3007 1253 3041 sen-

97 3099 106 3128 ,
127 3070 190 3114 cum
212 3065 309 3111 antea
328 3055 437 3109 conferti
455 3055 612 3122 dimicarint,
648 3053 748 3108 tentiae
766 3062 910 3122 repugnat,
933 3055 1055 3123 quoniam
1072 3073 1125 3107 una
1143 3064 1183 3109 est
1200 3057 1252 3109 for-

91 3136 172 3182 antur
196 3136 232 3180 et
260 3122 378 3176 velitum
394 3141 466 3176 more
483 3125 613 3193 modoque
648 3130 728 3189 tuna,
755 3120 827 3174 cuius
853 3122 973 3192 potentia
999 3122 1168 3188 describitur,
1198 3141 1253 3177 non

91 3176 115 3250 it.
647 3209 695 3261 pro
718 3189 843 3258 cuiusque
864 3190 979 3242 moribus
1006 3189 1115 3242 diuersa.
1154 3191 1252 3260 Aptius

91 3270 101 3318 i.
137 3267 182 3318 Ac
203 3279 245 3315 ne
269 3274 331 3328 pro
352 3258 421 3329 vulg.
449 3269 472 3311 et
490 3277 521 3312 ne
548 3258 612 3312 edit.
647 3259 702 3311 siue
720 3257 800 3312 dubio
818 3258 954 3312 Walchius
976 3257 1004 3310 in
1026 3257 1252 3312 emendationibus

91 3341 100 3387 l
117 3334 204 3388 codd.
217 3346 292 3382 mss.
302 3325 375 3378 Leid.
385 3327 519 3397 nostrique
537 3344 611 3399 prae·
646 3324 762 3379 Livianis
772 3345 796 3396 p.
804 3332 836 3379 98
853 3325 990 3397 proposuit
1001 3329 1108 3380 insitum
1117 3337 1250 3394 naturum,

91 3421 110 3456 r.
129 3402 155 3455 B
178 3408 214 3453 et
236 3398 328 3450 Bern.
346 3394 379 3446 A.
646 3396 674 3448 ni
691 3403 838 3467 praestaret
855 3414 949 3449 sunum
967 3397 1038 3465 quod
1056 3394 1088 3448 G.
1103 3396 1138 3448 H.
1156 3395 1252 3448 Bardi-

94 3464 364 3539 occupatiparant]
398 3463 473 3517 Haec
492 3471 532 3516 est
549 3464 612 3516 scu’-
646 3463 696 3516 lius
713 3464 748 3517 V.
765 3462 801 3515 D.
823 3462 850 3515 in
868 3463 963 3517 litteris
981 3481 1050 3517 anno
1074 3471 1138 3517 1831
1158 3465 1252 3517 adme

91 3538 229 3592 ibrorum
250 3548 318 3583 mss.
341 3539 368 3582 et
392 3532 455 3584 olim
481 3531 612 3584 editorum
647 3532 715 3584 datis
733 3530 827 3598 voluit,
845 3540 892 3584 aut
911 3535 1087 3585 etiameaeam
1105 3549 1172 3602 quac
1189 3550 1252 3585 con·

91 3612 280 3678 qpotestque
291 3597 382 3668 opinor
390 3599 514 3669 intelligi:
534 3616 612 3669 quem
646 3599 746 3653 iectura
764 3607 805 3651 est
823 3599 933 3654 hominis
951 3600 1059 3654 doctiin
1068 3599 1250 3654 Stcseh.Mus.

91 3693 133 3728 ›us
153 3666 313 3739 occupati,
331 3667 403 3719 verbi
420 3685 498 3721 causa
514 3667 542 3719 in
560 3676 613 3719 sta-
648 3668 705 3721 crit.
724 3683 757 3721 11.
775 3686 800 3737 p.
821 3674 877 3721 188.

111 3741 312 3800 excubantes,
331 3751 401 3788 arma
417 3743 612 3806 praeparantes,
698 3747 759 3789 tuuc
802 3738 971 3789 cummaxime
1016 3737 1093 3789 utilia
1134 3736 1250 3790 suadea-

94 3813 290 3868 exercentes,
309 3811 430 3870 coquunt.
455 3803 614 3858 Coniectura
648 3805 715 3924 tem}
726 3803 817 3923 Vulsso
835 3814 895 3857 tunc
907 3806 1028 3870 maxime,
1046 3804 1093 3856 sed
1110 3821 1169 3856 cum
1177 3804 1251 3856 Leid

91 3879 163 3933 :nius
184 3868 315 3928 hominis
333 3871 401 3923 docti
433 3873 613 3924 refectumest
648 3881 676 3925 et
715 3871 763 3924 lor.
825 3871 945 3925 CBern.
962 3874 989 3924 A
1007 3866 1252 3941 (Vosalhicleeer

91 3940 331 4000 reditFroben.
345 3937 401 3992 lun.
442 3938 612 3993 odFreinsh.
647 3945 704 4010 est)
732 3949 792 3992 tunc
814 3957 871 3992 cum
896 3942 1008 3993 monime
1031 3939 1146 3991 habeant
1170 3945 1251 4007 atque

91 4033 153 4068 uem
175 4014 331 4076 occupem.
348 4005 433 4061 Possis
446 4008 526 4060 etiam
539 4023 613 4075 quem
647 4007 717 4062 idem
725 4006 832 4070 Medius
849 4025 864 4061 e
882 4007 970 4061 codiee
988 4025 1033 4059 suo
1051 4005 1249 4075 deprompserit,

92 4092 168 4147 unt,
202 4084 240 4128 ut
272 4072 346 4150 quod
371 4083 411 4127 est
427 4086 530 4145 purant
547 4074 629 4136 nihil,
647 4093 700 4129 non
721 4074 840 4128 dubitavi
862 4077 972 4156 probam
993 4073 1152 4127 locutionem
1173 4072 1251 4126 resti-

91 4152 217 4210 Ldeatur,
239 4141 299 4194 nisi
316 4142 461 4197 terminatio
479 4142 553 4196 verbi
570 4158 612 4195 re·
645 4150 729 4197 tuere.
748 4144 811 4196 Non
828 4160 898 4196 ennn
916 4151 956 4195 est
973 4140 1043 4206 omni
1061 4157 1095 4192 ex
1111 4148 1188 4221 parte
1204 4159 1250 4194 ve-

646 4230 717 4279 rum,
729 4250 734 4259 .
744 4212 815 4282 quod
833 4213 894 4265 olim
912 4228 928 4262 a
945 4208 1075 4278 plerisque
1093 4211 1192 4263 drctum
1209 4219 1251 4263 est

90 4327 97 4340 .
133 4282 200 4336 nisi
221 4292 309 4330 suam
327 4286 446 4333 autorum
462 4282 612 4348 plerumque
647 4281 696 4348 (cf.
719 4279 802 4332 Drak.
830 4281 864 4332 ad
889 4278 947 4330 Liv.
976 4283 1019 4343 27,
1046 4283 1063 4329 4
1085 4285 1113 4330 et
1131 4283 1174 4343 40,
1195 4279 1250 4346 13),

94 4343 312 4416 corrumperet]
330 4340 399 4399 Libri
416 4366 476 4401 mss.
494 4346 612 4418 plerique
647 4350 817 4402 cummaxime
838 4349 872 4400 ad
889 4359 1011 4416 praesens
1034 4350 1157 4416 tempus,
1184 4353 1251 4397 turn·
