2926 5174
442 315 491 366 na
517 313 646 366 casus
672 309 912 383 mnx.1v,ar.
1226 295 1298 366 115
1401 324 1404 329 ·

81 500 250 571 rltorum
281 497 492 570 torrentium
515 523 589 570 non
615 522 728 593 aquas
756 498 881 589 solum,
904 495 969 571 sed
995 497 1103 570 etiam
1129 522 1219 571 saxa
1244 524 1298 572 se·

81 636 116 682 m
143 607 328 681 trahens.
371 607 491 705 ltaque
517 635 539 681 a
565 609 758 698 eeleritate,
784 634 856 704 qua
882 608 1016 697 defluit,
1044 606 1142 706 Tigri
1167 635 1299 684 nomen

81 732 92 793 t
115 718 310 808 inditum,
338 720 418 814 quia
443 718 586 793 Persica
610 719 735 816 lingua
761 717 884 817 Tig1in
911 719 1080 815 sagittam
1106 721 1297 818 appellant.

138 829 275 928 Igitur
302 828 422 927 pedes,
448 831 547 904 velut
573 830 710 902 divisus
735 829 772 901 in
799 855 942 923 cornua,
956 830 1178 905 circumdato
1204 831 1349 927 equi-38

81 953 124 1034 tu,
151 942 303 1015 levatis
333 967 438 1040 super
463 941 580 1039 capita
605 940 733 1030 annia,
768 941 866 1014 haud
901 968 1009 1041 aegre
1035 941 1082 1014 ad
1106 943 1225 1042 ipsum
1251 943 1299 1015 al·

81 1079 145 1126 :um
179 1064 378 1150 penetrat
435 1052 575 1125 Primus
607 1053 703 1124 inter
735 1053 874 1150 pedites
905 1079 973 1126 rex
999 1078 1165 1152 egressus
1191 1054 1229 1126 in
1254 1053 1299 1125 ri-

81 1191 134 1255 m,
178 1164 338 1237 vadum
370 1164 537 1237 militibus
568 1189 697 1253 manu,
738 1165 883 1260 quando
917 1191 994 1238 vox
1028 1163 1191 1238 exaudiri
1225 1191 1299 1238 non

81 1287 196 1365 terat,
237 1274 416 1347 ostendit.
468 1272 540 1350 Sed
565 1273 719 1374 gradum
744 1276 888 1350 firmare
913 1276 978 1350 vix
1003 1286 1191 1375 poterant,
1218 1301 1299 1349 eum
1379 1366 1383 1377 ‚

81 1385 146 1458 odo
168 1411 277 1458 saxa
305 1385 443 1458 lubrica
466 1386 657 1484 vestigium
682 1386 856 1479 fallerent,
882 1386 991 1461 modo
1018 1386 1176 1486 rapidior
1201 1386 1300 1461 unda

81 1496 280 1570 abduceret.
349 1495 562 1596 Praecipuus
603 1508 682 1570 erat
721 1498 824 1571 labor
864 1525 1003 1590 eorum,
1045 1499 1106 1596 qui
1141 1498 1299 1574 humeris

81 1633 148 1681 nera
179 1607 412 1706 portabant:
445 1610 575 1708 quippe
607 1632 690 1680 cum
721 1611 932 1710 semetipsos
967 1636 1094 1709 regere
1119 1635 1192 1682 non
1218 1637 1299 1709 pos·

81 1729 134 1810 nt,
165 1721 209 1792 in
246 1719 404 1816 rapidos
435 1721 593 1819 gurgites
626 1721 852 1797 incommodo
890 1749 1001 1797 onere
1035 1722 1300 1813 auferebantur,

110 1831 201 1905 dum
240 1856 320 1903 sua
353 1832 499 1929 quisque
531 1832 645 1929 spolia
678 1835 847 1930 consequi
883 1836 1021 1923 studet,
1057 1833 1172 1904 maior
1187 1923 1190 1930 Ι
1205 1833 1300 1905 inter

81 1967 148 2033 sos,
177 1967 305 2039 quam
335 1965 415 2014 cum
440 1944 551 2033 amni,
578 1954 660 2016 orta
685 1942 834 2016 luctatio
860 1956 932 2035 est,
967 1944 1170 2039 cumulique
1196 1943 1301 2014 sarei-

81 2079 163 2126 rum
196 2053 354 2151 passim
387 2053 563 2128 fluitantes
598 2057 789 2153 plerosque
824 2056 1060 2154 perculerant.
1119 2051 1201 2125 Rex
1226 2079 1301 2125 mo-

81 2190 131 2256 re,
157 2176 203 2238 ut
234 2164 338 2236 satis
364 2165 535 2239 haberent
560 2191 662 2238 arma
688 2166 852 2257 retinere,
880 2177 1000 2239 cetera
1013 2190 1052 2238 se
1065 2162 1301 2238 redditurum.

81 2277 112 2349 td
139 2302 273 2373 neque
305 2277 506 2369 consilium,
540 2304 658 2376 neque
690 2276 879 2376 imperium
905 2276 1017 2375 accipi
1043 2285 1205 2374 poterat:
1241 2277 1302 2349 ob-

81 2392 226 2486 repebat
255 2387 351 2460 hine
376 2399 500 2479 metuS,
525 2405 669 2488 praeter
695 2388 792 2463 hune
816 2389 970 2462 invicem
995 2387 1201 2460 nutantium
1226 2413 1302 2459 mu·

81 2523 121 2571 us
159 2501 325 2572 clamor.
392 2496 549 2572 Tandem
586 2532 658 2601 qua
696 2506 831 2579 leniore
868 2511 988 2574 tractu
1028 2498 1143 2572 amnis
1185 2499 1302 2597 aperit

81 2609 187 2702 tdum,
227 2632 433 2699 emersere,
468 2636 534 2683 nec
571 2617 761 2714 quiequam
793 2624 936 2714 praeter
973 2635 1107 2710 paucas
1144 2612 1302 2684 sarcinas

81 2721 297 2795 nideratum
335 2729 399 2795 est.
451 2719 570 2796 Deleri
601 2730 722 2825 potuit
754 2727 954 2814 exercituS,
991 2723 1021 2793 si
1053 2723 1131 2817 quis
1158 2723 1303 2797 vincere

81 2857 144 2905 rsus
171 2841 292 2920 esset,
324 2828 392 2900 sed
415 2845 589 2931 perpetua
614 2840 760 2913 fortuna
785 2836 881 2936 regis
909 2834 1041 2908 avertit
1054 2832 1137 2905 inde
1150 2834 1302 2906 hostem.

81 2941 104 3014 ic
126 2941 348 3030 Granicum,
375 2951 430 3014 tot
454 2944 596 3020 milibus
623 2949 786 3046 equitum
812 2945 1046 3046 peditumque
1070 2945 1109 3015 in
1134 2944 1303 3018 ulteriore

92 3141 113 3207 5.
135 3149 175 3196 ts.
207 3144 329 3197 Persica
369 3144 470 3216 linquo]
517 3148 659 3202 Medorum
694 3157 754 3203 tota
776 3164 821 3214 re,
847 3147 886 3199 ita
908 3146 936 3199 in
958 3145 1008 3199 hac
1033 3142 1185 3198 confusione
1206 3144 1303 3197 descri-

81 3224 140 3276 θεοῦ
164 3209 201 3264 ita
229 3210 407 3282 appellatum
427 3215 535 3269 tradunt
560 3217 658 3272 Strabo
693 3215 925 3271 bendaOvidiann
942 3214 1070 3285 quaedam
1087 3212 1122 3265 im
1159 3211 1229 3264 'num
1243 3228 1303 3265 ver·

81 3274 136 3330 bn
146 3297 207 3350 pag.
219 3287 275 3334 529
298 3288 329 3330 et
340 3278 408 3332 Plin.
425 3291 479 3335 nat.
496 3283 557 3337 hist.
567 3295 657 3353 vr,31.
693 3288 843 3356 horumque
861 3283 977 3336 luxuries
994 3283 1119 3336 notanda.
1164 3280 1303 3334 ocabulum

87 3343 140 3418 Gap
155 3354 198 3414 38,
219 3352 303 3428 §.19.
326 3365 403 3415 quant
414 3367 468 3402 cum
477 3356 557 3420 amna]
577 3357 659 3407 Amnt'
694 3357 807 3410 invicem
817 3361 890 3405 amat
902 3351 1014 3422 scriptor
1032 3360 1131 3417 noster,
1145 3349 1303 3421 videturque

81 3413 123 3466 tal.
138 3415 165 3470 in
178 3417 261 3470 Leid.
271 3416 382 3468 Voss.1
402 3419 503 3472 notavit
520 3438 586 3488 esse,
604 3432 658 3476 est·
693 3423 720 3476 h.
743 3425 761 3479 l.
790 3421 856 3475 nihil
882 3421 954 3474 aliud
981 3419 1126 3488 significare
1147 3417 1198 3471 nisi
1223 3419 1302 3473 modo

81 3497 96 3534 e
122 3482 187 3538 item
210 3485 243 3538 in
269 3485 359 3562 Bern.
376 3484 402 3535 A
424 3495 451 3539 et
467 3488 537 3543 Flor.
557 3490 658 3558 BDFI,
694 3491 775 3560 hunc,
795 3489 955 3544 modoillum
973 3498 1081 3542 nutasse
1094 3495 1123 3542 et
1134 3488 1300 3541 exclamasse.

81 3550 172 3608 lFlor.
192 3558 221 3606 A
246 3561 278 3605 et
304 3552 371 3604 edit.
393 3553 465 3608 Mod.
486 3558 558 3627 vulg.
582 3574 658 3613 arnae
698 3561 868 3629 obstrepebat
877 3558 1179 3627 antemeafigura,quae
1192 3574 1303 3626 zeugma

81 3623 161 3675 ineat.
180 3622 312 3677 Videtur
329 3627 420 3700 tamen
435 3622 463 3675 in
478 3624 527 3678 hoc
540 3625 659 3680 dissensu
694 3627 801 3691 dicitur,
820 3626 993 3700 positumest
1018 3645 1068 3697 pro
1091 3627 1223 3692 obstabat,
1241 3642 1303 3677 nam

81 3693 177 3743 oomni
192 3706 257 3743 esse
271 3692 508 3759 pronuntiandum.
528 3693 570 3748 Cf.
580 3713 660 3766 supra
712 3695 815 3748 uamvis
849 3697 995 3764 obstrepere
1027 3695 1108 3748 etiam
1138 3703 1229 3747 mutae
1260 3710 1302 3746 res

85 3762 114 3810 84
129 3759 218 3828 princ.
715 3763 832 3831 cantur,
857 3781 926 3832 quae
942 3763 1063 3817 auditum
1085 3762 1244 3832 impediant,
1271 3771 1303 3814 ut

81 3826 408 3906 Pltrosqquerculeront]
426 3827 532 3882 Modius
543 3830 570 3883 in
579 3847 661 3883 mem·
695 3845 766 3899 vm,
785 3839 800 3885 t
824 3834 930 3885 clausae
948 3843 1023 3886 erant
1047 3850 1125 3885 aures
1143 3833 1303 3896 obstrepente

81 3906 139 3960 anis,
168 3912 228 3947 suis
253 3909 368 3962 opinor,
396 3910 451 3948 esse
472 3910 661 3966 percusserant
696 3901 753 3967 ira,
784 3907 813 3952 et
838 3913 884 3966 v1,
911 3907 945 3954 38
981 3901 1138 3953 conscientia
1169 3898 1302 3964 obstrepit,

81 3964 93 4021 t,
107 3978 160 4014 non
176 3963 209 4014 in
228 3959 350 4040 nqqtris3
374 3963 464 4017 sedin
481 3968 572 4037 paucis
589 3966 661 4020 Flor.
697 3970 832 4036 quominus
850 3970 971 4021 scelerati
993 3969 1105 4021 dormire
1123 3966 1301 4033 nonpossint,

81 4024 139 4081 llet
154 4030 181 4082 Ε
200 4047 219 4082 a
238 4045 334 4098 prima
350 4046 430 4083 manu
446 4043 474 4087 et
491 4035 607 4088 BernB
621 4044 663 4089 est
697 4044 786 4090 tamen
820 4043 848 4090 et
873 4036 928 4089 irae
954 4045 982 4089 et
1011 4032 1185 4088 conscientiae
1210 4048 1303 4085 vocem

81 4099 215 4151 ueterum.
697 4105 852 4170 tribuimus,
872 4103 900 4156 id
918 4105 990 4175 quod
1007 4121 1023 4156 a
1039 4110 1114 4154 metu
1131 4099 1246 4152 alienum
1262 4101 1303 4153 vi-

88 4165 106 4226 S.
121 4171 162 4219 20.
181 4166 302 4219 inuicem
321 4171 469 4223 nutantium
486 4183 590 4225 mutuus
609 4175 663 4227 ela·
697 4174 782 4228 detur.
826 4174 946 4227 Verbum
977 4181 1081 4225 mutuas
1114 4167 1249 4221 omittitur
1274 4169 1302 4223 in

83 4234 113 4298 tt]
144 4233 224 4287 Editi
258 4232 359 4302 (etiam
384 4236 470 4309 Mod.)
505 4242 663 4307 natantium,
696 4241 816 4311 ch.B,
833 4241 957 4296 nimirum
973 4240 1044 4313 quod
1054 4237 1214 4309 superfluum
1230 4237 1305 4290 vide·

81 4297 264 4355 ductantium
294 4319 438 4358 consensus
464 4307 591 4363 librorum
616 4327 664 4362 no·
697 4320 773 4366 retur
790 4311 940 4365 correctori.

81 4368 160 4423 trorum
184 4371 313 4425 omnium
336 4388 397 4426 cum
418 4374 491 4428 Leid
513 4385 542 4430 et
562 4381 661 4431 Voss]
734 4385 757 4447 3.
781 4387 823 4433 22.
864 4382 889 4432 sr'
916 4380 975 4449 quis'
997 4380 1098 4430 vincere
1120 4395 1202 4431 ausus
1226 4381 1304 4446 esset]

81 4432 153 4506 lipsa
168 4456 213 4495 res
243 4439 380 4512 postulat.
419 4442 559 4515 Ceterum,
581 4454 613 4501 ut
637 4445 665 4501 in
698 4447 760 4504 Hoc
783 4449 924 4504 verborum
946 4446 1038 4502 ordine
1055 4445 1163 4501 Modius
1184 4453 1213 4500 et
1229 4445 1305 4501 Leid.

989 4534 1026 4598 8*
