2926 5174
159 285 233 357 310
627 300 660 365 o.
689 295 813 351 cnarn
837 297 923 349 aurr

159 495 266 586 qu'am
292 493 421 583 potens
447 485 586 558 mentis.
641 482 798 558 Gobares
823 483 917 557 inter
942 483 1136 558 tumultum
1162 483 1318 582 elapsus,
1339 483 1378 558 ad

157 595 407 674 Alexandrum
432 597 634 695 transfugit.

110 713 155 783 17
261 730 328 781 v111
353 708 450 782 milia
474 708 746 781 Bactrianorum
776 707 934 780 habebat
959 717 1098 782 armata
1122 706 1269 798 Bessus,
1294 732 1377 805 quae,
1390 727 1410 775 a

159 819 329 918 quamdiu
353 830 501 917 propter
536 818 624 892 coeli
641 818 897 916 ,intemperiem
921 818 1060 892 Indiam
1085 819 1208 917 potius
1233 817 1378 892 Macedo·

158 958 223 1006 nas
264 931 440 1030 petituros
474 929 719 1020 crediderant,
759 930 967 1005 obedienter
1007 932 1185 1029 imperata
1218 932 1378 1005 fecerunt:

158 1053 350 1143 postquam
383 1040 579 1116 adventare
605 1039 853 1116 Alexandrum
884 1053 1105 1142 compertum
1136 1053 1211 1134 est,
1246 1043 1283 1114 in
1311 1067 1377 1116 suos

161 1157 309 1254 quisque
334 1154 433 1227 vicos
461 1152 603 1251 dilapsi,
638 1152 790 1228 Bessum
815 1155 1042 1252 rehquerunt.
1095 1153 1160 1228 ille
1188 1179 1270 1228 cum
1294 1155 1375 1227 clien-
1386 1171 1404 1218 21

159 1269 249 1341 tium
275 1291 394 1355 manu,
409 1264 468 1361 qui
494 1291 567 1338 non
593 1275 822 1341 mutaverant
848 1264 965 1356 fidem,
980 1263 1061 1340 Oxo
1089 1291 1197 1339 amne
1220 1276 1374 1364 superato,

160 1378 367 1474 exustisque
394 1376 555 1474 navigiis,
583 1377 711 1473 quibus
737 1378 937 1468 transierat,
959 1403 1004 1451 ne
1029 1377 1159 1452 iisdem
1184 1377 1296 1452 hostis
1319 1385 1373 1448 nte

160 1500 271 1581 retur,
296 1513 411 1562 novas
438 1488 557 1584 copias
584 1489 621 1560 in
648 1484 835 1587 Sogdianis
863 1488 1105 1562 contrahebat.

261 1598 470 1675 Alexander
506 1596 704 1674 Caucasum
744 1598 903 1698 quidem,
940 1610 981 1673 ut
1018 1626 1128 1699 supra
1164 1600 1296 1674 dictum
1326 1606 1397 1685 estu

160 1714 367 1803 transierat,
409 1711 473 1785 sed
507 1712 628 1809 inopia
661 1713 829 1786 frumenti
865 1736 976 1810 prope
1008 1710 1054 1785 ad
1085 1714 1220 1786 famem
1253 1721 1369 1786 ventnn

160 1837 247 1900 erat.
297 1821 391 1899 Suco
417 1850 465 1898 ex
491 1849 630 1897 sesama
655 1849 827 1922 expresso
853 1822 951 1898 haud
977 1848 1079 1898 secus
1106 1849 1217 1921 quam
1243 1825 1314 1895 oleo
1334 1833 1396 1892 art

160 1951 219 2013 tus
252 1936 510 2036 perungebant.
564 1933 636 2010 Sed
669 1937 774 2010 huius
802 1937 877 2010 suci
904 1935 1048 2010 ducenis
1075 1935 1308 2033 quadragenis
1329 1930 1366 2003 de·

162 2050 270 2124 nariis
297 2042 490 2147 amphorae
517 2048 687 2147 singulae,
700 2049 812 2123 mellis
835 2047 987 2122 denariis
1014 2047 1169 2121 trecenis
1194 2043 1365 2144 nonagenis,

163 2162 315 2237 trecenis
343 2161 416 2234 vini
442 2161 738 2248 aestimabantur3
772 2159 879 2234 tritici
904 2161 991 2233 nihil
1017 2169 1081 2232 aut
1107 2158 1298 2233 admodum
1318 2154 1364 2228 eri·

69 2327 79 2337 ·
161 2299 272 2373 guum
297 2272 551 2371 reperiebatur.
606 2269 703 2346 Siros
729 2272 908 2346 vocabant
942 2272 1103 2363 barbari,
1140 2295 1231 2369 quos
1257 2270 1301 2343 ita
1321 2265 1396 2338 sols

162 2561 309 2628 eeoaoieic,
325 2577 384 2614 cum
393 2559 462 2614 solus
474 2559 603 2614 ablativus
617 2561 689 2631 apud
698 2563 764 2631 poti-
799 2562 845 2615 sed
863 2559 934 2615 Flor.
951 2558 1004 2613 AG
1020 2557 1102 2611 Bern.
1119 2557 1147 2610 A
1170 2575 1281 2625 secerno,
1303 2565 1362 2630 onus

161 2639 204 2684 tas
218 2638 247 2684 et
261 2646 308 2684 eos
339 2645 416 2682 resse
432 2627 560 2682 orationis
569 2627 709 2700 scriptores
719 2628 765 2700 qui
798 2638 888 2684 autem
905 2628 1048 2682 terminent
1065 2626 1157 2680 littera
1174 2645 1207 2694 o,
1231 2635 1262 2681 ut
1276 2624 1362 2678 narn

161 2703 302 2771 poetarum
320 2647 462 2752 dictionem
478 2697 600 2751 modeste
610 2706 763 2768 sequuntur,
798 2699 873 2752 Leid.
890 2697 966 2752 Voss.
986 2706 999 2749 1
1018 2695 1155 2749 inventum
1173 2712 1231 2749 esse
1247 2687 1362 2749 seremai

161 2787 216 2822 non
233 2768 384 2838 infrequens
402 2765 444 2821 sit.
481 2766 522 2821 cf.
541 2766 575 2819 ad
600 2780 641 2833 rx,
659 2773 764 2833 32,=·14.
798 2785 878 2821 manu
904 2783 955 2820 sec.
982 2772 1130 2820 correctum
1157 2773 1198 2818 est
1226 2764 1254 2817 in
1275 2755 1362 2816 Bernl

197 2837 262 2908 Cap.
283 2843 324 2902 17,
343 2839 365 2905 §.
384 2842 426 2889 21.
464 2836 520 2890 Ore
538 2852 621 2888 omae.
661 2834 765 2889 Otimi
799 2839 895 2890 mama
909 2839 979 2902 (non
996 2834 1134 2887 utfactum
1152 2825 1362 2886 traditurincsdiffl

163 2905 260 3028 quique
277 2905 355 2960 codd.
376 2922 436 2958 mor
454 2920 538 2972 amne,
558 2903 656 2975 quippe
674 2853 707 2958 ab
724 2903 765 2957 in·
798 2904 873 2958 Petri
890 2902 1008 2957 Danielis
1031 2903 1153 2970 sesamo).
1189 2900 1291 2955 Graecis
1311 2893 1387 2950 tan-

182 2975 251 3029 octis
269 2973 381 3028 exarati.
800 2981 841 3026 est
861 2973 976 3041 σησάμη,
996 2972 1098 3024 fruetus
1117 2970 1254 3038 σήσαμον.

197 3047 220 3112 §-
238 3051 280 3098 22.
316 3044 406 3112 inopia
419 3041 552 3111 frumenti
565 3059 650 3110 prope
668 3043 706 3095 ed
716 3041 766 3111 sc·
834 3044 917 3094 meltis
943 3044 1000 3094 dea.
1031 3040 1141 3092 trecenis
1173 3038 1308 3119 comperti
1332 3033 1360 3084 αἱ

161 3130 235 3166 asem.
271 3111 357 3166 Codd.
379 3110 501 3192 plerique
519 3127 617 3190 quoque
628 3128 713 3178 prope
731 3112 768 3163 ad
800 3109 895 3164 Priora
912 3108 999 3162 verbis
1016 3107 1165 3178 litterisque
1182 3104 1361 3180 exploraret

156 3183 185 3251 f.
202 3180 315 3235 Florali
343 3199 404 3250 perp
425 3197 438 3232 e
456 3183 494 3233 ed
508 3183 624 3248 famem,
652 3179 766 3232 stoan
801 3179 899 3249 scripta
912 3177 1009 3231 suntin
1019 3175 1163 3242 codicibus,
1181 3176 1360 3246 haecpostenor

162 3250 243 3302 Bern.
261 3250 285 3302 B
304 3250 374 3318 iaop.
406 3266 471 3300 rum.
491 3250 529 3302 ud
538 3248 641 3316 semem
659 3265 708 3316 quo
726 3265 766 3314 ue,
802 3249 828 3300 in
852 3246 972 3300 omnibus
997 3244 1131 3299 codicibus
1157 3253 1263 3315 praeter
1284 3231 1360 3295 lieth

163 3317 235 3371 Flor.
250 3317 279 3370 H
297 3318 367 3387 irrep.
376 3318 509 3387 frumenti
526 3318 682 3386 adfirmem.
745 3315 767 3368 i·
801 3316 924 3369 videntur
941 3330 998 3368 esse
1014 3312 1129 3366 numeris
1138 3329 1269 3383 expressa,
1284 3315 1360 3426 eumq?

164 3384 259 3438 mirum
285 3403 384 3456 quoquc
408 3393 497 3438 ortum
514 3384 620 3438 videtur
637 3401 671 3437 ex
682 3403 735 3454 pre
754 3403 767 3438 e
801 3386 835 3439 ob
854 3401 961 3438 eausam
977 3381 1098 3436 nonnihil
1120 3383 1229 3436 turbata
1248 3385 1308 3434 sunt
1348 3387 1360 3423 Ι·

164 3454 290 3508 mendose
307 3453 420 3525 scripto,
443 3469 474 3506 ac
493 3452 587 3506 deinde
604 3453 676 3506 varie
693 3454 728 3506 ha
746 3453 767 3506 i·
800 3453 895 3507 mirum
920 3469 970 3522 pro
999 3467 1031 3506 eo
1058 3451 1131 3521 quod
1154 3458 1196 3503 est
1213 3448 1359 3521 asermoth

165 3529 230 3576 cum.
267 3522 393 3577 cetorum
418 3522 488 3593 quos
505 3521 532 3574 sn
549 3521 620 3575 nor.
648 3521 767 3592 (Herm.)
802 3522 830 3590 c.
848 3538 871 3574 e.
889 3520 1001 3575 trecenis
1023 3519 1182 3590 nonagenis,
1206 3504 1359 3586 manniri

166 3593 204 3644 cd
219 3608 274 3644 non
291 3599 427 3661 repertum
440 3590 627 3657 essetraditur,
646 3591 767 3644 Draken·
801 3590 897 3645 omissa
921 3587 1134 3659 interpunctione
1164 3603 1226 3640 cum
1248 3589 1360 3639 xccco‘ll

164 3659 287 3713 borchius
310 3661 345 3712 ad
368 3660 425 3713 Liv.
450 3675 490 3727 vr,
515 3665 548 3712 42
572 3664 648 3726 §.10
675 3659 768 3730 cupide
801 3667 880 3713 unam
898 3675 1024 3712 summam
1040 3656 1264 3722 contraherentur,
1279 3649 1359 3721 ines

144 3727 301 3799 'amplexus
318 3737 360 3781 est
377 3736 407 3783 ut
426 3745 511 3849 prope
528 3729 632 3796 famem
654 3729 681 3781 h.
698 3729 716 3782 l.
734 3730 768 3782 ab
801 3728 915 3783 rioribus
931 3725 1005 3780 libris
1022 3725 1114 3780 extitit
1130 3737 1187 3778 cce
1206 3734 1229 3778 et
1243 3734 1308 3777 cccc
1321 3716 1358 3774 rit

163 3805 273 3851 auctore
290 3796 417 3868 scriptum
445 3802 543 3850 oceret.
566 3795 619 3849 Sed
628 3813 677 3851 nec
686 3797 767 3851 Snelr.
802 3805 868 3851 nota
884 3810 905 3848 x
921 3802 1076 3849 transeunte
1092 3792 1120 3847 in
1141 3786 1358 3847 coniunctionemti

164 3883 214 3920 nec
230 3883 281 3937 ego
299 3866 328 3920 in
345 3866 439 3920 ceteris
456 3863 533 3920 bonis
556 3863 629 3918 libris
646 3865 711 3918 illud
728 3865 768 3919 in·
801 3870 834 3920 In
851 3866 930 3918 Bern.
948 3865 976 3917 A
991 3863 1144 3917 exciderant
1159 3863 1239 3916 verba
1258 3857 1358 3927 0an

163 3935 281 3988 venimus
313 3951 398 4006 neque
428 3940 518 4005 potest
548 3933 631 3986 altera
663 3934 768 3988 dicendi
802 3936 930 4004 aepulae,
948 3934 1031 3986 mellis
1049 3934 1116 3986 deae
1138 3932 1166 3984 ”s
1201 3924 1357 4000 rapterrfflss·

163 4004 233 4057 ratio
255 4021 341 4073 prope
366 4005 405 4057 ad
425 4003 510 4056 minus
528 4001 633 4071 elegans
650 4002 768 4057 iudicari.
802 4011 861 4057 tum
877 4001 986 4056 verbum
996 3949 1288 4055 dmaacsledtamen
1301 3996 1357 4071 ⁰9⁹

165 4072 208 4127 Cf.
226 4072 271 4125 lib.
289 4086 319 4139 x,
338 4079 381 4140 20,
402 4077 432 4125 12
457 4074 559 4139 iamque
571 4088 657 4139 prope
674 4075 713 4125 ed
728 4090 768 4126 se·
802 4069 1018 4126 iamaveteribus
1035 4067 1180 4124 editoribus
1197 4059 1356 4121 necorde*

165 4142 288 4194 ditionem
300 4151 485 4210 pervenerant.
803 4148 873 4194 sunt.
1335 4187 1340 4200 ,
1396 4172 1400 4183 ·

200 4214 224 4276 S.
243 4216 284 4264 23.
311 4226 343 4288 esc
356 4227 460 4264 sesama
478 4225 606 4331 expresso.
632 4207 769 4264 Feminino
838 4214 862 4276 §-
880 4215 922 4262 24.
959 4207 1033 4260 Siros
1059 4207 1192 4274 vocabant]
1219 4204 1290 4272 spru
1308 4184 1353 4248 1⁶l
1393 4218 1400 4229 ⁶

165 4293 262 4347 genere
280 4285 365 4331 utrtur
382 4280 463 4332 etiam
480 4276 582 4331 P'nius
603 4283 690 4330 natur.
709 4278 768 4332 hist
803 4281 879 4332 Voss.
899 4285 912 4330 1
939 4276 1019 4329 Bern.
1038 4275 1103 4341 AB,
1130 4274 1175 4329 sed
1190 4272 1265 4327 Bern.
1280 4266 1301 4321 Β
1319 4270 1353 4314 ⁶⁸

165 4343 283 4416 pluribus
309 4344 384 4400 locis.
438 4345 524 4400 Codd.
550 4344 636 4398 nostri
665 4346 769 4401 variant
802 4346 912 4400 Flor.H
929 4347 1011 4414 Syros
1028 4361 1061 4396 ne
1078 4345 1208 4408 amabam,
1224 4319 1352 4410 iunllpd
1409 4400 1411 4409 Ι

167 4416 281 4482 eduma,
299 4416 399 4485 mace,
418 4416 523 4483 aseae,
542 4417 629 4482 siaa,
654 4416 768 4486 siccato,
804 4417 896 4486 Syrios
914 4431 946 4469 ne
960 4415 1095 4480 vocabant,
1113 4411 1181 4484 quod
1196 4425 1247 4482 quc
1260 4402 1351 4478 ΝΜ
1409 4426 1411 4461 ι
