2926 5174
473 283 522 333 mr
549 281 678 334 ossus
703 282 813 334 anun
840 283 876 354 v,
905 281 945 330 n.
1252 264 1324 336 183

91 466 195 565 alexi,
216 473 273 537 ut
305 463 352 538 ad
377 464 518 537 hostem
542 465 788 564 pervenirent,
820 467 910 539 alius
946 467 1056 555 alium
1079 469 1242 540 levantes
1269 492 1326 540 co·

91 579 264 651 labantur
301 574 501 649 ascendere.
563 574 618 648 Ea
656 577 750 674 ipsa,
791 577 987 651 multorum
1021 576 1127 651 simul
1160 578 1327 652 manibus

91 698 248 786 :orrepta
276 698 314 760 et
340 688 520 779 convulsa,
546 688 584 759 in
611 713 689 778 eos,
716 689 777 785 qui
803 698 1082 778 commoverant,
1108 687 1326 762 recidebant.

91 797 155 871 lec
191 808 291 872 stare
326 823 412 896 ergo
446 808 630 896 poterant,
662 824 729 873 nec
762 800 847 891 niti,
887 826 933 873 ne
967 798 1149 873 testudine
1184 799 1328 897 quidem

91 910 234 1007 protegi,
264 934 347 981 cum
371 919 495 981 tantae
521 909 625 981 molis
653 935 764 983 onera
788 911 1031 1009 propellerent
1056 909 1210 983 barbari.
1258 911 1326 985 Re·

91 1046 162 1117 gem
197 1044 275 1092 non
313 1017 417 1092 dolor
450 1019 575 1110 modo,
618 1019 682 1094 sed
716 1021 826 1094 etiam
862 1021 980 1119 pudor
1011 1031 1146 1094 temere
1177 1021 1214 1092 in
1248 1020 1329 1095 illas

91 1131 268 1228 angustias
297 1131 399 1204 eiecti
427 1131 605 1204 exercitus
632 1131 798 1230 angebat.
837 1129 996 1204 Invictus
1016 1140 1100 1204 ante
1128 1157 1207 1205 eam
1234 1132 1328 1207 diem

91 1244 212 1332 hierat,
246 1241 336 1312 nihil
361 1242 495 1314 frustra
521 1266 648 1314 ausus:
683 1243 828 1339 impune
855 1239 996 1316 Ciliciae
1028 1242 1149 1315 fauces
1174 1244 1328 1319 intrave-

91 1362 153 1444 rat,
185 1378 288 1426 mare
323 1377 466 1449 quoque
499 1378 636 1426 novum
673 1353 711 1425 in
741 1352 992 1452 Pamphyliam
1022 1354 1092 1427 iter
1122 1367 1329 1453 aperuerat:

120 1523 140 1588 §.
158 1527 199 1573 20.
230 1529 260 1572 ut
279 1521 318 1572 ad
334 1520 430 1572 hostem
442 1521 620 1588 pervenirent]
647 1518 692 1573 Sic
727 1518 819 1583 (Bam.
845 1519 869 1572 B
893 1519 965 1574 Flor.
991 1520 1066 1574 DEF
1130 1561 1137 1588 ‚
1164 1521 1219 1575 sive
1245 1528 1276 1574 ut
1301 1521 1330 1576 in

92 1589 181 1641 dudum
212 1595 275 1640 erat
303 1587 506 1658 corrigendum,
538 1587 566 1640 ni
597 1587 691 1668 relig'o
725 1587 809 1641 Pal.1
829 1587 920 1642 codice
937 1588 1096 1659 interpolato
1123 1591 1252 1660 agebatur
1269 1609 1330 1644 cca·

93 1657 208 1710 libromm
241 1662 366 1709 veterum
398 1656 525 1709 obstaret.
568 1656 612 1710 En
642 1655 692 1710 nbi
727 1657 813 1722 dacti,·
839 1656 885 1709 sed
911 1659 1034 1724 conlecti,
1067 1659 1139 1738 quod
1168 1658 1276 1729 Medius
1300 1659 1330 1712 in

95 1742 147 1778 vero
163 1741 254 1779 omnes
273 1724 326 1776 mei
345 1731 373 1776 et
390 1723 471 1777 Snak.
490 1724 592 1778 codices
617 1725 692 1789 (cum
726 1723 799 1777 libris
817 1740 845 1777 se
861 1723 991 1778 invenisse
1009 1725 1108 1794 scribit,
1118 1726 1146 1779 in
1155 1726 1229 1780 nullo
1238 1743 1330 1781 eornm

97 1794 157 1846 llod.
167 1794 244 1863 edit.)
264 1794 421 1845 emendatae
438 1792 582 1863 scripturae
599 1803 692 1847 aucto·
745 1811 793 1846 uos
811 1793 959 1847 accinctius
977 1794 1096 1847 novimus
1114 1802 1198 1849 extat.
1234 1795 1331 1866 Neque

98 1879 142 1929 res,
159 1871 188 1915 ut
205 1860 301 1914 mirari
319 1862 412 1914 subeat
429 1863 500 1914 unde
517 1861 545 1914 in
563 1861 692 1916 editiones
726 1860 792 1913 iud
820 1862 891 1930 quod
918 1861 1051 1915 offendere
1078 1862 1134 1915 dixi
1161 1863 1190 1916 in
1221 1863 1331 1933 vulgata

100 1930 156 1982 istud
172 1929 268 1983 vitium
282 1931 440 1998 perveniunt
458 1930 601 2001 irrepserit.
727 1928 790 1983 olim
812 1928 926 1983 lectione
947 1937 1051 1983 tantum
1076 1937 1131 1998 est,
1158 1940 1189 1984 ut
1215 1933 1249 1984 ad
1271 1948 1331 1985 eam

127 2008 237 2067 correpta
256 2007 282 2051 et
302 2000 434 2066 convulsa]
457 1997 541 2052 Recte
559 1999 595 2052 sic
612 1999 693 2069 vulgo
728 1999 954 2051 condemnandam
979 1999 1080 2066 valeat;
1111 1999 1182 2053 inest
1207 1999 1277 2052 enim
1302 2000 1330 2053 in

102 2067 158 2120 uiti.
175 2068 228 2122 Sed
247 2065 339 2119 nescio
358 2065 421 2136 quid
438 2066 472 2119 sit
491 2068 561 2137 quod
574 2068 691 2121 inBern.
726 2065 847 2120 eiiciendi
864 2068 945 2120 verbo
969 2066 1046 2120 simul
1063 2076 1230 2139 contemptus
1249 2084 1331 2138 quae·

104 2136 199 2189 Aleid.
218 2136 302 2189 Voss.
318 2142 342 2201 1,
361 2134 460 2188 omissis
477 2135 608 2205 prioribus
626 2138 691 2190 duo-
726 2136 788 2188 dam
810 2134 966 2205 significatio
991 2136 1026 2189 ad
1051 2136 1122 2191 hunc
1143 2137 1231 2192 locum
1247 2136 1330 2208 aptis·

105 2204 140 2256 bus
153 2203 303 2268 vocabuIiS,
323 2206 445 2256 convulso
463 2211 568 2257 tantum
584 2204 691 2275 legitur.
725 2203 798 2257 sima

106 2270 157 2325 Itan
177 2274 212 2327 sic
237 2274 323 2325 habet
344 2272 417 2324 Mod.
450 2272 538 2326 editio.
584 2273 638 2327 Sed
663 2274 691 2326 in
760 2276 782 2341 §.
809 2279 851 2325 22.
895 2282 955 2325 unte
990 2291 1047 2326 eam
1082 2276 1160 2346 diem]
1211 2274 1331 2328 Dederat

106 2338 158 2394 Flor.
174 2343 222 2395 AB
248 2341 308 2394 inte
374 2349 436 2394 sunt
453 2353 570 2412 correpto
589 2353 613 2396 et
631 2360 691 2395 coa·
724 2340 844 2395 Freinsh.
863 2358 897 2394 ex
914 2340 972 2395 Pal.
998 2349 1010 2394 1
1035 2346 1072 2396 ad
1089 2360 1144 2397 eum
1164 2346 1240 2410 diem
1258 2359 1330 2396 eam-

108 2411 169 2485 pum,
186 2410 298 2464 inFlor.
308 2358 500 2462 &11anAE
519 2421 542 2464 et
557 2413 690 2477 cananea,
726 2426 778 2480 que
795 2409 960 2490 scripturam,
976 2429 1036 2464 cum
1045 2428 1163 2465 errorum
1172 2413 1330 2466 amovendo·

108 2479 235 2550 nreliquis
255 2480 389 2530 convulsa.
724 2496 783 2532 rum
801 2495 878 2548 cupra
895 2478 984 2534 oculos
1001 2480 1175 2548 confudisset,
1197 2481 1226 2534 in
1243 2480 1331 2551 priore

132 2548 148 2614 ξ.
163 2555 200 2600 21.
237 2565 288 2599 nec
307 2556 377 2598 stare
394 2564 423 2598 er
441 2565 455 2599 ο
470 2548 602 2617 poterunt]
630 2547 691 2601 Hoc
723 2546 785 2600 edit.
810 2547 926 2614 servavi,
949 2565 1003 2602 non
1025 2559 1100 2603 recte
1116 2550 1230 2615 faciens,
1278 2549 1331 2616 uia,

108 2609 262 2669 locoverhum
310 2621 376 2666 nunt
385 2566 487 2668 codices
496 2615 581 2668 nostri
591 2633 690 2682 omnes,
725 2633 784 2668 cum
811 2618 850 2669 ud
869 2615 974 2686 legatur
997 2617 1062 2670 illud
1090 2618 1196 2688 quidem
1213 2618 1241 2671 in
1258 2567 1330 2671 lilcr.

108 2684 158 2800 quod
185 2684 213 2737 in
245 2682 328 2736 eitis
360 2683 552 2753 exemplaribus
584 2692 692 2755 praeter
724 2684 842 2737 DEFHI
865 2685 946 2738 Bern,
972 2686 1011 2752 B,
1044 2686 1072 2739 in
1106 2686 1215 2756 reliquis
1242 2693 1331 2739 tamen

130 2752 161 2805 od.
177 2753 303 2805 ultimum
320 2751 406 2804 locum
416 2754 609 2822 (postprothz)
622 2751 691 2806 obti-
725 2752 830 2805 maioris
848 2753 1013 2807 auctoritatis
1032 2754 1104 2806 libris
1113 2754 1209 2807 nostris
1219 2762 1247 2806 et
1255 2753 1330 2806 Leid.

108 2820 230 2874 netsnalr.
240 2819 318 2872 Leid.
338 2824 474 2873 ctVoss.1
495 2829 690 2888 commemorat,
726 2822 826 2874 Voss.1
847 2821 963 2891 itemque
980 2822 1008 2874 in
1026 2822 1185 2876 editionibus
1202 2821 1331 2875 vetustio-

108 2901 154 2954 quos
175 2890 259 2942 tradit
287 2888 384 2940 habere
408 2907 454 2942 nec
480 2900 551 2942 sture
567 2900 691 2959 poterunt
725 2890 798 2943 ribus
816 2897 857 2942 est
874 2900 942 2942 onte.

107 2950 148 3008 ie.
163 2958 256 3011 omisso
281 2957 411 3009 vocabulo
434 2975 512 3038 erpo,
537 2959 608 3078 quod
628 2958 692 3011 item
760 2975 833 3010 more
856 2974 954 3026 quoque
980 2976 1073 3010 nouum
1095 2959 1123 3009 in
1147 2959 1257 3026 anpb.
1281 2959 1332 3010 iter

108 3021 163 3078 deest
177 3027 203 3079 in
220 3027 297 3078 Flor.
318 3025 413 3078 CDFI.
431 3026 516 3080 Mnor
532 3026 590 3080 ilos
607 3028 691 3080 bonos
727 3027 878 3095 operuerat]
920 3024 1177 3078 Praestantissimum
1200 3026 1267 3078 hanc
1294 3026 1331 3078 le-

107 3087 167 3147 libros
183 3112 199 3147 a
215 3103 291 3148 secta
307 3111 353 3146 sua
362 3093 504 3162 discedere,
523 3095 692 3165 miroretiam
726 3094 840 3148 ctionem
864 3092 982 3146 codicum
1004 3094 1085 3147 Bern.
1103 3092 1241 3174 utriusque
1258 3093 1331 3147 Flor.

107 3155 163 3215 Voss.
179 3171 194 3216 2
212 3182 269 3217 non
293 3163 507 3229 commemorari,
535 3181 692 3234 quamquam
726 3161 882 3216 ABCEGH
900 3169 928 3214 et
946 3160 1142 3232 snakenburgii
1164 3171 1245 3216 trium
1263 3162 1331 3215 reci-

106 3241 149 3282 eun
163 3231 188 3283 in
206 3231 384 3285 collocatione
409 3233 548 3286 verborum
573 3249 633 3284 cum
651 3248 692 3285 re-
726 3247 791 3302 pere
809 3230 866 3300 quis
885 3228 1003 3296 dubitet,
1031 3248 1090 3285 cum
1112 3231 1182 3302 regis
1205 3231 1232 3284 in
1254 3247 1286 3284 ea
1303 3247 1332 3284 re

106 3291 165 3366 liquis
181 3301 272 3353 facere
291 3307 365 3369 puto.
400 3300 466 3353 Mox
490 3301 602 3358 eBern.
621 3302 647 3352 A
665 3307 693 3353 et
727 3300 840 3353 minores
866 3306 956 3378 partes
983 3299 1083 3353 fuerint
1108 3317 1187 3371 quam
1210 3300 1333 3353 fortunae

105 3360 189 3421 turn
208 3369 291 3438 longe
310 3367 478 3438 integerrimo
495 3387 573 3422 ne-
589 3371 693 3438 quidem
727 3376 755 3421 et
777 3367 889 3420 numinis
913 3366 1013 3421 divini?
1053 3367 1123 3422 Vide
1145 3370 1178 3421 de
1201 3368 1333 3422 radicibus

105 3436 189 3490 nstitui
206 3456 258 3508 pro
276 3435 350 3505 vulg.
368 3455 462 3489 nec-
477 3439 588 3506 quidem,
607 3454 693 3507 neque
726 3437 823 3490 montis
842 3435 964 3490 Climacis
981 3436 1115 3490 Phaselim
1136 3437 1206 3491 inter
1223 3444 1250 3490 et
1266 3438 1333 3491 Per-

105 3502 156 3557 enim
181 3504 369 3559 coniunctione
391 3505 420 3558 in
445 3505 600 3576 gradatione
626 3523 693 3576 opus
727 3524 788 3576 gam
811 3504 924 3558 feliciter
947 3505 1077 3576 superatis
1102 3506 1208 3560 Arrian.
1235 3521 1260 3574 1,
1291 3513 1333 3561 26.

104 3580 143 3638 est3
160 3575 193 3626 cs.
212 3575 247 3627 ad
266 3589 319 3639 111,
338 3580 378 3627 28.
726 3575 823 3627 Adhuc
840 3575 969 3627 edebatur
986 3577 1064 3640 mori,
1081 3575 1172 3629 ordine
1185 3574 1333 3628 etiamver-

128 3642 149 3693 ia
175 3645 238 3696 illos
273 3644 413 3710 angustius
445 3644 519 3696 eiecti
552 3644 691 3710 exercitus]
727 3645 821 3697 borum
855 3641 963 3712 paulum
997 3643 1145 3698 immutato.
1190 3643 1258 3713 (Sed
1293 3651 1334 3696 est

104 3702 141 3760 lla
154 3711 219 3763 haec
237 3719 361 3762 veterum
378 3711 523 3764 editionum
536 3719 564 3764 ot
579 3710 693 3781 optimo·
727 3710 833 3764 hercule
852 3718 882 3763 ut
900 3711 994 3764 addam
1006 3730 1079 3765 mure
1092 3730 1135 3766 me
1143 3711 1334 3766 nominativum

103 3789 148 3829 rum
171 3779 294 3832 codicum
318 3778 403 3845 (Leid.
430 3780 506 3833 Voss.
527 3787 538 3832 1
565 3780 647 3834 Bern.
667 3781 694 3832 A
728 3798 816 3834 casum
834 3779 961 3849 accipere,
980 3798 1014 3833 ne
1033 3780 1091 3850 quis
1109 3792 1202 3835 contra
1219 3796 1274 3844 me,
1293 3778 1334 3833 uti

103 3837 157 3898 Flor.
175 3846 293 3912 ABCG)
313 3846 399 3913 lectio,
418 3866 497 3918 quam
515 3848 623 3901 ltlodius
640 3849 693 3919 pri-
727 3850 885 3914 factumest,
904 3857 1103 3917 argumentetur
1117 3847 1333 3903 consuetudinem

104 3925 147 3965 uus
168 3916 295 3968 deserens
314 3918 419 3968 contecti
436 3916 528 3969 edidit.
566 3917 635 3969 Eum
654 3933 693 3969 se·
728 3918 889 3987 sequendam
915 3933 972 3969 esse
997 3925 1024 3969 et
1050 3917 1165 3970 ablativo
1192 3932 1253 3968 casu
1279 3933 1334 3968 non

105 3981 145 4033 cuti
159 3991 222 4036 sunt
241 3983 358 4036 editores
374 3984 548 4052 recentiores,
566 4003 621 4038 non
638 3984 694 4051 sine
727 4003 816 4052 more,
835 3985 881 4038 sed
899 3987 969 4037 mori
991 4001 1048 4037 esse
1066 3984 1239 4037 scribendum.
1274 3981 1334 4036 Nec

105 4061 180 4118 unsa,
198 4053 304 4116 fateor,
322 4069 380 4104 nam
398 4055 489 4106 eiicere
507 4056 536 4106 ia
554 4055 693 4123 augustius
728 4054 798 4107 enim
815 4053 968 4106 Alexander
990 4052 1062 4105 illam
1092 4052 1162 4105 viam
1182 4067 1232 4121 per
1254 4051 1333 4103 maris

106 4110 169 4171 tabet
196 4119 298 4190 aliquid
320 4122 389 4189 quod
410 4121 542 4189 offendat,
569 4121 693 4193 quoniam
728 4123 790 4175 litus
808 4128 954 4186 straverat,
979 4123 1025 4174 scd
1043 4121 1130 4240 ipsum
1146 4135 1218 4172 mare
1236 4134 1333 4238 oppor-

106 4196 146 4237 uon
169 4187 286 4240 exeundi
319 4205 394 4241 causa
428 4191 474 4242 sed
506 4190 692 4261 progrediendi
727 4199 791 4244 tune
800 4190 924 4243 recedens
938 4188 1037 4241 itineris
1063 4189 1203 4241 acultatem
1216 4187 1249 4238 de

107 4245 192 4321 longius
217 4273 267 4309 rex
292 4257 423 4325 angustias
444 4258 562 4312 intravit.
602 4260 693 4328 Atque
729 4259 770 4313 cf.
793 4258 928 4310 Plutarch.
952 4257 979 4309 in
1003 4257 1058 4309 vita
1084 4257 1154 4326 regis
1186 4273 1207 4309 o.
1232 4259 1278 4322 17,
1305 4264 1334 4309 et

109 4331 228 4377 urserunt
259 4325 312 4377 hoc
339 4325 439 4395 antiqui
463 4327 581 4380 codicum
605 4343 692 4379 corre-
728 4327 849 4382 Curtium
876 4343 958 4377 unum
984 4326 1017 4377 dc
1040 4323 1128 4377 multis
1157 4340 1245 4377 rerum
1272 4323 1335 4376 scri·

109 4392 177 4442 deas
208 4401 237 4446 et
273 4391 433 4462 scripserunt
467 4398 539 4449 ducti
564 4397 692 4449 exercitus
727 4397 846 4468 ptoribus
855 4392 942 4462 cogita
959 4393 1005 4463 qui
1018 4393 1071 4447 illic
1083 4390 1335 4463 reprehenduntur.)

1268 4196 1333 4240 erat
1406 4212 1409 4219 ·
