2926 5174
470 300 528 400 [nn
555 321 681 373 cnsrrs
708 321 817 378 Anax.
846 324 896 391 1x,
912 321 954 370 33.
1284 303 1358 373 451

131 508 307 605 regionem
334 505 515 579 desertam
542 506 684 604 quidem
710 507 755 579 ab
781 507 915 597 mealia,
942 505 1006 580 sed
1032 507 1211 579 frumento
1239 516 1275 578 et
1300 531 1360 603 pe·

131 619 269 691 caribus
294 615 548 690 abundantem.
601 615 740 689 Placuit
770 619 800 689 is
832 620 932 691 locus
964 629 1001 692 et
1027 616 1074 691 ad
1100 642 1217 707 suam,
1250 617 1360 690 etad

98 730 277 801 emilitum
302 729 470 824 requiem.
523 727 601 801 Mos
629 738 706 801 erat
731 730 948 826 principibus
975 731 1169 803 amicorum
1187 739 1224 803 et
1244 738 1359 801 custo·

126 840 230 913 dibus
258 841 426 936 corporiS,
455 838 632 913 excubare
659 849 742 914 ante
768 842 996 937 praetorium,
1024 841 1186 938 quotiens
1207 839 1361 912 adversa

124 953 200 1049 regi
231 951 401 1024 valetudo
433 951 626 1024 incidisset.
677 949 756 1023 Hoc
793 960 871 1023 tum
902 977 1042 1049 quoque
1073 977 1173 1024 more
1205 961 1359 1038 servato,

92 1063 283 1134 anniversi
317 1062 520 1135 cubiculum
556 1063 630 1134 eius
665 1063 809 1135 intrant.
868 1061 930 1134 Ille
967 1064 1152 1152 sollicitus,
1194 1087 1239 1133 ne
1275 1060 1361 1158 quid

122 1174 207 1246 novi
248 1173 432 1263 afferrent,
480 1175 562 1270 quia
606 1174 710 1245 simul
749 1183 938 1264 venerant,
984 1183 1229 1272 percontatur,
1274 1197 1360 1244 num

122 1287 281 1359 hostium
306 1308 431 1357 recens
458 1285 684 1358 nuntiaretur
710 1283 896 1357 adventus.

91 1416 104 1464 a
224 1397 278 1469 Aa
304 1393 483 1486 Craterum
511 1397 566 1468 cui
591 1395 802 1475 mandatum
828 1405 914 1485 erat,
948 1406 990 1468 ut
1015 1397 1209 1468 amicorum
1234 1398 1410 1494 preces24

120 1508 298 1607 perferret
322 1506 369 1579 ad
396 1532 494 1596 eum,
528 1504 703 1597 Credisne,
737 1507 866 1603 inquit,
901 1506 1044 1582 adventa
1074 1507 1183 1605 acopis
1209 1509 1359 1598 1363336363,

121 1633 159 1694 at
180 1620 254 1693 iam
279 1619 316 1692 in
340 1618 427 1691 callo
453 1620 677 1707 6636366363,
711 1618 863 1693 radicitus
888 1643 973 1709 6336,
1008 1644 1109 1718 qnam
1134 1643 1217 1694 6636
1242 1619 1359 1694 salatia

91 1744 202 1822 33666,
234 1743 274 1804 63
297 1753 387 1802 nnnc
411 1742 467 1821 633,
499 1728 681 1802 33363331
736 1725 943 1811 Quantalibet
966 1729 1018 1802 air
1043 1729 1190 1804 cranium
1211 1732 1359 1832 pennam

119 1841 286 1939 canrpiret
309 1841 345 1913 in
370 1865 440 1932 3363,
472 1840 608 1939 impleat
631 1840 738 1913 omnir
762 1839 908 1938 airirpae
934 1853 1033 1914 totam
1058 1842 1176 1934 6313663,
1201 1842 1360 1916 caesum

117 1952 230 2026 maria
258 1964 456 2044 canatemaat,
493 1951 667 2025 inanitates
692 1950 804 2024 1361663
829 1951 983 2024 inducat:
1018 1964 1053 2025 tn
1083 1976 1143 2026 noa
1172 1953 1360 2052 praestabis

91 2061 266 2136 rinaietaa
321 2060 392 2138 Sed
423 2064 500 2164 qun
532 2062 668 2136 demam
699 2062 757 2135 1366
782 2061 1000 2136 Macedoniae
1026 2064 1173 2136 columen
1198 2089 1239 2138 ac
1263 2064 1359 2138 316163

118 2172 318 2248 diuturnam
333 2177 414 2276 fore
432 2172 587 2274 pedicari
607 2185 726 2271 potest,
752 2197 827 2245 6366
853 2186 921 2246 tam
943 2174 1041 2247 661316
1064 2175 1247 2276 manifestis
1267 2175 1359 2274 peri·

118 2283 199 2358 66133
232 2289 357 2387 offeras
389 2310 526 2382 corpas,
567 2283 680 2358 oblitae
711 2296 755 2356 tot
784 2283 906 2358 eiciam
938 2286 1071 2359 animoa
1103 2287 1230 2360 33613636
1262 2299 1290 2359 36
1323 2286 1359 2359 in

91 2398 259 2469 36636631
316 2393 401 2478 aaa
432 2395 521 2468 enim
553 2394 612 2467 tibi
641 2408 806 2492 superstes
837 2409 897 2469 cat
921 2408 1010 2494 optat
1035 2421 1119 2486 6336,
1151 2410 1208 2470 663
1227 2396 1360 2495 pateat?

116 2500 168 2579 Ea
193 2508 433 2607 pervenimam,
471 2506 662 2604 anapimnm
687 2517 783 2605 atque
809 2507 986 2606 imperinm
1011 2508 1114 2582 aerati
1137 2521 1239 2600 taam,
1271 2509 1359 2581 ande

91 2615 184 2690 >nat
213 2630 246 2690 te
278 2619 399 2691 3661666
430 2617 515 2691 nudi
544 2615 591 2688 661
619 2629 755 2713 penates
784 2642 862 2691 3663
893 2618 953 2690 iter
984 2631 1039 2692 633.
1095 2615 1224 2701 Quadri
1252 2619 1361 2692 6611366

118 2727 158 2800 de
174 2728 334 2802 Persidis
359 2752 463 2827 repno,
486 2751 562 2802 enm
573 2727 690 2802 Dareo
716 2727 903 2816 dimicares,
929 2729 989 2801 eni
1012 2753 1106 2802 336366
1131 2729 1231 2816 vetet,
1251 2742 1361 2802 tamen

117 2862 156 2912 na
178 2837 358 2912 admirari
380 2839 515 2938 puidam
538 2851 656 2936 posset,
683 2852 751 2910 tam
769 2850 948 2936 promptae
974 2862 1043 2910 6336
1060 2849 1089 2909 36
1107 2837 1155 2909 ad
1179 2863 1273 2912 omne
1292 2839 1359 2912 dir-

149 3060 171 3126 5.
182 3065 209 3111 4.
248 3057 371 3128 quotiens
388 3058 502 3109 66166336
519 3058 577 3126 rapi
593 3056 723 3124 valetudo]
760 3056 884 3122 capimus.
920 3053 960 3108 cf.
978 3069 1045 3125 quaa
1067 3054 1101 3106 ad
1123 3069 1183 3106 aum
1205 3053 1291 3107 locum
1312 3071 1359 3107 au-

118 3123 160 3178 sn
176 3135 206 3179 63
222 3121 280 3179 1366
298 3125 442 3177 verborum
454 3124 616 3178 ordinemus.
625 3139 724 3188 omnes,
759 3121 915 3175 notavimus.

118 3193 179 3248 aditi
234 3196 303 3247 oties
321 3195 379 3260 rapi
391 3195 504 3246 63166336
517 3196 644 3246 valetudo.
671 3191 725 3244 Sed
793 3193 816 3258 5.
835 3198 858 3243 1.
900 3193 1042 3244 inusitatas
1069 3192 1169 3262 13613363]
1209 3192 1360 3244 invisitatae

117 3260 142 3314 in
157 3213 254 3316 miim
272 3278 337 3314 33333.
347 3262 463 3314 valitudo
477 3269 526 3314 eat.
561 3261 646 3314 Paulo
664 3267 725 3329 post
759 3259 862 3312 Vosal
881 3259 962 3312 Bem.
972 3260 1006 3313 A.

119 3339 166 3384 tam
192 3344 299 3402 quoque
321 3328 388 3381 item
408 3346 468 3382 33333.
486 3329 568 3383 nostri
592 3337 620 3381 et
642 3327 722 3381 Snak.
793 3331 817 3393 s.
827 3332 851 3380 8.
886 3328 1107 3398 6163636636]
1142 3327 1252 3382 Inversa
1269 3328 1361 3382 ordina

118 3415 212 3466 annea,
233 3413 307 3469 quae
320 3397 403 3449 verba
415 3397 495 3468 vulgo
509 3399 578 3450 male
593 3396 723 3449 disiuncta
758 3413 851 3464 carpat
869 3399 968 3465 offeror
986 3396 1145 3450 deteriorum
1169 3396 1295 3450 librorum
1312 3415 1361 3450 no-

117 3465 149 3521 aic
165 3468 314 3538 leguntur:
332 3466 380 3524 1366
398 3475 450 3517 tam
466 3483 537 3519 more
555 3481 662 3536 qaoque.
757 3470 870 3517 atrorum
888 3463 989 3588 duplex
1005 3464 1225 3519 ordoFlor.DFI
1243 3465 1301 3534 (ubi
1315 3466 1360 3518 de·

146 3535 270 3606 Capu,
291 3537 352 3600 §.a
379 3535 502 3587 3611361363
521 3536 587 3604 6336]
624 3532 722 3586 Subin-
757 3540 798 3585 633
816 3531 854 3602 G)
873 3541 902 3586 et
944 3533 996 3586 ΕΗ
1012 3534 1093 3587 Bam.
1111 3533 1134 3585 B
1153 3533 1230 3586 Vasa.
1248 3538 1273 3586 2.

115 3603 166 3656 tolli
185 3623 204 3658 o
227 3607 293 3670 1363,
321 3618 379 3654 nou
395 3619 451 3654 3363.
486 3601 540 3655 sed
556 3601 638 3671 vulgo
656 3601 722 3653 haec
790 3604 813 3669 5.
833 3607 874 3654 10.
912 3603 1012 3664 Quadri
1037 3605 1122 3656 6611366
1147 3632 1182 3643 -
1209 3604 1359 3669 dimicares]

115 3669 147 3726 ita
162 3622 306 3744 figuntur,
332 3669 409 3721 utin
425 3669 478 3723 fluo
495 3670 541 3723 sit:
563 3688 641 3739 qnam
659 3686 723 3722 6636
757 3669 895 3722 Edidimus
913 3687 948 3724 ex
964 3689 1026 3725 33333.
1035 3669 1133 3724 nostris
1147 3678 1175 3723 63
1184 3670 1265 3724 Snak.
1276 3669 1360 3723 omni-

115 3744 201 3795 aalatr'a
219 3751 301 3805 33366,
319 3746 350 3790 at
366 3755 434 3790 nanc
451 3749 503 3803 633,
522 3740 567 3791 tibi
583 3739 657 3804 vitia,
675 3755 723 3790 nor
757 3738 807 3791 bus
821 3741 923 3809 quodsi,
943 3741 977 3792 ad
991 3739 1138 3793 orationem
1151 3738 1361 3807 coniungendam

114 3824 163 3863 6336
188 3808 335 3864 sollicitor.
370 3804 428 3858 Noa
454 3805 593 3877 sequimur*
611 3823 671 3858 33333.
694 3813 723 3858 63
756 3805 836 3876 longa
853 3807 951 3876 aptius,
969 3826 1048 3877 quam
1064 3808 1138 3878 quod
1155 3805 1360 3877 hucusqueede-

114 3886 214 3933 aaaron
234 3884 267 3929 63
286 3872 424 3928 snakenb.
443 3890 543 3940 63333363,
569 3873 646 3944 pauci
662 3881 723 3926 tan-
757 3875 837 3928 batur
854 3877 900 3943 qui
917 3878 942 3928 si
959 3880 1053 3930 661366.
1084 3873 1242 3928 Germanica
1258 3879 1359 3926 3633633

113 3950 178 4014 tam,
206 3945 287 4000 Flor.
335 3939 424 3994 uidem
441 3941 498 4009 DI,
525 3945 648 3995 sollicitos
674 3959 722 3994 naa
757 3942 781 4013 ia
799 3959 876 3999 mena.

112 4029 176 4082 6336,
205 4013 259 4067 sed
282 3959 381 4063 eodem
402 4017 457 4062 tam
514 4009 573 4063 laco
595 4027 648 4079 quo
674 4027 722 4062 noa
791 4029 823 4064 ne
842 4012 971 4064 admirari
986 4012 1087 4080 quidem
1099 4010 1203 4078 posset]
1226 4007 1360 4062 Mirabcre
1401 4065 1404 4071 ,

112 4083 245 4137 exhibent.
285 4078 433 4131 Praeterea
517 4088 579 4131 663
596 4095 665 4130 336336
684 4088 723 4130 633
756 4077 784 4130 36
811 4079 932 4133 omnibus
960 4078 1055 4132 nostris
1082 4075 1163 4129 etiam
1185 4075 1292 4146 optimis
1314 4094 1360 4130 nee

112 4149 300 4222 coniungenda
319 4153 391 4210 sunt,
409 4153 439 4198 ut
457 4163 537 4216 supra
553 4145 599 4198 lib.
609 4160 637 4211 ν,
656 4163 678 4198 6.
689 4151 721 4198 18
756 4146 807 4199 lc'
834 4146 906 4200 cuias
920 4143 1112 4200 coniunctionis
1125 4145 1175 4198 hoc
1183 4143 1287 4214 quidem
1302 4144 1360 4198 loco

111 4217 133 4270 Ia'
150 4223 197 4291 qm'
222 4218 309 4272 mado
333 4214 412 4265 etiam
433 4217 470 4267 od
490 4231 563 4284 apem
581 4217 723 4283 petendam
756 4165 828 4268 ὥ
846 4232 951 4286 prorsus
969 4213 1112 4267 excusandi
1125 4212 1192 4265 ratio
1208 4220 1259 4278 est,
1278 4211 1359 4266 Snak.

110 4302 136 4339 63
152 4287 275 4342 tenebris
296 4291 322 4334 et
341 4298 444 4334 6636636
457 4286 601 4351 proaedere
618 4284 722 4334 6361361-
756 4280 784 4335 133
801 4301 853 4337 uno
870 4282 945 4335 Leid.
963 4301 1010 4335 auo
1029 4287 1107 4334 natat
1124 4296 1181 4333 6336
1198 4297 1258 4346 3366,
1286 4281 1360 4360 quasi

108 4368 167 4423 3363,
186 4358 372 4414 arnuncort,
390 4365 438 4417 rap
458 4352 517 4404 licia
530 4360 622 4403 nostra
637 4360 722 4403 oeten·
756 4349 783 4402 iu
793 4350 928 4405 Vossiania
945 4368 978 4402 ne
994 4350 1132 4402 inventum
1149 4364 1206 4401 6336
1219 4346 1360 4403 verisimile

108 4432 157 4479 3636
177 4421 325 4479 Graeciae
344 4416 412 4470 66163
434 4368 529 4472 dictam
547 4422 721 4487 spectaculum
756 4418 799 4472 ait.
834 4419 997 4472 Nostrorum
1014 4434 1080 4470 unua
1098 4416 1168 4470 Flor.
1185 4415 1211 4470 G
1228 4418 1310 4470 habet
1327 4435 1360 4472 ne
