2926 5174
88 269 186 357 ,264
598 288 632 351 o.
656 288 780 340 cuaru
803 287 888 340 auru

112 473 229 548 diceas
257 483 294 546 et
318 471 533 547 Leonnatus.
586 471 657 546 Per
681 474 748 547 hos
774 473 994 570 imperatum,
1020 483 1063 547 ut
1089 473 1153 571 qui
1178 471 1225 546 ad
1250 498 1333 571 prae·

112 588 243 659 torium
270 584 512 678 excubabant,
544 587 672 659 armati
702 586 900 684 vigilarent
951 584 1027 657 Iam
1052 583 1103 656 ad
1128 609 1253 658 omnes
1276 583 1335 656 adi-
1348 603 1369 652 n

112 707 170 770 tus
206 696 369 794 dispositi
400 706 504 770 erant
538 697 693 793 equites,
728 697 856 769 itinera
888 720 1027 792 quoque
1062 695 1232 770 obsidere
1255 695 1336 785 iussi,

112 833 157 881 ne
184 808 262 905 quis
299 809 346 882 ad
371 806 661 899 Parmenionem,
694 809 754 906 qui
787 817 865 880 tum
889 805 1027 909 Mediae
1054 807 1269 905 magnisque
1292 831 1336 878 co·

112 920 178 1019 piis
205 929 380 1019 praeerat,
407 919 567 993 occultus
594 918 773 994 evaderet.
811 918 997 992 Atharrias
1025 927 1151 991 autem
1177 944 1259 992 eum
1282 929 1337 992 tre·
1350 937 1370 984 u

114 1031 226 1103 centis
252 1031 397 1103 armatis
423 1031 622 1104 intraverat
646 1032 795 1129 regiam:
821 1030 903 1103 huic
930 1029 1052 1102 decem
1081 1031 1257 1104 satellites
1280 1040 1337 1103 tra·

114 1140 263 1233 duntur,
300 1167 451 1239 quorum
482 1143 641 1240 singulos
678 1142 760 1217 deni
797 1140 960 1239 armigeri
996 1142 1254 1237 sequebantur.
1301 1139 1370 1213 Hitt

113 1252 161 1326 ad
187 1254 274 1326 alios
301 1253 504 1327 coniuratos
517 1251 869 1351 comprehendendos
887 1251 1067 1324 distributi
1094 1263 1202 1326 sunt:
1227 1252 1339 1326 Ather-

114 1364 203 1456 1ias‚
244 1390 325 1437 oum
364 1366 533 1438 trecentis
569 1365 616 1438 ad
641 1363 821 1438 Philotam
851 1365 988 1454 misam,
1021 1364 1191 1438 clausum
1223 1364 1340 1438 aditum

116 1476 243 1549 domus
290 1475 519 1566 moliebatur,
566 1477 822 1575 quinquaginta
865 1476 1034 1548 iuvenum
1078 1475 1339 1574 promptissimis

114 1589 283 1686 stipatus;
315 1611 400 1661 nam
426 1597 563 1662 ceteros
590 1589 732 1686 cingere
757 1587 913 1684 undique
938 1585 1087 1659 domum
1113 1587 1283 1676 iusserat,
1305 1610 1338 1658 ne

116 1700 255 1772 occulto
291 1697 391 1771 aditu
416 1697 577 1773 Philotas
608 1710 732 1797 posset
763 1699 864 1773 elabi.
917 1697 1029 1787 Illum,
1057 1698 1138 1771 sive
1168 1699 1367 1773 securitates

115 1810 233 1902 anirni,
247 1810 323 1887 sive
336 1810 544 1909 fatigatione
569 1813 776 1903 resolutum,
799 1835 943 1884 somnus
970 1821 1228 1906 oppresserat3
1253 1832 1338 1907 quem

115 1922 303 1997 Atharrias
338 1933 542 2020 torpentem
583 1921 700 1995 adhue
735 1932 894 2019 occupat
959 1919 1125 1993 Tandem
1163 1923 1198 1994 ei
1233 1934 1368 2018 soporat

117 2033 277 2107 discusso
310 2059 392 2107 cum
424 2034 652 2108 iniicerentur
687 2043 849 2124 catenae,
884 2031 988 2121 Vicit,
1014 2032 1153 2128 inquit,
1189 2033 1338 2109 tamea

119 2159 220 2237 tucos,
245 2145 538 2238 reminiscebatur
562 2171 710 2220 auorum
736 2145 903 2220 acerhtas.
942 2141 1016 2217 Nec
1042 2144 1153 2241 plura
1179 2146 1338 2219 elocutum

119 2257 235 2354 capite
262 2257 381 2329 velato
407 2257 444 2328 in
470 2259 605 2355 regiam
630 2256 821 2330 adducunt.

119 2422 211 2476 summi
224 2421 352 2493 praefecti
370 2422 445 2492 quasi
456 2424 602 2503 praetorio,
620 2431 721 2494 septem
753 2423 1070 2492 missetitiaereqaoque)
1089 2421 1252 2478 inconcinne
1267 2420 1340 2477 omisso

118 2507 243 2558 numero,
270 2492 303 2545 de
339 2491 414 2543 uibus
436 2492 497 2544 vide
517 2493 660 2546 Arrianum
680 2507 720 2561 vr,
754 2493 837 2546 verbo
854 2501 928 2546 eram
944 2498 972 2544 et
989 2489 1095 2544 invecto
1114 2509 1188 2547 novo
1209 2492 1276 2547 inter
1289 2489 1340 2543 stili·

120 2566 161 2614 28.
195 2561 239 2612 Ab
260 2559 300 2612 his
320 2509 419 2612 diversi
442 2560 487 2632 qui
510 2564 652 2616 amicorum
675 2579 721 2615 no·
757 2571 794 2614 tes
812 2571 841 2614 et
858 2561 953 2632 equites
972 2557 1133 2613 discrimine.

119 2627 189 2681 mine
206 2627 382 2698 appellantur,
400 2636 462 2681 sunt
479 2628 575 2700 reliqui
589 2630 722 2702 copiarum
792 2635 814 2696 ξ.
826 2636 866 2683 19.
883 2630 942 2682 huic
960 2630 1044 2680 decem
1062 2631 1196 2683 satellites
1215 2629 1273 2700 cet]
1288 2626 1342 2680 ma

119 2698 198 2751 duoes
216 2698 260 2768 qui
283 2715 336 2751 uon
361 2705 437 2750 erant
459 2698 574 2768 corporis
592 2701 722 2766 custodes,
758 2697 862 2768 singula
879 2695 1000 2751 describit
1013 2695 1126 2750 Curtius
1145 2716 1201 2752 nou
1219 2698 1343 2772 mirumst

120 2766 246 2820 Craterus
269 2774 297 2819 et
320 2765 424 2820 Coenus
451 2766 558 2836 singulis
575 2767 723 2838 legionibus
758 2766 857 2820 eumin
868 2764 974 2820 Graecis
990 2763 1143 2818 nominibus
1161 2763 1343 2838 interpretandis

120 2833 243 2904 (τάξεσι)
260 2835 380 2905 peditum
397 2835 639 2902 Macedonicorum,
662 2843 723 2890 τῶν
758 2835 863 2905 lapsum
879 2851 942 2888 esse.
959 2833 1119 2887 Necdecem
1128 2835 1258 2889 satellites
1266 2833 1343 2887 Anu·

121 2907 304 2976 πεζεταίρων,
323 2903 446 2974 praefecti
464 2903 537 2973 (vide
553 2920 593 2972 ιν,
613 2912 645 2959 50
664 2923 723 2959 cum
758 2903 814 2956 riae
836 2905 881 2969 (de
898 2902 1026 2973 scriptura
1043 2901 1161 2957 nominis
1189 2905 1222 2958 cf.
1240 2919 1311 2974 suprs
1323 2914 1344 2962 v,

121 2972 216 3039 notis);
251 2972 297 3026 Eri
336 2971 374 3024 ‘us
400 2973 533 3053 equitibus
556 2974 723 3027 mercenariis
760 2976 789 3041 t)
808 2989 870 3025 vere
886 2977 996 3042 possunt
1012 2986 1069 3023 esse
1086 2972 1195 3040 traditi,
1213 2965 1345 3053 quippequi

120 3045 250 3113 praeerat.
314 3041 450 3111 ephaestro
472 3059 551 3112 quam
576 3043 722 3113 praefectu-
758 3042 794 3093 ad
812 3041 863 3094 alia
879 3039 986 3110 negotia
1002 3040 1177 3109 exequenda,
1196 3041 1261 3096 alios
1277 3054 1346 3094 couu·

121 3128 178 3164 ram
195 3119 252 3163 tum
269 3110 391 3164 habuerit
409 3109 554 3180 ignoratur,
573 3127 605 3163 ac
618 3111 723 3166 videtur
758 3116 832 3163 ratos
858 3108 1117 3179 comprehendendos
1136 3109 1239 3164 dimissi
1261 3107 1346 3162 fuerim

122 3179 222 3232 nullum
252 3186 353 3232 certum
382 3179 469 3232 locum
494 3178 615 3232 habuisse
640 3179 668 3232 in
693 3197 723 3234 re
759 3176 856 3248 Itaque
873 3177 917 3231 ille
934 3184 1037 3230 tantum
1059 3193 1193 3232 summam
1217 3177 1256 3233 rei
1277 3191 1348 3230 cursu

122 3245 230 3300 militari
256 3246 377 3317 quidem,
409 3247 533 3317 quoniam
549 3247 628 3314 ,nihil
654 3249 726 3301 aliud
761 3246 867 3299 videtur
891 3245 1010 3299 habuisse
1035 3246 1186 3317 ceterisque
1219 3244 1348 3318 praefuisse

122 3313 172 3368 nisi
189 3313 286 3368 amicus
295 3315 364 3380 regis
374 3315 533 3387 appellatur:
551 3333 615 3369 mox
623 3317 724 3382 habuit,
762 3313 859 3395 Neque
882 3314 945 3386 quid
969 3312 1074 3367 intersit
1099 3314 1173 3369 inter
1199 3314 1349 3370 satelliteset

122 3391 151 3434 et
173 3382 382 3453 σωματοφύλαξ
408 3393 436 3438 et
460 3383 579 3454 equitum
601 3384 727 3438 Macedo·
763 3400 905 3452 armigeros
938 3383 965 3436 in
994 3389 1121 3453 promptu
1139 3392 1192 3438 cst
1227 3381 1349 3457 Appellare

123 3449 240 3503 nieorum
262 3454 333 3518 (τῶν
351 3453 472 3522 ἑταίρων
498 3449 621 3519 ἱππέων)
670 3470 727 3507 rae-
762 3459 877 3522 utroque
899 3451 1003 3505 nomine
1025 3449 1138 3506 Curtius
1160 3452 1231 3507 solet
1254 3469 1295 3507 eos
1316 3465 1350 3520 qu

122 3519 206 3598 lectus
223 3536 275 3571 una
293 3536 352 3574 cum
370 3520 441 3576 clito
458 3520 486 3574 in
506 3520 594 3574 locum
603 3473 727 3576 Philotae
764 3517 867 3574 Graece
884 3528 946 3574 sunt
963 3519 1152 3583 ὑπασπισταὶ,
1180 3539 1247 3593 quos
1263 3519 1350 3575 eosdm

122 3593 268 3641 mensurus.
763 3589 799 3641 ad
816 3589 977 3660 praetorium
998 3588 1145 3642 excubasse
1162 3589 1299 3645 verisimile
1312 3591 1350 3640 est

158 3658 196 3708 ad
206 3658 379 3728 praetorium]
417 3656 500 3712 Oodd.
519 3658 604 3712 nostri
620 3668 727 3729 praeter
762 3656 817 3711 Sed
839 3658 943 3728 siquid
964 3656 1152 3724 divinandum,
1179 3659 1300 3712 videntem
1317 3671 1350 3709 se·

121 3725 146 3782 F
146 3725 195 3778 lor.
214 3723 240 3777 G
256 3725 382 3779 omittunt
403 3729 454 3793 ud,
480 3742 531 3779 nec
555 3726 726 3781 Snekenbur-
761 3729 855 3781 tellites
872 3726 951 3780 luisse
967 3725 1005 3778 illi
1021 3722 1168 3791 βασιλικοὶ
1185 3725 1350 3780 suasmet

122 3794 195 3867 glani
212 3794 311 3848 habent
327 3794 376 3848 nisi
393 3795 463 3848 sorte
481 3795 559 3849 Voss.
578 3802 590 3848 1
611 3795 657 3866 qui
673 3814 727 3850 non
761 3794 807 3864 qui
830 3796 864 3848 ab
886 3794 999 3847 Arriano
1024 3808 1057 3858 v,
1084 3799 1132 3861 le,
1160 3803 1178 3849 4
1201 3794 1351 3867 appellantur

122 3871 350 3921 commemoratam.
393 3863 463 3916 Edd.
492 3871 559 3916 vett.
585 3881 667 3934 usque
693 3865 727 3918 ad
761 3881 841 3934 supra
857 3880 951 3934 agema
967 3867 1026 3914 τῶν
1043 3861 1246 3928 ὑπασπιστῶν,
1255 3871 1350 3928 utum

123 3931 245 3987 Medium
267 3933 341 3985 taeta
369 3931 567 3985 substituerunt.
611 3932 666 3986 Sed
691 3935 728 3986 ad
761 3948 854 4001 agema
874 3948 910 3984 ex
935 3930 1035 4010 aliquot
1051 3929 1160 3984 milibus
1179 3932 1351 4003 armigerorum

123 3999 207 4070 magis
224 4016 259 4053 ex
275 4018 325 4053 usu
341 3999 481 4080 scriptoris.
761 3999 926 4066 constiterit,
948 4015 1030 4070 pruna
1051 3999 1150 4053 cohors
1168 3997 1351 4073 probatissimo:

158 4067 241 4136 §.182
277 4070 318 4122 dis
352 4069 397 4122 sits
415 4078 490 4122 erant
507 4070 613 4137 equites,
631 4071 726 4123 itinera
760 4087 820 4122 rum
836 4068 948 4122 militum
959 4064 1101 4135 βασιλικοὶ
1114 4065 1291 4123 inconcessi
1300 4064 1350 4119 dia

124 4139 234 4259 qaoque]
253 4135 298 4190 Sic
326 4135 375 4190 'bri
392 4136 591 4219 Ltffd·.V⁰⁸⁸;·.1
611 4137 727 4219 Bernh
760 4136 859 4191 suerint
876 4137 930 4191 sive
947 4154 997 4218 pro
1015 4134 1061 4214 rie
1069 4137 1210 4193 satellites.
1254 4206 1270 4220 ..

125 4204 325 4342 istite
332 4209 726 4354 renitentium
760 4201 1350 4355 ..transsumentem

126 4341 198 4421 quod
226 4340 307 4410 vulgo
341 4343 429 4422 editur
463 4344 582 4420 disposita
620 4344 743 4410 insistes,
794 4345 869 4410 §.22
886 4345 1050 4422 inimicorum
1058 4336 1348 4422 meorum-elocatum]

126 4418 223 4480 equites
241 4427 339 4481 quoque
355 4412 452 4464 ttinere
470 4409 724 4478 (cum1nAld.Iun.
758 4411 879 4466 Meoram
898 4411 988 4466 addidi
997 4408 1112 4464 exFlor.
1120 4409 1176 4466 AG
1198 4410 1272 4466 Led.
1286 4407 1349 4463 vos
