2926 5174
424 322 473 374 uu
499 321 625 374 onsrrs
651 322 759 375 anax.
786 325 823 393 x,
849 322 890 370 ra.
1197 306 1269 377 517

44 509 225 607 expletura
255 530 294 578 se
327 505 500 602 sanguine
526 509 681 599 illorum,
716 509 776 605 qui
809 507 1065 581 affectaverant
1101 509 1188 581 nihil
1225 508 1272 582 ad

12 621 140 719 eipsos
168 619 348 718 pertinens
374 641 534 715 regnum.
586 618 627 690 In
654 618 779 692 eadem
806 618 913 690 domo
939 618 1139 715 familiaque
1165 620 1272 716 impe-

42 731 83 802 rii
111 732 201 803 vires
226 753 454 802 remansuras
473 753 551 802 esse
569 729 790 828 gaudebant·;
818 722 1071 802 bereditarium
1087 729 1273 826 imperium

41 842 187 939 stirpem
216 840 351 937 regiam
377 838 658 930 vindicaturam
701 852 862 914 assuetos
890 865 967 913 esse
999 865 1129 913 nomen
1154 839 1273 937 ipsum

44 954 159 1027 colere
184 950 434 1046 venerarique,
473 975 540 1023 nec
567 977 780 1049 quemquam
813 951 851 1024 id
884 975 1028 1048 capere,
1067 951 1136 1023 nisi
1175 952 1271 1049 geni·

41 1072 118 1135 tum
152 1072 192 1134 ut
214 1070 390 1158 regnaret.
578 1058 580 1063 ’

11 1190 29 1239 s
144 1171 253 1268 Igitur
284 1170 457 1244 Perdicca
489 1173 650 1263 territus,
684 1174 871 1263 conclave,
902 1173 940 1245 in
972 1198 1042 1269 quo
1074 1170 1323 1245 Alexandri24

42 1307 168 1381 corpus
193 1282 349 1371 iacebat,
383 1281 542 1355 obserari
572 1284 681 1357 iubet.
734 1281 901 1356 Sexcenti
933 1308 1015 1355 cum
1045 1284 1124 1380 ipso
1159 1292 1271 1372 erant,

26 1403 220 1493 ,spectatae
237 1393 397 1464 virtutis:
423 1391 648 1466 Ptolemaeus
664 1419 805 1491 quoque
832 1420 870 1467 se
889 1394 1102 1466 adiunxerat
1121 1394 1162 1483 ei,
1189 1419 1272 1492 pue·

11 1523 229 1600 urorumque
254 1504 353 1600 regia
379 1503 516 1575 cohors.
558 1501 724 1576 Ceterum
745 1504 842 1577 haud
868 1504 1056 1577 difficulter
1082 1529 1103 1576 a
1128 1514 1184 1578 tot
1208 1505 1271 1576 rni-

42 1615 133 1689 libus
170 1625 387 1688 armatorum
420 1614 575 1685 claustra
606 1616 784 1711 perfracta
815 1626 907 1689 sunt.
960 1613 1008 1687 Et
1033 1640 1099 1688 rex
1131 1642 1271 1713 quoque

40 1725 215 1822 irruperat
240 1727 392 1822 stipatus
420 1725 613 1797 satellitum
639 1727 760 1817 turba,
793 1752 944 1823 quorum
975 1726 1139 1825 princeps
1165 1726 1271 1801 Mele-

11 1852 135 1934 aager.
188 1835 376 1932 Iratusque
402 1833 573 1908 Perdicca
598 1835 681 1925 hos,
708 1837 768 1932 qui
793 1834 991 1909 Alexandri
1023 1861 1153 1935 corpus
1179 1839 1271 1911 tueri

40 1946 188 2037 vellent,
224 1955 386 2019 sevocat:
422 1944 486 2018 sed
513 1945 573 2041 qui
597 1946 800 2043 irruperant
825 1947 962 2018 eminus
994 1947 1066 2018 tela
1091 1948 1127 2019 in
1153 1948 1271 2045 ipsum

39 2055 223 2130 iaciebant.
280 2055 472 2152 Multisque
504 2056 715 2157 vulneratis,
748 2055 894 2129 tandem
925 2057 1082 2130 seniores
1117 2056 1271 2155 demptis

39 2168 158 2263 galeis,
187 2192 257 2263 quo
282 2167 419 2240 facilius
443 2166 542 2239 nosci
568 2180 725 2264 possent,
752 2167 889 2264 precari
915 2168 975 2263 qui
1001 2191 1083 2239 cum
1099 2168 1270 2242 Perdicca

40 2287 141 2350 erant
169 2301 333 2375 coepere,
360 2287 402 2350 ut
427 2277 641 2349 absisterent
667 2278 770 2368 bell0,
796 2279 942 2376 regique
968 2287 1004 2351 et
1029 2280 1190 2376 pluribus
1217 2305 1271 2352 ce-

10 2385 176 2463 rderent.
235 2389 377 2461 Primus
408 2386 578 2461 Perdicca
609 2412 709 2460 arma
744 2387 923 2486 deposuit;
967 2390 1146 2486 ceterique
1177 2389 1273 2464 idem

37 2498 163 2571 fecere.
216 2497 395 2597 Meleagro
423 2496 550 2570 deinde
577 2498 831 2588 suadentque
858 2525 880 2572 a
906 2524 1054 2598 corpore
1074 2500 1272 2574 Alexandri

36 2607 273 2701 discederent,
299 2609 434 2683 insidiis
460 2608 578 2683 locum
604 2609 725 2705 quaeri
750 2610 829 2700 rati,
856 2609 998 2682 diversa
1024 2611 1143 2708 regiae
1169 2623 1272 2709 parte

10 2719 83 2793 >ad
109 2720 321 2819 Euphraten
347 2723 470 2818 fugam
494 2718 694 2793 intendunt.
746 2716 946 2815 Equitatus,
972 2722 1032 2817 qui
1059 2746 1105 2793 ex
1130 2723 1272 2795 nobilis·

34 2831 133 2904 simis
153 2833 324 2905 iuvenum
344 2830 542 2920 constabat,
568 2828 774 2901 Perdiccam
800 2839 837 2900 et
853 2829 1075 2903 Leonnatum
1102 2831 1269 2927 frequens

32 2942 269 3038 sequebatur;
295 2941 529 3039 placebatque
556 2938 730 3014 excedere
755 2939 853 3030 urbe,
881 2950 917 3012 et
943 2939 1090 3013 tendere
1116 2942 1153 3013 in
1180 2967 1271 3014 cam·
1369 2998 1371 3002 -

9 3052 96 3150 pis.
153 3049 229 3125 Sed
254 3051 424 3125 Perdicca
448 3077 494 3125 ne
520 3049 658 3149 pedites
691 3047 833 3146 quidem
859 3062 1044 3124 secuturos
1069 3051 1187 3148 ipsum
1213 3052 1271 3125 de·

30 3163 222 3259 sperabat:
254 3162 373 3260 itaque
405 3188 451 3236 ne
477 3159 689 3233 abducendo
721 3160 857 3256 equites
884 3162 1069 3260 abrupisse
1102 3187 1125 3236 a
1150 3173 1270 3236 cetero

30 3272 198 3345 exercitu
225 3271 423 3364 videretur,
449 3273 487 3346 in
513 3272 601 3345 urbe
628 3270 799 3344 subsistit.

61 3529 131 3601 Cap.
153 3535 200 3596 24,
219 3533 243 3595 s.
256 3536 296 3584 ta.
323 3532 440 3586 obserari
457 3533 535 3599 iubet]
562 3529 637 3583 Editi
671 3547 753 3583 unum
769 3547 873 3602 omnes,
891 3530 957 3586 editi
974 3538 1081 3605 praeter
1096 3534 1172 3589 Mod.
1190 3535 1271 3590 absd-

27 3599 186 3664 asservari,
212 3598 302 3669 scripti
319 3601 465 3668 observari,
492 3607 645 3679 utrumque*
669 3609 766 3652 nerem.

25 3683 122 3738 parum
140 3664 249 3719 Latine.
288 3667 382 3738 Itaque
399 3667 523 3722 Palmerii
549 3683 635 3721 come·
704 3670 727 3735 ξ.
745 3674 787 3722 20.
821 3671 924 3722 tendere
946 3671 974 3721 ia
1000 3672 1111 3738 campis]
1151 3669 1196 3723 Sic
1213 3670 1271 3740 ple-

25 3743 146 3816 ctnram²
178 3750 257 3804 quam
278 3733 342 3787 item
364 3736 468 3790 Modius
490 3743 634 3806 receperat,
669 3735 744 3805 rique
764 3750 844 3803 mss,
871 3737 999 3791 editiones
1025 3737 1081 3789 fere
1107 3740 1135 3791 in
1158 3754 1271 3806 campos,

25 3803 155 3874 probavi,
165 3801 385 3872 quoniamtpaulo
462 3807 635 3858 claustrorum
688 3805 786 3858 nodet
803 3804 939 3858 inventum
957 3813 997 3858 est
1013 3805 1042 3857 in
1059 3804 1133 3857 Leid.
1150 3805 1229 3856 Bera
1244 3803 1270 3856 A

23 3871 127 3926 mentio
147 3869 197 3936 fit,
222 3869 294 3922 nulla
310 3871 389 3925 defen
407 3872 507 3927 entium
524 3871 570 3942 qui
587 3889 635 3942 pro
669 3821 740 3925 Plor.
759 3871 820 3926 GH.
860 3873 913 3927 Sed
938 3873 1104 3942 perspicuum
1130 3879 1170 3923 est
1194 3870 1272 3950 unice

23 3939 126 3996 foribus
145 3945 262 3993 starent
294 3995 297 4005 ,
669 3957 760 3993 veram
777 3957 833 3993 esse
850 3959 910 3994 mas.
928 3940 1080 4005 lectionem,
1099 3956 1160 3992 nam
1177 3940 1211 3992 de
1226 3939 1271 3992 itr-

57 4013 82 4075 ς.
112 4014 159 4061 17.
225 4023 315 4060 uorum
334 4009 460 4077 princes
487 4009 633 4080 Melcoper]
669 4025 732 4062 nere
749 4025 936 4080 supervacuum
953 4015 996 4060 est
1012 4006 1113 4074 dicere,
1130 4014 1272 4080 postquam

21 4076 145 4130 Additur
164 4023 249 4153 rubo
268 4084 337 4143 erat,
361 4094 397 4146 qu
450 4084 479 4131 et
499 4084 590 4149 potest
606 4076 634 4129 in
669 4077 696 4130 id
714 4078 798 4132 altero
814 4079 896 4131 verbo
913 4073 1076 4146 significavit.
1271 4088 1273 4092 ’

20 4144 60 4198 his
86 4141 317 4214 explicationibus
342 4145 441 4211 omitti,
468 4153 496 4198 et
521 4146 634 4199 abesta
702 4153 724 4214 §-
742 4153 784 4199 21.
819 4148 847 4197 in
873 4145 935 4198 arbe
960 4144 1086 4209 subsistit]
1126 4142 1171 4195 Sic
1191 4159 1270 4212 prae-

19 4230 81 4266 mss.
108 4209 219 4265 nostris
264 4209 350 4263 uidem
374 4214 495 4266 omnibus
521 4221 549 4267 et
566 4212 633 4266 Sne·
668 4214 736 4267 senti
752 4222 874 4284 tempore
891 4211 1031 4265 ediderunt
1048 4216 1152 4263 veteres
1168 4228 1270 4283 nosque

19 4277 171 4349 kenburgii
188 4226 266 4328 Laid.
282 4278 393 4333 Vosat.
429 4282 490 4350 (Est
507 4281 588 4352 igitur
604 4280 632 4334 in
665 4281 831 4354 repperimus
848 4277 1185 4334 inmss.nostrisomnibus
1212 4297 1270 4334 rae·

18 4352 97 4403 Voss.
120 4354 148 4414 1,
170 4362 196 4398 ει
214 4345 320 4399 credere
339 4347 434 4417 libet.)
665 4358 709 4403 ter
725 4351 796 4404 Flor.
816 4348 862 4401 01.
902 4345 1119 4417 snakenburgius
1144 4297 1211 4400 nihl
1235 4349 1269 4402 de

51 4421 77 4485 s.
99 4421 145 4469 18.
186 4420 218 4465 ut
243 4412 393 4471 absisterent
419 4419 484 4472 bello
509 4433 571 4471 mss.
597 4417 631 4471 ad
666 4418 718 4472 suis
735 4416 823 4486 libris,
839 4416 950 4470 fortasse
967 4413 1080 4486 oblitus,
1098 4413 1210 4474 notavit.
