2926 5174
110 276 183 346 534
628 288 823 342 uersuum.

106 484 166 537 niis.
177 479 257 536 Leid.
291 478 461 552 amoenitate]
480 496 538 533 ame
557 476 615 552 (ce)
635 477 758 534 mitudine
773 475 894 533 Bern.B
907 475 933 533 F
935 475 992 533 lor.
1002 474 1115 532 EFHI
1127 475 1210 534 Voss.
1218 477 1244 550 2,
1256 497 1315 535 unoe-

107 569 255 624 niltuliuem.
278 565 303 620 F
306 564 358 619 lor.
378 563 416 619 D.

194 654 219 722 ᾗ.
233 652 280 707 10.
300 648 533 723 monstrabantur]
547 648 747 704 monstrabatur
754 648 843 706 Voss·
854 649 882 704 2.
899 649 1093 723 monumenta]
1102 651 1315 708 monimentaBem.

109 737 134 793 B
151 737 227 793 Flor.
236 735 307 793 GII.
326 736 461 809 Lyrnessi
472 744 496 790 et
509 734 610 790 Thebes
623 734 776 809 lqplionr's]
789 736 903 790 Lirnesi
917 744 942 790 et
955 736 1029 791 tebec
1045 735 1317 808 tbipontr'eBernAet

108 823 133 879 F
136 824 186 880 lor.
202 822 312 879 BDEF
315 821 340 892 I,
359 822 471 876 Lr'rneci
487 829 511 875 et
533 819 634 876 Thebes
654 819 680 874 T
678 819 803 894 ippontie
820 820 913 890 Leid.,
931 821 1053 877 Linerei
1070 829 1097 875 el
1120 821 1226 878 Thebes.
1241 825 1317 896 ripun

109 908 187 965 Flor.
207 907 242 978 C,
261 908 374 963 Lirnesi
391 914 415 960 et
438 905 569 961 Tlrebesti.
586 907 677 978 pontis
698 903 783 962 Voss.
804 908 831 977 1,
850 906 982 962 Lernissi
999 914 1025 962 et
1044 905 1147 962 cebreti
1160 910 1245 980 pontis
1258 907 1318 964 Voss.

111 995 146 1059 2,
174 995 330 1068 Lyrnersi,
356 991 491 1056 Etlrebes,
515 991 648 1064 cquforrtis
671 990 750 1050 Flor.
770 989 809 1049 G.
859 991 958 1047 Veneri
985 990 1098 1048 Cebesti
1116 995 1208 1065 pontis
1224 993 1319 1049 BemB

109 1079 134 1137 F
138 1079 187 1137 lor.
207 1080 254 1149 H,
286 1079 385 1135 Vruesi
408 1085 432 1132 et
454 1075 646 1149 Celestipontis
674 1077 717 1133 ed.
745 1095 787 1150 pr.
821 1076 944 1150 Lprneci
968 1085 995 1132 et
1017 1076 1145 1146 leberti,
1172 1097 1260 1151 specu
1272 1078 1319 1135 All

113 1164 250 1240 Lyrnesu'
268 1173 292 1220 et
313 1163 433 1218 (electis
451 1180 547 1235 specus
565 1160 696 1218 Iuniana.
731 1161 774 1220 Ut
792 1180 867 1219 nunc
884 1161 975 1236 vulgo
995 1161 1148 1219 Modiana.

137 1242 141 1249 ’
198 1248 270 1326 Cup.
294 1251 349 1318 11,
375 1248 399 1320 §.
421 1249 468 1304 11.
505 1266 574 1320 qrtoe
598 1251 677 1322 pplce
699 1248 885 1322 appellantur]
915 1249 975 1320 ple
1000 1246 1094 1304 Bern.
1112 1247 1140 1305 Β
1165 1248 1240 1306 Flor.
1255 1248 1320 1316 DEF,

112 1338 186 1411 quod
200 1339 256 1410 pile
274 1335 350 1392 Flor.
372 1334 406 1398 C,
425 1333 498 1406 quod
515 1330 627 1405 pilae'G
645 1353 664 1390 e
680 1353 723 1408 pr.
741 1353 779 1391 m.
797 1351 883 1408 supra
901 1331 1012 1407 scripto
1030 1334 1085 1392 alt.
1103 1353 1143 1391 m.
1161 1353 1236 1408 quoe.
1268 1333 1322 1402 Quot

111 1434 226 1479 notatur
243 1422 326 1478 etium
346 1439 381 1476 ex
400 1419 480 1475 Leid.
498 1418 586 1475 Voss.
608 1420 634 1475 1.

198 1507 269 1582 Cap.
292 1507 346 1575 12,
372 1506 396 1579 §.
418 1507 444 1561 1.
479 1504 634 1578 occeperat]
653 1513 811 1578 eucoeperet
832 1503 919 1560 Bern.
937 1503 970 1560 A
996 1524 1015 1561 e
1032 1523 1080 1578 pr.
1107 1524 1185 1563 men.
1204 1511 1322 1562 oorroctun

112 1593 204 1650 deleto
222 1613 246 1657 o,
265 1601 389 1665 caeperat
407 1591 492 1647 Bern.
511 1590 536 1647 B
555 1590 580 1646 F
583 1590 634 1647 lor.
655 1588 731 1660 CH,
748 1599 854 1662 ceperat
872 1589 951 1646 Flor.
971 1590 1092 1648 DEFI.

199 1681 223 1753 §.
245 1680 273 1734 2.
311 1678 444 1751 inminuit]
464 1678 585 1732 imitavit
601 1676 688 1732 Bern.
707 1675 733 1731 B
752 1675 777 1731 F
780 1676 831 1731 lor.
850 1673 936 1731 CHI.
974 1677 1073 1751 ratus]
1094 1687 1196 1751 raptus
1212 1678 1285 1734 Bem.
1297 1675 1324 1746 Α,

113 1765 162 1821 sod
180 1785 200 1838 p
218 1784 294 1821 mun.
314 1782 370 1824 rec.
388 1763 522 1818 deletum.
564 1762 697 1830 (Annoto
715 1769 748 1818 ut
770 1762 845 1818 hunc
862 1761 967 1818 librum
992 1763 1124 1820 eundem
1141 1782 1206 1821 esse
1221 1761 1325 1840 percipies

113 1851 161 1925 qui
179 1851 207 1906 in
226 1850 387 1908 collectione
406 1867 466 1908 var.
487 1847 550 1905 lect.
570 1848 699 1904 Danielis
717 1844 899 1927 appellatur.)

202 1938 226 2010 §.
247 1938 274 1993 3.
311 1935 439 2009 inpressi]
459 1937 579 2007 inpresso
597 1933 678 1990 Leid.

199 2024 225 2096 §.
246 2024 275 2079 4.
312 2021 463 2095 expirante]
505 2020 712 2076 Annotandum
739 2018 850 2076 videtur
875 2019 1029 2095 vulgarem
1056 2020 1204 2079 scribendi
1227 2021 1329 2078 rationem
1367 2018 1369 2029 '

114 2111 266 2182 exspiranti
283 2108 311 2164 h.
331 2107 351 2163 l.
380 2107 411 2162 in
429 2125 485 2162 uno
503 2105 627 2162 Flor.B
651 2122 725 2162 esse.
760 2105 832 2161 Mox
856 2107 1000 2163 solicitudo
1026 2108 1198 2182 oomplures
1216 2108 1285 2166 Flor.
1298 2103 1331 2163 sel

113 2212 166 2251 nec
184 2195 209 2251 B
228 2211 279 2250 nec
295 2193 383 2249 Beru.
402 2193 444 2249 A.
480 2192 642 2249 Eutinctum
660 2194 732 2263 (non
749 2194 832 2262 eust.)
850 2191 887 2247 ed
904 2211 997 2249 unum
1018 2213 1138 2251 omnes.

201 2281 226 2353 §.
247 2281 276 2335 8.
316 2297 415 2334 rursus
432 2279 460 2333 in
478 2278 580 2352 ipsum]
607 2297 717 2334 rursum
734 2277 820 2334 Bern.
843 2276 980 2334 BVoss.
1003 2279 1044 2350 2,
1071 2298 1176 2338 rursus
1198 2280 1259 2336 mibi
1272 2282 1333 2355 ipnn

113 2364 139 2421 F
142 2364 193 2421 lor.
211 2364 236 2420 E
256 2381 442 2420 corr.·rursus
464 2365 553 2436 ipsum
568 2364 693 2435 moer,
710 2382 806 2419 messus
816 2362 909 2419 fueret
924 2381 945 2419 e
962 2364 1065 2439 prima
1078 2385 1171 2424 menu
1188 2367 1216 2423 in
1228 2363 1335 2434 Berml,

116 2449 191 2522 qnod
209 2449 282 2504 idom
300 2449 336 2505 de
353 2448 424 2504 libro
442 2448 518 2504 Dou.
536 2458 660 2506 notetur.
695 2468 713 2505 a
731 2449 772 2523 ce]
796 2449 830 2503 ab
847 2467 875 2504 ee
893 2448 984 2512 Bern,
1005 2449 1035 2506 B
1063 2451 1149 2509 Flor.
1169 2451 1240 2511 GH.
1273 2453 1337 2507 inne·

116 2535 215 2610 mores]
234 2534 322 2591 Bern.
341 2534 372 2591 A
390 2532 468 2591 Flor.
487 2534 518 2591 H
537 2537 702 2592 inmemores.
743 2533 785 2591 Et
802 2534 874 2590 solet
896 2533 956 2591 fere
979 2535 1026 2594 sic
1045 2536 1139 2598 Beru.
1159 2540 1191 2596 A
1213 2538 1258 2613 qui
1277 2534 1338 2613 poulo

116 2628 182 2677 unte
200 2620 285 2677 etiam
303 2638 404 2678 rasura
420 2619 485 2678 fecit
503 2623 683 2679 conmilitones
701 2639 753 2695 pro
770 2639 803 2677 eo
820 2620 895 2693 quod
912 2620 970 2677 fuit
986 2626 1201 2682 commilitones.

202 2704 274 2782 Cep.
302 2708 356 2779 13,
382 2707 408 2779 §.
429 2707 458 2763 9.
501 2706 700 2781 allevabctque]
725 2705 867 2763 adlevabat
889 2705 981 2764 Bern.
1001 2709 1057 2782 A,
1084 2711 1186 2769 nullus
1210 2710 1281 2768 Flor.
1299 2705 1338 2763 ut

116 2793 276 2868 lunataque]
296 2795 405 2866 latoque
422 2792 503 2849 Leid.
524 2791 611 2849 solus.

203 2881 228 2953 §.
251 2881 299 2936 10.
335 2881 456 2951 entinqui
472 2879 513 2953 se]
533 2880 678 2935 extinctum
695 2896 753 2934 esse
770 2877 847 2935 Flor.
866 2875 902 2935 Ο.

203 2966 229 3038 §.
251 2967 300 3022 11.
336 2964 484 3039 hostilium]
503 2964 617 3020 boetium
635 2962 714 3020 Flor.
733 2963 791 3020 DE
808 2962 873 3020 Pal.
894 2963 923 3019 1.

205 3052 230 3124 §.
250 3052 299 3107 12.
335 3051 451 3124 litterae]
490 3048 539 3106 Sic
556 3049 689 3107 scribitur
704 3049 734 3105 in
756 3058 876 3123 utroque
892 3048 986 3105 Bern.
1014 3058 1047 3108 et
1066 3051 1151 3111 Flor.
1170 3050 1341 3119 EFGHLt-

117 3146 189 3193 teras
214 3136 243 3192 in
267 3136 293 3192 F
295 3137 346 3193 lor.
365 3133 458 3192 BCD.
493 3135 685 3209 nequicquam]
723 3131 772 3192 Sic
795 3134 881 3192 Bern.
900 3134 928 3191 B
962 3134 1035 3193 Pel.
1059 3139 1076 3194 1
1104 3149 1135 3196 et
1158 3140 1237 3198 Flor.
1260 3152 1342 3203 omnes,

116 3232 229 3298 praeter
246 3222 272 3278 B
291 3223 320 3278 in
343 3240 399 3294 quo
417 3230 461 3278 est
478 3222 678 3294 nequidquam,
704 3220 792 3277 Bern.
811 3220 842 3277 A
859 3221 941 3277 Leid.
963 3219 1063 3281 Voss.
1086 3226 1103 3280 1
1124 3229 1292 3301 nequiquam.

203 3311 230 3381 §.
252 3309 301 3364 13.
338 3308 410 3382 opis]
430 3306 569 3366 omittitur
586 3306 616 3362 iu
633 3306 720 3363 Bern.
740 3306 771 3363 A
801 3306 850 3364 sed
875 3306 1037 3382 suppletur
1059 3329 1080 3368 e
1096 3331 1187 3370 manu
1203 3311 1269 3383 ele,
1288 3304 1343 3384 quod

116 3392 192 3449 idem
209 3394 244 3449 de
261 3394 332 3452 libro
349 3393 428 3450 Dan.
446 3402 571 3450 notetur.

204 3480 230 3551 §.
252 3481 300 3535 14.
336 3480 483 3554 temeritas]
502 3479 588 3535 Bern.
605 3479 632 3535 B
649 3478 675 3535 F
677 3478 731 3540 lor.
749 3479 781 3536 H
797 3479 925 3535 tenellam

204 3565 229 3636 §.
249 3565 297 3621 15.
332 3565 486 3639 inerperta]
505 3564 591 3622 Bern.
608 3565 634 3621 B
653 3564 776 3623 Flor.H
793 3567 872 3622 etiam
888 3574 1022 3638 reperta.
1065 3569 1153 3645 ipsis]
1171 3571 1226 3626 utu
1241 3562 1343 3632 Flor.&

117 3652 127 3705 ι’
146 3651 173 3705 si
189 3649 269 3711 Flor.
289 3648 329 3712 G.

122 3667 146 3724 p
203 3737 230 3809 §.
252 3738 302 3798 16.
335 3739 525 3812 pronuntiari]
545 3739 716 3811 provinciam
738 3736 818 3798 Flor.
836 3735 866 3792 D
889 3741 920 3791 et
942 3754 963 3793 a
987 3757 1036 3812 pr.
1056 3759 1100 3802 m.
1125 3740 1167 3804 Ε.
1192 3739 1344 3816 [moduni

116 3823 253 3879 mendose
271 3823 411 3898 scriptura
425 3826 623 3897 pronunciari,
641 3841 714 3898 quoe
732 3831 777 3880 est
793 3824 823 3879 in
839 3820 929 3882 Rern.
947 3822 976 3879 B
997 3824 1086 3888 Flor.
1105 3826 1165 3903 Η.]

204 3906 277 3983 Cep.
299 3911 353 3977 14,
379 3910 405 3982 §.
427 3910 455 3965 1.
490 3909 603 3983 nobiles]
629 3908 726 3964 nobilis
748 3909 829 3966 Leid.
864 3908 992 3984 sunnis]
1021 3908 1077 3968 sio
1100 3912 1133 3969 in
1157 3912 1263 3970 uostris
1283 3906 1342 3966 todi

115 3993 153 4050 ed
170 4013 259 4050 uuum
278 3993 409 4051 omnibus
428 3995 575 4064 scribitur,
593 4013 651 4050 non
667 4005 806 4068 sequutus.

203 4080 229 4152 ἕ.
249 4080 279 4136 2.
316 4082 485 4155 tantamque]
510 4089 612 4136 tantam
636 4079 715 4137 Flor.
734 4080 791 4137 DE
818 4078 882 4152 (sed
898 4081 1042 4155 correct.)
1063 4083 1113 4141 1¹¹1
1128 4081 1233 4142 Paul
1258 4076 1342 4140 eludit

116 4183 178 4241 pm,
200 4173 338 4238 tamquam
362 4166 494 4223 Beruss
517 4167 543 4222 F
545 4166 596 4223 lor.
614 4163 672 4222 CH
690 4165 780 4224 Voss.
800 4167 829 4222 2.
871 4163 937 4219 Iam
955 4164 1079 4226 Aldina
1102 4171 1342 4239 duriorumque

116 4247 332 4307 Freinshemius
350 4252 452 4309 maluit
469 4262 619 4325 totamque,
643 4251 777 4308 nimirum
795 4250 869 4326 quod
891 4248 1013 4308 levatus
1032 4254 1158 4329 quidem
1174 4257 1284 4314 morbus
1303 4251 1343 4306 'nn

118 4342 203 4390 antea
221 4336 301 4392 risus
326 4348 400 4407 eret,
424 4349 484 4395 tum
511 4357 578 4394 vero
596 4338 630 4393 de
649 4338 773 4395 tollendo
800 4335 913 4413 penitus
939 4339 1105 4410 agebatur.
1143 4342 1253 4400 Verum
1272 4340 1343 4396 lem

117 4419 249 4478 morbum
266 4441 324 4479 uon
341 4422 434 4482 solum
451 4425 501 4484 ubi
517 4424 655 4484 minuitur
670 4423 782 4510 dicitur,
799 4423 849 4480 sed
864 4419 953 4478 etiem
970 4440 1045 4483 cum
1063 4427 1192 4488 tollitur.
1226 4416 1342 4491 meda]
