2926 5174
106 309 153 380 26
569 324 603 387 a.
632 323 756 376 curru
779 323 864 375 aun

103 538 211 602 mam,
244 534 340 610 quem
371 508 597 606 intenpestiva
630 506 847 598 sollicitudine
881 504 984 578 amici
1016 528 1097 578 same
1116 503 1252 601 fideles,
1286 504 1340 577 sed

104 621 234 695 mem
268 619 376 693 seduli
406 620 545 692 turbam.
584 616 667 691 Non
701 642 866 690 securum
897 613 1006 688 modo
1037 616 1127 687 haec
1153 640 1249 703 voX,
1281 615 1340 689 sed

105 732 213 804 etiam
244 731 378 803 laetum
411 753 534 825 regem
564 753 606 800 ac
637 728 783 824 plenum
817 727 935 800 bonae
961 726 1037 822 spei
1060 725 1155 799 fecit.
1209 716 1367 822 Itaque,

103 843 137 916 si
159 841 243 931 Dii,
272 841 401 937 inquit,
435 839 606 936 Pittqape,
638 839 696 910 tibi
713 837 959 937 pemmist'sseat,
986 861 1050 935 qao
1074 835 1173 910 mdo
1200 836 1340 910 mariba
1354 849 1375 896 11

104 952 201 1026 velles
227 951 379 1024 ammam
404 949 552 1048 erperiri
575 974 703 1041 amam,
729 949 795 1023 alio
814 950 964 1048 profecto
989 947 1168 1037 colubres,
1194 948 1258 1020 sed
1282 972 1341 1020 cer-

105 1062 185 1136 tiore
220 1088 322 1161 qaam
360 1073 513 1159 arpertus
545 1084 595 1149 es,
636 1084 678 1132 ae
712 1072 858 1156 optasses
895 1057 1038 1156 quidem.
1090 1056 1170 1130 Hac
1210 1057 1342 1155 epistola

104 1185 247 1270 accepta,
273 1185 382 1245 taatea
406 1171 496 1270 qaod
521 1170 668 1243 dilaceras
694 1169 776 1242 bibi:
811 1181 953 1241 etnam
978 1168 1088 1258 crede,
1113 1191 1167 1239 me
1193 1192 1264 1242 aaa
1288 1167 1341 1240 mi·

103 1310 169 1356 aas
186 1307 256 1380 pro
282 1279 442 1381 taafide,
478 1306 581 1380 quam
601 1306 768 1378 promea
794 1279 897 1352 salute
923 1277 1204 1352 essesollicitam.
1248 1275 1341 1350 Haec

103 1394 245 1467 loeutus
272 1392 438 1466 dextram
464 1390 629 1488 Philippo
656 1391 770 1463 offert.

57 1504 102 1574 16
209 1500 377 1576 Ceterum
407 1510 511 1573 tanta
543 1501 599 1572 vis
630 1499 880 1572 medicamenti
912 1497 995 1587 fuit,
1029 1507 1071 1570 ut
1102 1525 1197 1595 quae
1224 1516 1340 1573 secuta
1354 1512 1374 1561 11

103 1622 189 1686 sunt
214 1613 494 1685 criminationem
520 1611 765 1685 Parmenionis
791 1608 1001 1683 adiuverint.
1033 1607 1256 1684 Interclusus
1279 1611 1375 1709 spi-14

102 1724 193 1795 ritus
228 1733 305 1796 arte
340 1722 493 1795 meabat.
559 1720 634 1795 Nec
669 1721 853 1820 Philippus
891 1719 1080 1816 quicquam
1112 1722 1340 1819 inexpertum

103 1834 231 1907 omisit.
279 1832 343 1905 Ille
369 1835 527 1906 fomenta
554 1833 694 1930 corpori
720 1831 899 1920 admovit3
931 1829 990 1902 ille
1015 1840 1224 1928 torpentem
1251 1856 1339 1904 nunc

102 1945 189 2034 cibi,
224 1946 319 2017 nuno
344 1944 419 2015 vini
444 1944 555 2018 odore
583 1943 763 2016 excitavit.
812 1940 932 2036 Atque
965 1951 1007 2013 ut
1031 1942 1187 2039 primum
1214 1942 1338 2015 mentis
1352 1955 1373 2005 11

102 2065 305 2153 compotem
331 2079 409 2127 esse
436 2056 557 2145 sensit,
582 2053 690 2127 modo
716 2053 841 2125 matris
867 2077 1109 2148 sororumque,
1128 2051 1243 2125 modo
1268 2064 1337 2126 tan·

101 2175 160 2237 tae
192 2166 363 2237 victoriae
401 2165 718 2262 appropinquantis
752 2162 945 2235 admonere
979 2188 1053 2234 non
1088 2162 1240 2235 destitit.
1293 2161 1337 2236 Ut
1351 2178 1371 2226 11

102 2300 188 2348 vero
219 2274 519 2365 medicamentum
555 2300 593 2347 se
625 2274 768 2346 diffudit
801 2275 838 2345 in
872 2298 999 2362 venas,
1033 2283 1070 2345 et
1101 2275 1239 2377 sensim
1264 2283 1335 2346 toto

101 2410 250 2483 corpore
276 2385 466 2458 salubritas
492 2386 626 2483 percipi
658 2385 793 2482 potuit,
833 2383 987 2481 primum
1013 2384 1152 2457 animus
1179 2385 1335 2482 vigorem

95 2571 199 2638 patere]
219 2567 322 2638 Optimi
339 2585 370 2620 ac
386 2567 453 2638 pleri
471 2585 504 2620 ue
522 2568 597 2622 codd.
616 2566 701 2634 (Leid.
781 2567 836 2619 Sed
861 2569 970 2620 certiore
1000 2584 1078 2636 quam
1097 2576 1220 2636 expertus
1246 2585 1281 2634 es,
1306 2582 1333 2619 ae

101 2638 177 2691 Voss.
195 2636 275 2690 Bern.
293 2639 319 2688 A
335 2636 407 2689 Flor.
426 2585 581 2705 BdDEGI)
600 2634 701 2688 encliti-
736 2645 854 2715 optasses
876 2637 991 2705 quidem]
1028 2635 1072 2688 sie
1095 2652 1186 2689 omnes
1207 2636 1243 2688 ad
1259 2653 1333 2688 unum

101 2723 158 2759 cam
175 2723 224 2774 qae
241 2704 377 2774 ignorant,
401 2721 467 2775 quae
489 2704 517 2757 in
534 2705 594 2756 edd.
610 2704 701 2774 vulga·
736 2703 796 2756 libri
814 2703 897 2757 nostri
915 2712 943 2757 et
961 2703 1165 2773 Snakcnburgii,
1184 2705 1231 2756 sed
1245 2703 1272 2756 in
1281 2704 1332 2756 edd.

101 2774 135 2828 tis
157 2773 257 2843 legitur
279 2774 427 2841 amissoque
449 2783 524 2826 meta.
561 2772 639 2837 Quod
656 2772 702 2842 qui
735 2781 842 2842 praeter
858 2772 1011 2826 Modianam
1033 2772 1154 2825 omnibus
1175 2773 1262 2826 minus
1278 2790 1332 2827 oon-

64 2863 66 2866 ⁴
101 2842 278 2912 seripserunt,
304 2842 386 2894 verba
412 2859 457 2894 oro
475 2858 570 2910 quaeso
588 2859 619 2894 ae
643 2859 701 2894 cum
736 2840 813 2894 cinne
830 2843 964 2894 certiorem
982 2840 1087 2909 legitur.

101 2912 205 2964 dederis
230 2909 299 2962 male
325 2909 525 2964 coniunxerunt.
588 2925 619 2962 ec
639 2925 702 2962 vero
772 2911 809 2961 Et
821 2911 894 2962 'auae
912 2912 988 2962 crede
1005 2926 1044 2960 me
1053 2910 1202 2962 nonoribus
1214 2927 1266 2978 pro
1278 2908 1329 2976 cet]

101 2987 143 3032 est
164 2997 211 3032 cur
236 2980 331 3032 omisso
358 2977 444 3048 potius
471 2996 530 3032 eum
547 2976 617 3030 Flor.
635 2977 702 3032 FG
736 2979 853 3043 Iterum,
881 2979 952 3047 quod
973 2977 1081 3043 mirere,
1108 2976 1227 3030 editores
1247 2983 1327 3030 eontra

100 3065 178 3118 quam
196 3050 293 3101 amisso
302 3047 452 3100 scribamus.
472 3047 622 3099 Amittimas
632 3046 703 3099 enim
736 3048 880 3112 librorum,
907 3054 1036 3116 quantum
1062 3061 1096 3097 ex
1118 3044 1191 3099 Flor.
1213 3045 1290 3098 Bam.
1304 3049 1330 3094 et

100 3134 167 3187 quae
184 3117 319 3182 habemus,
337 3115 354 3169 i.
372 3133 394 3168 e.
412 3115 580 3186 deponimus,
598 3131 702 3168 amove·
738 3114 818 3169 Snak.
829 3131 956 3167 consensu
969 3112 1119 3166 existimare
1131 3113 1203 3180 licet,
1224 3111 1331 3167 omnium

99 3203 171 3251 mus,
203 3186 343 3237 amittimus
369 3201 437 3262 quae
462 3201 517 3236 non
543 3182 702 3252 suscipimus.
737 3182 922 3237 auctoritatem
939 3181 1071 3252 scriptoris
1089 3181 1220 3252 optimum
1238 3197 1332 3235 sensum

99 3252 166 3305 Inde
182 3252 258 3305 facile
275 3251 449 3330 intelligitur,
476 3259 505 3303 et
532 3252 649 3302 amittere
674 3259 702 3304 et
737 3259 910 3320 corruperunt
928 3250 1070 3304 scribentes
1093 3260 1116 3303 et
1133 3268 1203 3303 mam
1222 3253 1296 3303 credo
1312 3257 1331 3300 te

100 3322 215 3372 ornittere
232 3328 326 3371 metam
344 3318 395 3371 dici
412 3334 496 3388 posse.
515 3316 556 3370 cf.
565 3317 702 3371 Burmann
736 3338 788 3373 aaa
805 3321 892 3372 minas
916 3337 971 3372 esse
992 3320 1141 3371 sollicitam.
1177 3319 1254 3371 Inter
1274 3332 1330 3388 quas

99 3387 134 3439 ad
152 3385 265 3438 Phaedr.
283 3392 359 3452 1,13,
377 3392 418 3451 10,
436 3385 572 3438 Drakenb.
590 3385 624 3437 ad
640 3385 698 3442 Liv.
736 3387 878 3467 scripturas
899 3387 945 3439 vix
969 3386 1019 3439 diei
1041 3395 1131 3455 potest
1148 3394 1278 3455 quantum
1293 3403 1331 3437 ur·

98 3469 129 3519 v,
148 3459 192 3518 43,
210 3460 235 3505 4.
264 3453 357 3506 Omitte
375 3455 490 3506 timorem
507 3454 578 3523 apud
596 3451 701 3508 Cicero·
735 3454 860 3510 hamtatis
886 3463 915 3508 et
936 3455 1107 3508 humanitatis
1134 3454 1275 3509 discrimen
1296 3451 1330 3505 in·

99 3538 162 3574 nem
179 3520 207 3573 in
224 3521 325 3573 somnio
342 3520 470 3592 Scipionis
488 3524 535 3590 §.1
555 3522 589 3573 de
606 3521 701 3576 timore
735 3523 820 3578 tersit.

98 3606 191 3642 recens
212 3597 276 3642 nato
300 3588 405 3643 dicitur.
450 3589 510 3644 Hoc
532 3597 621 3643 autem
644 3591 701 3646 loco
769 3593 844 3645 Haec
862 3593 973 3661 locutas]
991 3590 1110 3644 Freinsh.
1121 3594 1258 3661 eloqautas
1267 3588 1330 3660 quod

98 3657 237 3737 Philippus
254 3656 369 3710 animum
385 3656 455 3728 regis
478 3659 577 3711 dudum
594 3659 701 3729 suspici·
735 3679 789 3713 non
811 3658 914 3712 invenio
940 3659 968 3711 in
993 3660 1052 3711 edd.
1079 3660 1213 3713 veteribus
1240 3657 1329 3712 nisiin

100 3743 150 3779 one
168 3727 255 3796 ahqua
272 3736 373 3779 motum
386 3734 472 3796 putat,
490 3743 601 3798 eamque
618 3727 701 3797 ipsam
734 3727 854 3796 margine
869 3727 1003 3780 Iunianac.
1024 3727 1135 3782 Codices
1152 3728 1260 3798 quidem
1277 3742 1328 3780 mss·

99 3795 698 3849 obcausamrexeumsuaorationeoonfirmat.
733 3798 768 3850 ad
784 3813 866 3848 unum
883 3813 973 3849 omnes
991 3799 1105 3863 locatas,
1128 3812 1162 3848 ne
1181 3796 1240 3866 quis
1258 3795 1329 3848 ettam

134 3866 157 3932 §-
178 3871 217 3917 12.
253 3881 302 3933 qao
325 3867 398 3916 modo
416 3866 528 3917 inarime
545 3867 622 3916 velles
640 3867 699 3917 aai-
734 3867 768 3917 de
784 3864 848 3916 falsa
866 3863 992 3933 scriptura
1001 3867 1120 3933 loquutus
1129 3865 1240 3934 cogitet,
1259 3878 1328 3934 quum

98 3951 166 3985 mam
185 3934 301 4002 experiri
317 3934 409 4011 meam]
445 3932 505 3986 Hoc
526 3931 618 3985 ordine
641 3949 699 3985 ver·
733 3950 862 4001 nmquam
879 3931 907 3984 in
924 3931 997 3984 libris
1014 3949 1074 3984 mss.
1092 3931 1154 3984 vidi.

98 4002 193 4054 borum
209 4001 330 4054 meliores
348 4002 461 4063 codices,
486 4001 568 4053 Bern.
586 4002 611 4052 A
628 4000 698 4053 Flor.
769 4000 834 4080 Cap.
855 4007 895 4066 16,
932 4002 955 4068 5.
980 4007 1019 4053 13.
1070 4002 1116 4054 Vis
1142 3997 1326 4066 medicamenti]

98 4067 160 4121 Bc
180 4069 253 4122 Leid.
294 4069 362 4122 Cum
383 4068 493 4138 vulgata
516 4086 565 4138 qao
588 4070 699 4121 maxime
734 4069 931 4132 Medicamim's,
942 4068 1012 4136 quod
1020 4068 1065 4119 vul
1084 4066 1326 4138 olegitur,innullo

98 4138 173 4188 modo
191 4139 306 4190 animum
324 4139 400 4190 velles
419 4136 506 4203 nullus
516 4138 573 4190 cod.
583 4153 700 4189 meorum
734 4138 791 4191 cod.
818 4154 877 4189 mss,
904 4135 975 4188 Flor.
1002 4143 1049 4187 aut
1066 4087 1147 4189 bern.
1165 4137 1280 4206 legitur,
1303 4138 1325 4210 et

99 4203 239 4270 consentit,
258 4207 304 4258 sed
321 4223 388 4258 unus
397 4204 468 4258 Flor.
479 4203 513 4271 G,
533 4204 578 4274 qui
588 4206 699 4257 maxime
733 4210 872 4276 poetarum
922 4203 974 4255 tius
992 4204 1105 4256 sermoni
1123 4205 1261 4270 convenit,
1284 4201 1324 4254 nis

97 4271 257 4341 interponit,
275 4274 356 4327 babet
373 4282 462 4326 tamen
480 4275 556 4325 velles
574 4273 699 4339 animam,
734 4274 805 4343 quod
822 4291 875 4326 uno
902 4289 949 4325 oco
967 4273 1037 4342 apud
1056 4272 1211 4326 Ciceronem
1228 4272 1268 4342 (in
1279 4268 1323 4324 Pis.

99 4347 128 4390 et
146 4340 190 4408 qui
209 4343 325 4395 animam
343 4344 419 4395 velles
438 4341 557 4394 scribunt
575 4344 699 4408 quamodo
735 4346 794 4405 cti)
814 4340 956 4392 invenitur.

97 4406 269 4479 coniungunt.
768 4412 791 4476 ᾗ.
812 4415 851 4463 16.
864 4410 979 4478 primam
996 4411 1101 4462 animas
1119 4410 1232 4478 viqorem
1248 4421 1322 4468 sam,
