2926 5174
446 296 495 347 00
523 295 649 348 essrrs
676 296 784 348 naar.
812 297 875 365 vu,
896 294 938 347 ar.
1249 252 1322 346 327

112 481 187 554 Tum
219 478 426 554 Memacenis
464 480 561 553 haud
601 480 727 552 iniuria
762 481 911 553 infestus
951 479 998 552 ad
1031 478 1250 578 Meleagrum
1289 491 1325 554 et
1369 468 1372 475 ¹

91 591 298 665 tPerdiccam
331 590 432 665 redit.
492 587 563 664 Sed
599 617 673 664 non
709 593 776 664 alia
814 591 900 665 urbs
940 592 1067 663 fortius
1102 590 1323 664 obsidionem

111 704 188 776 tulit:
222 704 349 802 quippe
376 713 412 776 et
437 703 588 778 militum
613 704 867 801 promptissimi
894 702 1066 791 cecidere,
1094 701 1231 800 etipse
1257 728 1324 776 rex

111 813 324 887 adultimum
349 815 543 912 periculum
568 815 677 887 venit.
717 814 879 911 Namque
905 812 1029 886 cervix
1055 813 1130 885 eius
1158 837 1246 886 saxo
1273 814 1323 887 ita

110 926 163 998 icta
191 936 262 1017 est,
297 935 336 997 ut
368 927 478 999 oculis
513 927 661 1025 caligine
687 927 803 999 offusa
828 926 1081 1014 collaberetur,
1117 949 1163 997 ne
1193 925 1322 998 mentis

110 1037 231 1131 quidem
261 1062 406 1134 compos
413 1065 422 1127 ;
456 1040 631 1112 exercitus
659 1049 755 1112 certe
790 1038 890 1110 velut
921 1045 1044 1134 erepto
1072 1060 1115 1107 eo
1141 1035 1321 1132 ingemuit.

91 1142 164 1221 ised
187 1149 338 1220 invictus
375 1147 547 1223 adversus
583 1174 643 1242 ea,
678 1173 769 1246 quae
805 1157 941 1220 ceteros
976 1156 1127 1236 terrent,
1162 1146 1322 1219 nondum

110 1269 276 1355 percurato
302 1260 469 1351 vulnere,
496 1262 610 1334 acrius
637 1259 812 1334 obsidioni
837 1258 981 1347 institit,
1007 1258 1205 1330 naturalem
1234 1260 1320 1332 cele·

109 1371 229 1443 ritatem
242 1372 294 1443 ira
308 1372 517 1446 concitante.
552 1369 723 1445 Cuniculo
738 1395 824 1468 ergo
851 1370 1004 1442 suffossa
1029 1369 1170 1441 moenia
1194 1368 1320 1468 ingens

109 1480 269 1556 nudavere
296 1482 461 1580 spatium,
487 1508 551 1581 per
578 1481 674 1580 quod
704 1482 843 1580 irrupit,
867 1482 1052 1577 victorque
1079 1480 1204 1552 urbem
1231 1479 1322 1553 dirui

108 1588 198 1664 iussit.

91 1715 98 1762 1
191 1703 283 1778 Hine
315 1703 564 1778 Menedemum
601 1730 683 1778 eum
714 1728 754 1777 111
787 1703 929 1778 milibus
961 1701 1121 1800 peditum
1154 1712 1191 1774 et
1223 1704 1371 1775 000028

109 1815 263 1910 equitibus
290 1816 338 1889 ad
364 1816 489 1889 urbem
501 1815 717 1890 Maracanda
741 1816 846 1889 misit.
887 1813 1109 1913 Spitamenes
1136 1813 1322 1914 transfuga

108 1926 264 2018 praesidio
289 1926 527 2001 Macedonum
553 1929 635 2001 inde
662 1926 816 2015 deiecto,
850 1927 961 1999 muris
988 1925 1086 1998 urbis
1113 1925 1187 1997 eius
1213 1925 1321 1997 inclu-

109 2047 185 2110 serat
209 2063 262 2128 se,
298 2037 397 2111 haud
423 2037 609 2137 oppidanis
636 2038 821 2111 consilium
853 2036 1060 2110 desectionis
1093 2035 1320 2134 approbanti·

94 2143 166 2219 bus.
217 2148 323 2247 Sequi
342 2160 462 2222 tamen
478 2150 702 2240 videbantur,
729 2150 812 2246 quia
835 2150 1023 2248 prohibere
1046 2173 1119 2220 non
1141 2156 1318 2244 poterant.

91 2251 233 2333 ilnterim
267 2259 475 2334 Alexander
507 2262 553 2334 ad
580 2260 727 2334 Tanaim
761 2286 902 2335 amnem
932 2260 1044 2351 redit,
1079 2269 1116 2331 et
1147 2267 1322 2355 quantum

110 2369 158 2440 soli
181 2383 443 2471 occupaverant
469 2374 604 2465 castris,
631 2399 734 2446 muro
761 2370 1003 2446 circumdedit.
1055 2393 1106 2444 Lx
1123 2368 1320 2443 stadiorum

109 2479 186 2554 urbis
211 2509 333 2557 murus
360 2483 443 2555 fuit:
480 2486 738 2582 huncquoque
765 2486 891 2558 urbem
917 2481 1175 2557 Alexandriam
1202 2482 1320 2579 appel·

91 2585 157 2662 llari
178 2593 287 2668 iussit.
343 2592 444 2692 Opus
470 2604 573 2667 tanta
598 2595 778 2667 celeritate
804 2597 1002 2694 perfectum
1028 2604 1093 2684 cst,
1119 2601 1161 2665 ut
1184 2590 1321 2665 decimo

108 2705 236 2799 septimo
263 2705 331 2795 die,
358 2731 465 2802 quam
491 2707 710 2779 munimenta
736 2705 893 2779 excitata
919 2717 1030 2796 erant,
1056 2718 1153 2782 tecta
1180 2729 1320 2803 quoque

105 2950 186 3009 tionem
215 2967 337 3024 secutus,
369 2976 429 3012 cum
457 2958 537 3028 vulgo
563 2959 686 3012 ederetur
754 2962 778 3022 §-
796 2965 837 3012 22.
872 2968 958 3028 erepto
985 2977 1014 3012 eo
1042 2962 1173 3030 inperauit.
1210 2957 1320 3013 (lodices

105 3023 200 3100 dimitere
220 3029 307 3097 possit
334 3030 443 3081 delectos
469 3028 628 3081 Macedones
651 3059 686 3068 —
719 3026 794 3080 Leid.
812 3030 889 3080 Voss.
909 3035 921 3079 l
941 3027 1021 3080 Bern.
1039 3027 1220 3082 0010000
1238 3025 1321 3080 Paris.

104 3092 210 3160 rasestos;
227 3107 249 3148 et
267 3099 305 3148 ad
317 3097 358 3148 M.
395 3094 478 3149 Codd.
496 3111 585 3149 omncs
603 3097 686 3164 diripi
720 3095 768 3148 AB
787 3097 854 3149 velut
872 3106 959 3165 erepto
976 3097 1005 3148 ia
1023 3114 1062 3164 eo,
1080 3105 1109 3150 et
1125 3096 1246 3150 ediderat
1262 3095 1322 3148 Mo-

103 3159 220 3237 ralibent,
244 3162 455 3217 coniunctionem
473 3164 620 3230 attollunt,
639 3165 685 3216 de·
719 3163 785 3217 dius.
811 3164 872 3234 Ego
891 3165 918 3217 in
936 3166 975 3218 ali
992 3182 1024 3217 ao
1041 3167 1140 3218 homine
1157 3166 1322 3234 iapemiscerc

101 3242 165 3298 uque
180 3249 228 3301 pro
245 3235 355 3286 delectos
372 3236 443 3301 quod
460 3230 567 3285 inFlor.
576 3231 627 3285 BG
645 3232 685 3284 in·
719 3249 773 3284 non
789 3231 854 3285 mihi
871 3249 965 3302 persua
984 3249 1016 3286 eo
1032 3233 1144 3287 latinum
1162 3250 1228 3300 esse,
1251 3239 1322 3286 certe

100 3305 192 3351 ventum
209 3308 256 3363 est,
276 3300 344 3354 sicut
362 3302 467 3354 dilectos
484 3302 512 3354 in
526 3300 595 3354 Flor.
612 3301 685 3354 DEF
719 3318 772 3354 non
789 3318 883 3370 prosae
899 3301 1011 3355 orationi
1028 3310 1128 3373 aptum.

98 3360 144 3418 Pal.
163 3373 190 3434 1,
216 3367 243 3421 in
264 3368 336 3422 Flor.
359 3370 383 3420 A
409 3368 484 3423 Leid.
506 3371 631 3436 delectae,
657 3369 685 3421 in
755 3368 952 3439 eap.aa,§.ac.
980 3372 1156 3440 decapitiata
1175 3371 1321 3442 dieqaum]

97 3429 165 3511 bern.
179 3438 205 3489 Α
221 3437 297 3490 Voss.
314 3447 325 3488 1
346 3436 417 3490 Flor.
437 3436 458 3492 C
477 3436 616 3508 tribusque
633 3436 685 3490 Pa·
719 3436 805 3506 Vulgo
823 3440 1040 3508 decimoseptimo
1059 3441 1101 3494 die
1115 3457 1176 3510 qua,
1194 3455 1243 3492 nec
1256 3437 1322 3491 aliae

96 3501 170 3556 minis
187 3507 274 3571 delete,
293 3506 320 3558 in
329 3505 437 3559 Flor.H
454 3506 571 3560 BernB
591 3508 684 3573 delere,
719 3505 862 3559 varietates
879 3523 894 3558 0
912 3507 1007 3560 nostru
1025 3508 1160 3563 codicibus
1178 3514 1322 3560 enotantur

96 3565 207 3626 inVoss.
225 3580 239 3626 2
259 3576 352 3639 delere,
375 3573 403 3626 in
420 3573 491 3627 Flor.
508 3575 532 3626 F
546 3577 618 3644 flere
638 3590 685 3626 ex·
719 3573 768 3626 nisi
785 3577 813 3627 ia
829 3589 902 3628 xv1.
921 3577 963 3628 die
979 3575 1051 3629 Flor.
1068 3576 1130 3644 ΕΗ,
1149 3579 1178 3629 in
1194 3576 1322 3628 xviiidie

96 3647 185 3693 aratur.
220 3641 352 3695 Acidaliae
360 3643 572 3696 Memacenoram
589 3658 685 3695 nomen
719 3642 799 3695 Bern.
817 3643 850 3697 B.
885 3646 1060 3698 aartodecimo
1079 3648 1121 3700 die
1156 3662 1188 3698 uo
1205 3643 1320 3712 abac,

94 3707 213 3788 sagaciter
229 3711 276 3763 sub
293 3710 683 3787 Macedonibus‚investigavit
717 3725 778 3763 xva
797 3713 840 3765 die
879 3711 927 3766 lor.
937 3713 969 3778 F,
986 3725 1065 3766 xvn⁰
1079 3716 1121 3767 die
1138 3664 1209 3765 Mor.
1219 3711 1240 3767 Ι.
1268 3713 1321 3767 Sed

94 3783 171 3829 atera
183 3795 221 3830 src
233 3795 288 3831 com
309 3795 402 3832 onens:
421 3782 514 3846 deleta,
522 3780 684 3832 Memacenis
771 3798 796 3832 m
813 3780 910 3851 legitur
926 3779 955 3834 in
964 3780 1035 3836 Flor.
1047 3782 1073 3836 D
1091 3780 1175 3834 Paris.
1184 3781 1233 3833 AB
1243 3780 1318 3835 Laid.

94 3843 192 3911 differtus
216 3849 252 3899 ad
302 3887 308 3899 .
343 3848 403 3916 Ego
426 3848 547 3902 audacius
573 3848 684 3901 sortasse
747 3865 780 3902 oe
797 3848 852 3901 sine
870 3847 1036 3901 dubitatione
1057 3847 1160 3917 recepi,
1184 3846 1252 3901 sicut
1269 3849 1321 3901 iam

94 3921 218 3979 grassatus
233 3914 349 3982 videbor,
372 3916 418 3968 sed
437 3917 480 3970 ubi
499 3916 578 3970 semel
596 3933 685 3969 corru-
717 3916 808 3969 Iunius
817 3926 845 3970 et
853 3916 962 3970 Medius
980 3916 1147 3986 scripserant,
1165 3931 1251 3986 neque
1268 3915 1320 3968 alia

94 3986 158 4046 ptum
175 3997 232 4034 esse
248 3982 333 4036 locum
350 3983 522 4051 intellexeris,
540 3985 588 4037 vix
600 3991 685 4036 estut
718 3983 871 4038 testimonia
884 3984 1004 4038 codicum
1017 4003 1077 4039 mss.
1087 3984 1251 4052 expectanda
1260 3991 1321 4038 sunt

94 4050 173 4127 paucis
190 4042 326 4106 corr‘tentus
344 4054 432 4118 abeas,
450 4053 499 4107 nisi
511 4054 582 4124 qnod
595 4052 685 4106 volue·
720 4053 932 4123 quandoquidem
941 4054 974 4106 ab
984 4053 1074 4106 eadem
1084 4052 1174 4104 littera
1182 4050 1320 4132 insequens

94 4131 131 4182 ns,
156 4118 301 4172 sententiae
326 4121 508 4190 integritatem
528 4121 683 4174 restitueris.
717 4123 873 4176 vocabulum
899 4120 998 4191 incipit.
1037 4120 1184 4174 Numerum
1214 4121 1320 4190 quidem

95 4179 155 4238 llam
170 4186 198 4239 in
216 4189 395 4243 emendatione
412 4188 523 4243 Acidalii
540 4190 684 4244 ablativum
718 4191 832 4244 eundem
849 4190 929 4244 tradit
946 4188 1059 4242 Iustinus
1076 4203 1129 4250 xn,
1148 4194 1173 4254 0,
1192 4205 1252 4240 000
1268 4189 1320 4241 Ar-

96 4252 167 4306 absol.
195 4256 276 4309 deleta
300 4257 345 4310 vix
370 4265 437 4328 puto
462 4258 582 4332 quiquam
608 4258 683 4312 satis-
718 4260 808 4313 00000
825 4278 892 4330 opus
909 4259 980 4311 intra
996 4256 1091 4326 viginti
1105 4254 1161 4309 dies
1169 4257 1320 4310 absolutum

97 4316 172 4374 facere
188 4339 278 4392 posse,
304 4341 363 4378 cum
380 4325 456 4379 facile
476 4327 554 4382 fuerit
576 4325 684 4382 infiniti·
718 4328 818 4381 scribat
834 4344 874 4395 tv,
893 4334 917 4379 4.
952 4324 1025 4378 Urbs
1042 4325 1108 4378 haec
1125 4332 1165 4378 000
1182 4324 1320 4405 Stephano

99 4401 151 4440 vum
167 4394 320 4461 praegressis
337 4393 488 4464 adiungere.
718 4396 849 4467 Byzantio
874 4392 1068 4450 octavadecima
1094 4392 1255 4447 Alexandria
1283 4397 1321 4447 ad
