2926 5174
120 290 195 360 404
589 310 623 372 Q·
653 309 777 361 ouarn
803 309 888 362 aum

117 491 217 564 cibus
244 515 329 587 ergo
355 501 412 563 tot
437 492 588 583 milium,
623 493 824 591 praesidem
850 491 1006 565 nemoris
1040 492 1121 564 eius
1149 491 1253 564 deum
1275 491 1341 564 udo

116 602 283 691 rantium,
309 603 394 700 iuga
411 604 544 676 montis
563 605 742 701 collesque
765 603 993 692 resonabant,
1020 627 1107 674 cum
1126 613 1208 675 orta
1224 603 1342 676 licentis

117 714 290 810 apaucis,
318 724 359 786 ut
383 715 457 786 fere
483 715 536 804 fit,
562 715 598 786 in
614 741 737 787 omnes
761 740 799 787 se
820 725 966 812 repente
989 714 1191 813 vulgasset
1227 713 1341 812 Quippe
1353 734 1372 780 u

116 825 216 897 velut
253 825 290 896 in
328 823 446 897 media
484 851 586 922 pace,
626 853 691 925 per
729 826 859 899 herbas
898 835 1162 922 aggestamque
1201 825 1340 900 frondem

116 946 343 1035 prostravere
370 962 530 1034 corpora.
582 936 630 1009 Et
655 963 722 1010 rex
747 937 930 1010 fortuitam
960 936 1143 1009 laetitiam
1168 962 1241 1010 non
1264 962 1342 1010 aver·

121 1058 238 1138 satus,
271 1048 369 1145 large
398 1047 444 1120 ad
472 1048 594 1145 epulas
622 1049 786 1121 omnibus
813 1046 998 1145 praebitis,
1032 1073 1102 1145 per
1135 1049 1257 1122 decem
1285 1048 1342 1121 dies

115 1158 245 1232 Libero
272 1158 373 1232 Patri
399 1168 587 1257 operatum
611 1158 739 1232 habuit
766 1160 970 1232 exercitum.
1028 1155 1121 1248 Quis
1148 1171 1264 1258 neget,
1287 1160 1341 1233 exi·
1354 1177 1371 1225 ¹⁸

114 1272 222 1344 miam
250 1296 391 1367 quoquo
417 1271 567 1369 gloriam
594 1271 735 1368 saepius
762 1272 936 1361 fortunae,
963 1295 1078 1366 quam
1104 1271 1258 1362 virtutis,
1282 1296 1342 1344 esse

114 1381 348 1456 beneficium?
382 1383 512 1480 quippe
545 1409 591 1456 ne
625 1384 811 1480 epulantes
844 1381 985 1478 quidem
1021 1393 1061 1454 et
1090 1383 1236 1480 sopitos
1264 1408 1341 1456 meru

113 1492 260 1591 aggredi
292 1518 399 1566 ausus
434 1503 489 1565 est
514 1494 644 1584 hostis,
683 1494 780 1567 haud
806 1518 907 1566 secus
939 1492 1202 1567 bacchantium
1232 1495 1340 1567 ululan-

113 1605 272 1701 tiumque
307 1605 451 1680 fremitu
477 1606 704 1703 perterritus,
746 1628 853 1700 quam
884 1603 913 1675 si
944 1584 1207 1700 proeliantium
1233 1607 1341 1679 clamor

114 1729 210 1787 esset
246 1714 399 1790 auditus.
452 1715 588 1789 Eadem
619 1716 767 1788 felicitas
801 1715 846 1787 ab
874 1711 1021 1787 Oceano
1053 1727 1278 1791 revertentes
1305 1718 1339 1791 tess

112 1825 291 1899 mulentos
319 1829 621 1924 comissantesque
647 1827 741 1899 inter
766 1850 830 1899 ora
855 1824 1016 1897 hostium
1043 1828 1151 1900 texit.

62 1940 109 2011 37
214 1937 307 2011 Hinc
333 1939 380 2011 ad
405 1940 602 2037 regionem,
635 1963 726 2035 quae
751 1935 912 2010 Daedala
937 1949 1112 2029 vocatur,
1150 1951 1338 2037 perventum
1348 1953 1366 2000 1⁹

112 2060 176 2123 cst.
228 2049 471 2125 Deseruerant
502 2052 638 2125 incolae
670 2049 788 2139 sedeS,
828 2058 864 2120 et
900 2047 937 2118 in
968 2048 1074 2121 avios
1110 2050 1337 2147 silvestresque

110 2173 250 2235 montes
276 2165 519 2262 confugerant
571 2160 668 2259 Ergo
694 2159 850 2233 Acadira
874 2159 1020 2249 transit,
1063 2185 1182 2258 aeque
1213 2171 1289 2234 usta
1313 2170 1337 2231 et

145 2367 169 2429 5.
189 2370 230 2417 16.
256 2366 285 2416 in
303 2382 393 2421 omnes
420 2383 447 2418 se
475 2366 588 2435 repente]
631 2362 714 2417 eodo.
783 2362 851 2414 inter
874 2378 920 2413 ora
942 2361 1068 2428 bostium]
1106 2361 1186 2415 Haeo
1207 2362 1281 2417 verbs
1295 2359 1336 2414 llo

110 2428 227 2502 plerique
250 2434 279 2484 in
301 2435 414 2486 tornines
441 2443 572 2502 serpente,
600 2433 670 2486 Flor.
689 2435 714 2483 A
748 2428 805 2482 dius
823 2428 911 2482 omisit
939 2427 1104 2499 scripsitque
1125 2434 1255 2500 proterit,
1277 2445 1336 2482 men·

110 2501 270 2554 inlumines
294 2512 440 2570 serpentes,
462 2502 485 2554 F
486 2502 534 2555 lor.
552 2501 594 2554 DI
615 2501 715 2555 scilicet
747 2498 852 2564 branas,
868 2506 898 2550 ut
910 2497 956 2564 ait,
973 2506 1093 2551 secutus.
1112 2499 1335 2554 Denostrisinum

110 2575 141 2620 ut
167 2568 279 2639 intelligi
325 2578 395 2624 osset
426 2573 455 2623 in
481 2571 595 2623 homines
617 2586 713 2639 paene,
747 2566 818 2619 Flor.
838 2565 863 2620 G
880 2568 995 2635 protexit
1014 2565 1127 2636 legitur,
1147 2576 1177 2622 et
1194 2583 1336 2623 commutan-
1374 2558 1377 2597 ¹

109 2654 176 2690 unus
194 2645 298 2691 tantum
306 2588 415 2693 llari}
432 2641 461 2692 iu
478 2641 591 2692 homines
603 2657 631 2691 re
650 2648 714 2690 ente.
746 2645 833 2705 tesque
881 2637 966 2696 oteait,
982 2634 1090 2689 omissis
1108 2637 1231 2707 reliquis,
1246 2637 1271 2690 in
1285 2633 1336 2688 Flor.

108 2705 178 2759 Edd.
196 2706 326 2778 principes
345 2707 480 2762 Vindelini
502 2716 529 2760 et
547 2658 666 2761 Merultle
685 2709 713 2758 in
746 2704 794 2758 DI.
839 2653 892 2757 leh
917 2702 981 2756 mihi
1016 2711 1112 2785 tumen
1141 2723 1209 2777 quae
1238 2705 1336 2759 omitum·

110 2775 224 2829 ltomines
242 2787 368 2845 serpente.
400 2776 499 2830 Lucem
516 2776 611 2829 affudit
629 2775 713 2828 Aldus
747 2781 793 2825 tur
814 2789 925 2825 maxime
947 2772 1058 2824 adrem
1078 2775 1207 2828 videntur
1222 2773 1334 2846 pertinere

109 2842 147 2896 ita
174 2846 329 2910 emendans,
356 2853 387 2898 ut
413 2844 495 2916 vulgo
521 2863 591 2898 nuno
617 2861 714 2899 omnes.
785 2839 851 2912 Cap.
866 2847 907 2903 37,
944 2846 1008 2893 .19.
1046 2859 1118 2911 quae
1140 2845 1261 2898 medula
1280 2857 1335 2895 uocu-

108 2911 170 2966 Non
188 2914 270 2967 miror
288 2913 393 2967 criticos
417 2914 479 2968 olim
498 2931 599 2966 summo
617 2914 715 2968 honore
750 2912 802 2978 tur]
837 2910 908 2963 Flor.
973 2911 1102 2978 dedatta,
1127 2911 1150 2965 C
1174 2914 1281 2976 dadula,
1298 2904 1335 2962 llll

109 2981 214 3036 habitos
232 2999 297 3050 esse,
317 2999 376 3035 cum
395 2991 450 3036 tam
469 2982 552 3035 foedis
564 2982 716 3036 vulneribus
749 2987 777 3031 et
802 2986 915 3057 uterque
941 2978 1024 3057 Bern.
1053 2981 1167 3059 dedalo.
1210 2981 1260 3034 Sed
1296 2974 1334 3055 nol

107 3059 227 3104 veterum
245 3051 405 3121 exemplaria
422 3059 562 3106 scaterent.
749 3059 870 3116 sequitur
892 3048 1029 3112 Acadira,
1056 3065 1096 3101 sie
1119 3049 1228 3103 codices
1246 3067 1270 3102 m
1311 3060 1334 3098 rt

143 3122 166 3186 §-
195 3128 234 3172 lt.
272 3131 455 3190 uppestomque
481 3120 620 3190 frondem]
671 3118 716 3171 Sic
749 3115 810 3167 fidei
828 3115 971 3184 eodemque
988 3115 1118 3182 pertinet
1133 3111 1334 3189 quodinreliquit

107 3205 183 3253 msa,
216 3188 280 3242 editi
307 3190 362 3241 fere
393 3199 596 3268 conpectumque.
645 3187 716 3240 Item
750 3193 790 3237 est
807 3187 845 3237 ad
860 3186 970 3237 cadiru:
985 3184 1051 3237 edd.
1069 3187 1162 3256 princ.
1175 3196 1204 3241 et
1212 3184 1334 3242 statim

108 3256 209 3309 codices
228 3275 319 3310 omnes
337 3265 365 3310 et
383 3258 443 3312 edd.
463 3257 595 3328 principes
609 3268 715 3335 postra-
751 3254 879 3318 Acadira,
896 3249 981 3330 Aldus
996 3254 1111 3322 Adara,
1131 3256 1224 3311 lunius
1257 3253 1334 3308 undu

107 3327 661 3464 thrittltttftttllatt
687 3343 715 3376 ¹¹¹
749 3319 1334 3458 {ttttlttllltit‘lttautll

137 3461 279 3530 fortuitam
303 3464 440 3531 laetitiam]
476 3462 549 3515 Editi
572 3463 712 3527 licentiam,
747 3464 819 3511 trans
837 3457 933 3510 Indum
949 3464 1000 3510 est.
1038 3458 1166 3516 Iustinus
1182 3477 1240 3529 xu,
1257 3468 1269 3514 7
1284 3473 1334 3512 nnn·

128 3546 177 3581 uae
194 3549 248 3583 vox
266 3532 447 3602 etpraecessit
463 3531 545 3601 paulo
559 3529 667 3601 propius
686 3537 714 3582 et
748 3537 785 3580 tes
811 3528 947 3580 Daedalus
973 3523 1054 3580 dixit.
1103 3531 1236 3601 Arrianus
1264 3540 1333 3582 now

107 3595 225 3721 loelli
246 3599 611 3723 illlilliluqlilsffli
630 3598 712 3721 tiit
747 3593 983 3718 ttttttlll·
999 3594 1333 3739 frittttttlt

106 3735 131 3786 A
149 3687 339 3791 FlorpABGI.
463 3709 469 3721 ’
562 3712 567 3723 ¹
705 3707 711 3719 .
745 3733 781 3786 tis
803 3702 1085 3812 Aspasiorum',·vide
1114 3687 1179 3791 eulh
1200 3753 1244 3804 w,
1266 3740 1332 3797 2³¹4

140 3807 162 3872 ᾖ.
196 3812 235 3860 18.
280 3808 460 3860 bacchantium
493 3804 710 3872 ululantiumque]
744 3801 800 3855 Pro
819 3804 945 3854 Acadira
961 3800 1117 3871 Angaeum
1136 3803 1332 3878 spudAnin·

105 3872 181 3927 Vctt.
208 3874 271 3929 edit.
296 3891 377 3945 usque
404 3875 438 3926 ad
461 3873 582 3926 Modimn
611 3875 712 3924 elidan-
744 3885 786 3934 rv,
812 3876 859 3937 24,
879 3875 911 3922 10
936 3876 993 3935 est,
1021 3887 1108 3940 quum
1135 3876 1229 3928 urbem
1243 3872 1331 3928 meu

107 3943 232 4013 tiumque,
266 3944 340 3997 codd.
369 3943 450 3995 Bern.
477 3942 500 3994 Β
528 3941 599 3994 Flor.
625 3940 710 4003 BEH,
745 3939 793 3991 der
810 3947 931 3991 exustam
949 3938 983 3990 ab
1001 3936 1102 3995 incolis
1120 3960 1155 3997 ac
1172 3945 1331 3998 daemu-

105 4007 186 4064 B'ern.
214 4013 239 4064 A
270 4021 299 4065 et
326 4015 400 4064 Voss.
429 4020 442 4065 l
479 4011 710 4079 baiuloutiumque,
744 4006 846 4061 vcnit“
876 4005 1041 4060 Schmieder.
1167 4032 1180 4042 ι

106 4074 180 4131 Leid.
208 4089 235 4133 et
257 4080 330 4133 Flor.
354 4078 375 4132 C
403 4079 630 4147 heiulantiumque.
670 4078 714 4131 Ad
783 4093 864 4147 aeque
885 4075 955 4144 usta]
993 4072 1086 4130 codd.
1105 4087 1137 4132 et
1159 4082 1220 4135 edd
1235 4085 1291 4134 vett
1303 4079 1329 4125 ut·

105 4144 262 4202 Bacchicam
283 4147 454 4202 festivitatem
471 4146 549 4200 unice
566 4154 655 4216 aptum
674 4155 715 4199 est
749 4162 797 4267 ἐπε
814 4154 881 4197 usta.
907 4144 1001 4213 anue
1020 4155 1180 4204 correctum
1196 4158 1237 4204 est
1250 4141 1329 4203 nm.

106 4216 226 4270 ululandi
243 4219 366 4283 verbum,
391 4215 489 4269 Catull.
509 4222 556 4281 62,
575 4221 608 4267 28
631 4216 713 4267 Tuta·
767 4221 819 4294 ‘et
836 4210 935 4291 editum
951 4212 986 4291 ab
1004 4210 1105 4285 Iunio,
1131 4219 1180 4272 sed
1196 4210 1329 4273 veriulle

106 4299 158 4362 sus·
170 4302 198 4336 re
217 4297 272 4339 ente
290 4287 390 4355 linquis
414 4284 603 4354 trepidantibus
621 4285 712 4363 ululat.
747 4283 805 4361 drus
822 4288 850 4334 et
867 4280 961 4360 rehqm
979 4298 1077 4363 aequa
1114 4285 1188 4341 Tum
1204 4293 1329 4358 metucul-

107 4346 185 4404 Ovnl.
193 4303 304 4407 hletam.
314 4369 357 4419 111,
365 4359 415 4432 528
434 4355 513 4407 Liber
522 4355 605 4419 adest,
618 4351 713 4420 festis·
746 4360 810 4430 iecit
835 4348 1001 4428 scribendum
1022 4352 1170 4409 Acidaliae
1195 4355 1270 4426 idque
1285 4347 1328 4403 olm

107 4422 283 4486 messenum
301 4422 444 4475 ululatibus
462 4423 532 4491 apri.
746 4435 803 4490 ipse
833 4417 911 4470 edidi.
947 4415 1032 4473 Nune
1064 4421 1192 4479 codicum
1220 4420 1328 4477 leuamen
