2926 5174
571 302 766 353 Arrsumx.
1212 285 1285 356 567

140 491 163 563 3.
185 490 213 546 3.
257 491 325 564 quin
347 509 412 548 vera
436 490 619 568 deferrentur]
647 491 712 564 quin
737 491 875 547 deseretur
897 489 986 548 Bern.
1006 490 1032 546 B
1056 489 1134 548 Flor.
1152 489 1286 549 DEFHI

85 576 118 635 aL
138 578 163 734 3
172 576 356 719 ἵοεεΧῗΥΧ
370 663 459 736 milia]
482 661 607 718 Trecenti
623 662 709 719 Bern.
726 662 752 718 B
770 661 848 718 Flor.
866 661 1001 720 DEFHI
1017 662 1083 722 Pal.
1105 664 1132 720 1.

139 750 162 821 3.
181 749 208 805 5.
242 747 388 824 immerito]
406 749 529 804 inmerito
547 747 634 805 Bern.
653 748 684 805 A
701 748 781 804 Flor.
799 745 904 805 ΑΘΗ.
940 750 1120 822 perspectam]
1136 751 1286 824 perfectam

85 853 145 896 ose.
164 835 179 890 l
198 833 285 890 Bern.
303 835 335 891 A
352 834 431 891 Flor.
450 834 481 891 A
501 834 613 909 (omnes
631 833 661 890 in
678 841 769 906 textu,
787 834 838 890 sed
854 834 885 890 in
902 852 994 910 marg.
1014 835 1198 911 perspectam)
1217 834 1286 892 item

85 918 237 1078 baffia
254 939 410 1082 dppbdebot]
429 1006 571 1080 adpetebat
588 1005 618 1062 in
635 1013 717 1063 textu
734 1004 864 1066 Flor..A
881 1011 910 1062 et
926 1004 1013 1064 Bern.
1030 1005 1072 1064 A.
1183 1058 1186 1062 .

140 1088 208 1167 Cap.
227 1092 285 1163 33,
304 1092 328 1164 3.
348 1094 377 1148 8.
422 1110 494 1149 cons.
512 1091 633 1169 potiens]
648 1093 757 1166 patiens
775 1091 881 1147 consilii
896 1090 983 1148 Bern.
998 1091 1024 1148 B
1042 1091 1122 1148 Flor.
1141 1090 1284 1149 DEFHI.

86 1175 243 1254 rsasnsqne]
268 1180 443 1252 perfusisque
467 1176 597 1233 Bern.B
622 1178 700 1234 Flor.
720 1174 878 1234 CDEFGI
902 1175 993 1235 Voss.
1014 1179 1029 1234 1
1059 1177 1114 1253 (sic
1132 1174 1237 1253 Snak.)
1257 1185 1286 1234 et

85 1261 230 1320 >tomensis
247 1263 340 1320 Modii
357 1264 407 1338 qui
423 1263 543 1337 recepit,
556 1264 718 1337 perp‘nsique
735 1263 797 1319 eod.
817 1259 964 1338 sigeberg.
984 1263 1023 1320 ait
1040 1263 1144 1320 habere
1156 1262 1284 1320 Modius.

138 1349 162 1420 3.
181 1349 208 1406 9.
242 1348 358 1426 assueti]
376 1350 484 1406 admeti
499 1348 578 1406 Flor.
596 1349 626 1405 A
652 1348 738 1405 Bern.
755 1348 795 1404 A.
831 1349 945 1423 dilapsi]
964 1350 1071 1422 delapsi
1086 1348 1169 1406 Leid.
1195 1347 1287 1405 Voss.

100 1434 117 1489 2
139 1442 167 1490 et
182 1434 272 1491 nostri
289 1453 388 1492 omnes
406 1443 518 1509 praeter
534 1433 621 1490 Bern.
638 1434 670 1491 A
695 1433 882 1509 (quamquam
899 1435 977 1509 apud
995 1432 1083 1492 Snnk.
1107 1434 1168 1491 cod.
1187 1433 1216 1490 D
1235 1433 1285 1508 qui

85 1538 125 1576 em
150 1527 192 1576 est
215 1539 280 1576 eum
304 1530 401 1578 nostro
425 1520 512 1578 Bern.
529 1520 561 1576 A
584 1519 651 1576 item
668 1521 773 1578 habere
791 1519 911 1576 traditur
928 1519 1056 1598 delapsi).
1080 1516 1139 1577 Sed
1155 1519 1285 1577 mendosi

85 1614 302 1764 [0193011311ῃὲιεί
318 1693 440 1749 altimum
458 1693 528 1766 repr]
547 1700 577 1747 at
593 1693 652 1764 repi
667 1691 693 1747 F
695 1691 746 1750 lor.
763 1687 912 1764 DEFHI,
930 1711 967 1750 an
984 1693 1043 1766 repi
1058 1691 1144 1750 Bern.
1160 1689 1198 1748 Β.

137 1779 228 1850 312.
269 1776 422 1854 complevit]
441 1779 572 1852 conplevit
587 1776 674 1835 Bern.
692 1777 734 1836 A.
770 1777 851 1834 Idem
868 1785 899 1834 et
913 1778 993 1837 Flor.
1011 1778 1043 1835 A
1060 1795 1128 1834 mox
1145 1779 1283 1852 inrupere,

97 1864 281 2024 αάτθοέἕῗᾚ,
300 1950 324 2023 3.
346 1951 395 2006 14.
430 1947 607 2023 Nabarzani]
626 1947 779 2009 Nabaeano
797 1948 883 2007 Bern.
900 1947 932 2005 A
949 1946 1028 2004 Flor.
1045 1946 1092 2020 A,
1114 1945 1283 2006 Nobareono

85 2034 239 2195 Ι0133133131
262 2121 430 2194 indicabant]
457 2123 644 2178 indicaverant
667 2120 795 2177 Bern.B
818 2119 897 2177 Flor.
916 2119 957 2176 Η.
992 2118 1193 2194 comprehende]
1219 2137 1282 2177 core-

85 2206 182 2264 ebendi
196 2207 282 2266 Bern.
302 2209 342 2265 A.
376 2205 528 2284 iusserant]
546 2208 682 2263 iusserant
698 2206 776 2264 Flor.
794 2204 908 2278 EFHI,
926 2207 1043 2262 iusserat
1059 2204 1140 2261 Flor.
1154 2205 1195 2263 D.

136 2295 160 2366 §.
180 2294 227 2350 18.
270 2293 371 2349 Partb.
389 2293 505 2367 petebat]
528 2292 637 2366 petebat
656 2292 817 2367 portbienen
834 2292 914 2350 Flor.
931 2290 985 2365 ul,
1005 2291 1113 2365 petebat
1133 2291 1282 2366 portbinen

85 2378 400 2538 m§.131{lorasbbcatr]
420 2465 542 2521 adsecuti
558 2465 645 2521 Bern.
665 2464 704 2522 A.
724 2464 803 2522 Flor.
821 2464 862 2522 A.

134 2551 158 2623 3.
177 2551 226 2608 20.
271 2550 457 2628 compedibus]
475 2551 638 2624 conpedibus
656 2551 742 2611 Bern.
762 2551 803 2608 A.

135 2634 205 2713 Cap.
225 2636 282 2709 35,
308 2637 333 2709 3.
354 2636 380 2692 1.
420 2637 454 2692 ab
472 2637 638 2711 Ecbatanis]
657 2655 675 2692 a
692 2637 830 2694 Batbonis
846 2636 934 2693 Bern.
953 2635 989 2708 B,
1007 2635 1041 2692 ab
1059 2635 1184 2692 batbanis
1201 2635 1281 2693 Flor.

85 2742 125 2794 ‚a
143 2723 280 2779 barthonis
298 2722 377 2779 Flor.
394 2721 434 2778 D.
457 2723 492 2778 ab
509 2722 649 2779 boctbanis
667 2722 747 2779 Flor.
765 2722 808 2793 Ε,
831 2741 850 2776 α
866 2722 1027 2777 Bactrianis
1045 2720 1123 2777 Flor.
1144 2718 1222 2778 cul.

135 2811 159 2882 3.
178 2810 206 2864 2.
228 2812 256 2866 in
274 2809 475 2881 Paraetacene]
495 2810 523 2864 in
540 2816 619 2881 parte
636 2807 746 2864 Lacene
764 2805 825 2882 (ae)
845 2804 974 2863 Bern.A
991 2805 1070 2863 Flor.
1083 2803 1201 2862 ABCG
1212 2805 1280 2863 edit.

85 2936 89 2952 .
108 2894 179 2952 Ald.
201 2897 229 2950 in
246 2903 325 2968 porte
342 2895 430 2949 botone
447 2902 498 2951 aut
513 2893 620 2950 tatbone
636 2900 688 2950 aut
705 2892 819 2949 otbronoe
836 2892 887 2948 rel.
923 2888 1057 2948 Correxit
1073 2890 1185 2948 Iunius.

133 2981 157 3053 3.
179 2981 207 3036 4.
250 2982 412 3052 convocatis]
435 2979 573 3037 advocatis
596 2979 684 3035 Bern.
708 2978 734 3035 B
757 2977 836 3037 Flor.
859 2976 1005 3035 DEFHI.
1048 2985 1095 3033 aut
1119 2974 1281 3052 oppressas]

85 3069 215 3124 tainetns
240 3074 288 3121 ant
312 3084 459 3139 oppressas
483 3074 522 3122 est
546 3063 614 3122 edit.
638 3084 683 3139 pr.
706 3064 777 3121 Ald.
796 3063 863 3120 Iun.
891 3063 981 3137 (quod
1004 3061 1035 3119 in
1057 3061 1136 3119 nullo
1158 3062 1220 3119 aod.
1237 3071 1282 3119 est

85 3152 101 3209 ii
118 3161 168 3208 aut
184 3154 288 3209 vinctas
306 3152 343 3208 ab
368 3150 417 3207 alt.
442 3170 529 3208 manu
547 3169 611 3226 sup.
628 3151 678 3209 lin.
698 3149 839 3208 adiectum
860 3149 889 3206 in
913 3148 992 3206 Flor.
1011 3145 1051 3224 O)
1070 3157 1118 3204 ant
1135 3165 1282 3222 oppressas

102 3237 205 3396 Μ3315.
245 3325 320 3397 ipsos
336 3324 426 3398 seque]
443 3323 518 3397 ipsos
536 3324 642 3397 insequi
657 3321 746 3386 Beni.
764 3321 791 3378 Β
809 3322 888 3380 Flor.
905 3317 1073 3378 DEFGHI
1092 3317 1151 3392 (hic
1168 3318 1281 3394 quidem

85 3427 134 3465 am
151 3418 176 3464 et
192 3408 270 3465 addit
288 3416 355 3487 ante
370 3424 420 3467 nec
435 3408 537 3482 lobon)
555 3410 645 3482 ipsum
661 3410 739 3483 sequi
755 3408 821 3466 edit.
837 3408 917 3466 Mod.
948 3407 1062 3481 raptim]
1075 3415 1186 3482 raptam
1203 3406 1281 3464 Flor.

85 3494 208 3622 ᾖ)ἲΕΕ“ΗΙ
232 3495 321 3552 Bern.
339 3492 376 3553 B.
408 3510 444 3553 no
459 3526 503 3537 —
521 3495 645 3568 quidem]
672 3513 775 3553 nec-
798 3496 906 3569 quidem
935 3489 1057 3551 Flore
1090 3492 1128 3568 (a
1152 3513 1197 3569 pr.
1223 3494 1280 3569 m.)

85 3578 213 3739 aFglg]
229 3580 472 3743 Ppaelrvbbtnmqm]
486 3675 644 3741 peruentum
667 3665 754 3724 Bern.
773 3667 800 3724 B
823 3667 901 3726 Flor.
919 3665 1017 3725 EFH.
1051 3664 1200 3739 compreb]
1219 3684 1281 3722 con·

85 3751 226 3809 ebenderat
242 3751 330 3808 Bcrn.
349 3752 390 3810 A.
430 3752 432 3757 ’
1179 3771 1181 3774 ’

132 3837 157 3909 3.
177 3837 204 3893 7.
238 3838 344 3912 Melon]
360 3838 434 3894 Melo
452 3856 509 3894 una
526 3837 593 3895 edit.
606 3837 677 3896 Ald.
695 3839 851 3913 simulabat]
868 3837 1045 3896 assimulabat
1056 3835 1134 3894 Flor.
1145 3833 1281 3892 DEFHI

87 3922 205 4151 mc}
231 4009 289 4081 36,
319 4009 344 4081 §.
370 4010 418 4066 10.
464 4011 571 4084 iisdem]
602 4010 688 4067 isdem
715 4009 803 4068 Bern.
829 4010 861 4067 A
890 4008 970 4066 Leid.
998 4006 1087 4065 Voss.
1114 4005 1150 4078 1,
1177 4005 1281 4063 bisdem

85 4114 124 4152 or.
172 4135 179 4151 .

1333 633 1347 675 t

132 4181 226 4253 311.
269 4182 484 4255 incompositam]
504 4183 700 4255 inconpositum
716 4199 791 4240 unus
811 4182 898 4239 Bern.
917 4179 959 4238 A:
994 4177 1073 4236 Hinc
1090 4177 1226 4236 desistam
1243 4179 1280 4237 ab
1326 4221 1333 4230 .

85 4267 186 4324 semodi
203 4266 343 4323 varietate
360 4270 509 4338 enotanda‚
534 4267 591 4324 nisi
608 4267 678 4342 quid
695 4266 782 4342 paulo
799 4264 1010 4324 memorabilius
1028 4272 1163 4324 occurret.

132 4354 157 4425 3.
179 4353 227 4408 12.
262 4353 338 4425 erpo]
357 4372 419 4409 vero
436 4355 523 4410 Born.
541 4353 569 4408 B
586 4354 665 4411 Flor.
683 4352 818 4410 DEFHI
834 4352 923 4410 Voss.
941 4352 970 4409 2.

132 4439 157 4512 3.
177 4439 226 4495 13.
270 4439 309 4494 ad
325 4437 386 4514 boe]
405 4441 443 4498 ad
456 4439 524 4498 baec
541 4438 627 4498 Bern.
645 4440 671 4497 B
689 4440 767 4498 Flor.
785 4438 898 4496 EFHI.
