2926 5174
175 264 249 336 370
643 284 677 346 Q.
705 281 828 334 cuam
852 283 938 334 surr

170 492 300 564 equum
326 491 430 538 suum
456 466 628 540 offerente
653 463 876 564 Lysimacho
902 492 968 539 nec
993 475 1118 539 tamen
1144 462 1191 538 ut
1218 465 1408 566 digredere-

168 590 229 652 tur
254 605 276 651 a
301 604 385 675 rege
413 578 503 650 effici
529 578 661 675 potuit,
701 602 781 649 cum
806 578 916 650 lorica
942 576 1088 653 indutus
1116 603 1225 651 arma
1249 590 1407 676 gestaret.

168 687 284 781 Idem,
319 715 401 762 cum
427 700 640 788 perventum
667 699 762 762 esset
786 691 824 762 in
850 691 997 782 saltum,
1030 691 1067 762 in
1094 716 1170 788 quo
1202 716 1243 764 se
1275 690 1404 764 barbari
1418 711 1442 759 01

168 798 398 893 abdiderant,
439 802 595 875 nobilem
628 801 739 874 edidit
769 827 944 899 pugnarn,
984 810 1183 900 regemque
1218 804 1402 876 comminus

168 938 249 986 cum
274 912 378 985 hoste
405 911 632 986 dimicantem
663 914 831 1012 protexit.
885 910 957 985 Sed
982 924 1180 1011 postquam
1208 915 1352 988 barbari
1373 916 1441 986 11110

167 1026 289 1123 lugam
306 1025 409 1096 effusi
427 1024 615 1098 deseruere
639 1027 757 1115 silvas,
784 1026 933 1115 animus,
961 1025 1019 1121 qui
1044 1025 1081 1096 in
1111 1025 1248 1101 ardore
1276 1051 1404 1124 pugnae

169 1162 297 1235 corpus
325 1145 600 1227 sustentaverat,
627 1137 746 1233 liquit;
775 1137 964 1234 subitoque
982 1162 1029 1209 ex
1046 1138 1221 1211 omnibus
1247 1138 1402 1210 membris

167 1251 314 1346 profuso
333 1248 473 1339 sudore,
501 1249 638 1322 arboris
656 1252 840 1346 proximae
858 1248 970 1346 stipiti
988 1273 1025 1321 se
1043 1249 1231 1346 applicuit.
1278 1248 1402 1323 Deinde
1415 1269 1438 1317 a

167 1385 213 1434 ne
238 1361 299 1432 illo
327 1359 469 1456 quidem
495 1357 710 1432 adminiculo
737 1360 951 1450 sustinente,
984 1361 1152 1435 manibus
1186 1363 1284 1460 regis
1317 1388 1402 1435 exce

167 1485 251 1571 ptus
279 1482 344 1563 est,
369 1473 462 1546 inter
488 1497 576 1568 quas
603 1473 779 1569 collapsus
807 1472 1036 1570 extinguitur.
1080 1471 1271 1547 Maestum
1296 1500 1401 1572 regem

169 1587 258 1658 alius
284 1583 382 1656 haud
407 1585 496 1656 levis
525 1581 627 1655 dolor
653 1584 802 1681 excepit.
854 1581 1021 1682 Erigyius
1046 1583 1144 1656 inter
1169 1585 1290 1660 claros
1309 1586 1431 1659 ducar

168 1697 300 1786 suerat3
334 1722 439 1792 quem
466 1694 664 1769 extinctum
691 1721 783 1785 esse,
815 1695 923 1792 paulo
950 1704 1147 1799 antequam
1173 1708 1398 1771 reverteretur

168 1808 205 1880 in
232 1818 348 1881 castra
374 1807 552 1908 cognovit.
606 1803 800 1904 Utriusque
830 1806 937 1878 funus
969 1807 1066 1879 omni
1099 1821 1286 1907 apparatu
1311 1820 1400 1906 atque
1457 1894 1461 1899 ¹

167 1920 302 1994 honore
330 1921 548 1993 celebratum
570 1928 634 1990 est.

120 2034 165 2104 ll
268 2031 391 2104 Dahas
418 2030 547 2104 deinde
573 2039 749 2103 statuerat
774 2040 926 2132 peteres
941 2028 990 2101 ibi
1008 2054 1168 2127 namque
1184 2027 1451 2130 Spitamenenssl'

169 2169 247 2218 esse
274 2152 501 2240 cognoverat.
555 2139 627 2215 Sed
652 2128 908 2238 huncquoque
932 2141 1214 2238 expeditionem,
1242 2155 1285 2216 ut
1304 2146 1397 2244 plera

169 2280 239 2350 que
264 2255 349 2343 alia,
375 2255 520 2326 fortuna
545 2252 764 2351 indulgendo
791 2253 822 2326 ei
847 2277 1030 2348 nunquam
1057 2253 1230 2352 fatigata,
1264 2283 1329 2355 pro
1352 2252 1398 2329 ab

170 2377 271 2439 sente
297 2365 480 2459 transegit.
534 2361 755 2461 Spitamenes
783 2364 905 2436 uxoris
929 2363 1121 2438 immodico
1147 2393 1273 2441 amore
1290 2369 1397 2466 flagra·

168 2477 248 2550 bat:
275 2500 382 2573 quam
409 2500 515 2574 aegre
540 2477 662 2573 fugam
688 2485 725 2548 et
749 2502 845 2549 nova
871 2474 1024 2549 subinde
1050 2478 1163 2551 exilia
1188 2481 1395 2567 tolerantem,
1449 2572 1450 2576 Ἰ

168 2590 205 2661 111
238 2613 343 2662 omne
375 2586 564 2661 discrimen
597 2589 762 2661 comitem
799 2588 975 2660 trahebat.
1027 2585 1093 2660 Illa
1128 2593 1235 2665 malis
1268 2576 1445 2688 fatigate

169 2698 363 2773 identidem
389 2700 580 2773 muliebres
609 2701 777 2773 adhibere
803 2696 1010 2788 blanditias,
1048 2711 1090 2772 ut
1116 2702 1271 2776 tandem
1295 2704 1396 2800 fugam

168 2813 319 2903 sisteret,
345 2813 560 2909 victorisque
586 2811 784 2886 Alexandri
802 2811 1025 2884 clementiam
1043 2825 1232 2909 expertus,
1258 2816 1395 2913 placaret

171 2950 277 3021 quem
304 2925 459 3021 effugere
491 2950 565 2997 non
597 2934 729 3022 posset.
783 2922 869 2994 Tres
897 2923 1011 2994 adulti
1037 2935 1143 2996 erant
1169 2926 1275 2999 liberi
1300 2952 1344 3000 ex
1364 2939 1416 2996 eol

164 3036 294 3135 geniti:
322 3061 410 3133 quos
438 3061 519 3112 curn
541 3023 679 3132 'pectori
697 3035 808 3132 patris
827 3032 1055 3125 admovisset,
1082 3045 1125 3107 ut
1144 3039 1276 3111 saltem
1293 3059 1395 3112 eorum

127 3165 130 3170 ’
169 3149 329 3221 misereri
360 3149 484 3237 vellet,
520 3147 664 3236 orabat;
705 3156 741 3218 et
773 3171 843 3241 quo
875 3147 1090 3220 efficaciores
1124 3161 1252 3223 essent
1282 3172 1394 3248 pretet,

170 3257 268 3331 haud
304 3261 426 3356 procul
462 3269 538 3331 erat
572 3256 788 3330 Alexander.
840 3255 904 3328 Ille
937 3283 975 3331 se
1010 3257 1134 3355 prodi,
1171 3287 1249 3334 non
1281 3256 1415 3334 moneril

169 3381 287 3460 ratae,
320 3381 356 3443 et
382 3372 517 3443 formae
543 3369 703 3466 profecto
730 3367 859 3439 fiducia
886 3392 1016 3467 cupere
1044 3395 1124 3442 eam
1152 3373 1395 3472 quamprimum

171 3479 254 3552 dedi
271 3480 491 3573 Alexandro,
515 3481 697 3554 'acinacem
721 3480 874 3569 strinxit,
900 3506 1137 3578 percussurus
1157 3509 1322 3576 uxorem,
1344 3478 1395 3553 nisi

170 3715 312 3771 maximum
321 3735 386 3785 esse,
406 3720 479 3788 quod
490 3715 599 3771 concedi
608 3713 697 3786 possit.
724 3715 774 3768 Ed.
843 3732 921 3784 aegre
939 3716 1038 3787 sapam
1056 3726 1080 3770 et
1097 3749 1134 3759 -
1151 3721 1237 3774 exilia
1256 3711 1394 3783 tolerem]

189 3808 210 3841 r.
222 3790 356 3870 perdicto
375 3790 473 3854 studio,
492 3786 577 3839 Aldus
591 3787 773 3854 persennia,
810 3783 895 3837 Codd.
913 3803 1020 3855 aegram
1036 3786 1124 3855 fuya,
1153 3805 1224 3858 quos
1241 3808 1296 3844 non
1311 3800 1395 3857 sequor,

170 3806 260 3910 lunius
272 3875 325 3926 per
333 3859 524 3926 quinquaqinta
534 3865 565 3907 st.
583 3855 629 3906 sed
647 3853 674 3905 in
691 3871 774 3923 marg.
809 3871 870 3906 nam
893 3871 971 3923 aegre
993 3858 1104 3907 tolerare
1126 3864 1160 3909 ut
1182 3857 1352 3929 coniungatur
1371 3849 1395 3904 11

170 3926 274 3979 notavit
286 3928 322 3979 01.
349 3927 482 3991 uincente,
501 3940 549 3975 1100
565 3931 623 3974 erat·
640 3940 687 3974 cur
703 3921 775 3973 illam
809 3939 912 3975 sensum
930 3940 1038 3992 prorsus
1055 3924 1237 3978 necessarium
1255 3936 1301 3981 est.
1324 3926 1395 3992 Atqu

170 3993 311 4047 lectionem
361 3982 435 4047 odius
457 3991 597 4062 pessimam
620 3989 774 4059 appellaret.
809 3999 925 4044 senserat
943 3992 994 4045 hoc
1010 3990 1123 4045 Aldinus
1147 3993 1248 4056 editor.
1276 3995 1394 4048 0111110111

206 4068 230 4128 5.
240 4070 281 4117 40.
304 4065 332 4115 in
350 4064 451 4132 costra]
477 4061 494 4113 i.
502 4077 525 4113 0.
539 4059 648 4112 hiberna
658 4059 691 4110 ad
700 4058 775 4111 Nau·
809 4059 819 4112 i
851 4077 896 4111 um
927 4061 1052 4113 ederetur
1079 4079 1191 4131 prorsus
1217 4063 1285 4118 falso
1309 4072 1393 4141 00ng

171 4137 241 4196 tara,
259 4150 338 4202 supra
356 4149 379 4185 0.
391 4138 415 4184 8.
656 4193 661 4205 ⁸
806 4078 914 4198 Silqom,
932 4127 1038 4182 Medius
1050 4136 1140 4182 tamen
1158 4131 1288 4186 librorum
1303 4135 1392 4198 senpffl·

207 4199 404 4270 Cap.11,§.1.
433 4199 606 4268 Spitamenen]
635 4195 679 4248 Sic
696 4198 776 4248 Bern.
812 4214 870 4251 ram
888 4213 994 4264 oeqrom
1002 4200 1075 4267 fuya
1091 4199 1238 4254 revocavit.

171 4267 197 4320 A
214 4268 285 4320 Flor.
299 4269 390 4322 ADFI
412 4287 470 4322 cum
488 4265 569 4319 Snalr.
588 4273 617 4316 et
639 4263 707 4316 illius
732 4282 777 4318 co·
848 4269 907 4333 §.t
942 4267 1074 4318 acinacem
1091 4269 1200 4323 strinxit
1228 4258 1391 4324 Flornlaeit

173 4334 273 4387 dicibus
292 4336 414 4391 universe
432 4333 579 4408 appellatis.
605 4332 695 4403 Vulgo
714 4334 777 4402 Spi·
814 4336 917 4404 (song.
930 4339 989 4397 ¹·2l
1007 4337 1144 4403 acinacim,
1163 4339 1210 4391 sed
1228 4336 1390 4405 71116οι11·

174 4410 306 4458 temonem.
579 4468 581 4473 Ι
814 4405 951 4458 0010000111
969 4402 1024 4456 siue
1040 4402 1160 4458 variante
1177 4405 1295 4462 lectione.
