<?xml version="1.0" encoding="UTF-8"?>
<!DOCTYPE html PUBLIC "-//W3C//DTD XHTML 1.0 Transitional//EN"
    "http://www.w3.org/TR/xhtml1/DTD/xhtml1-transitional.dtd">
<html xmlns="http://www.w3.org/1999/xhtml" xml:lang="en" lang="en">
 <head>
  <title>
</title>
<meta http-equiv="Content-Type" content="text/html;charset=utf-8" />
  <meta name='ocr-system' content='tesseract 3.04.00' />
  <meta name='ocr-capabilities' content='ocr_page ocr_carea ocr_par ocr_line ocrx_word'/>
</head>
<body>
  <div class='ocr_page' id='page_1' title='image "./qcurtiirufidege01rufugoog_0218.png"; bbox 0 0 2926 5174; ppageno 0'>
   <div class='ocr_carea' id='block_1_1' title="bbox 464 272 1329 356">
    <p class='ocr_par' dir='ltr' id='par_1_1' title="bbox 464 272 1329 356">
     <span class='ocr_line' id='line_1_1' title="bbox 464 272 1329 356; baseline 0.009 -21"><span class='ocrx_word' id='word_1_1' title='bbox 464 287 513 336; x_wconf 84' lang='lat' dir='ltr'><strong>rm</strong></span> <span class='ocrx_word' id='word_1_2' title='bbox 540 285 667 337; x_wconf 84' lang='lat' dir='ltr'><strong>srsrrs</strong></span> <span class='ocrx_word' id='word_1_3' title='bbox 694 286 803 337; x_wconf 78' lang='lat' dir='ltr'><strong>Anax.</strong></span> <span class='ocrx_word' id='word_1_4' title='bbox 836 287 873 356; x_wconf 86' lang='lat' dir='ltr'><strong>v,</strong></span> <span class='ocrx_word' id='word_1_5' title='bbox 901 284 943 336; x_wconf 84' lang='lat'><strong>14.</strong></span> <span class='ocrx_word' id='word_1_6' title='bbox 1256 272 1329 342; x_wconf 85' lang='grc'><strong>187</strong></span> 
     </span>
    </p>
   </div>
   <div class='ocr_carea' id='block_1_2' title="bbox 87 467 1382 2455">
    <p class='ocr_par' dir='ltr' id='par_1_2' title="bbox 87 467 1334 1448">
     <span class='ocr_line' id='line_1_2' title="bbox 87 467 1333 568; baseline 0.009 -30"><span class='ocrx_word' id='word_1_7' title='bbox 87 468 232 544; x_wconf 78' lang='lat' dir='ltr'><strong>sbarbari</strong></span> <span class='ocrx_word' id='word_1_8' title='bbox 258 467 415 561; x_wconf 80' lang='lat' dir='ltr'><strong>credant,</strong></span> <span class='ocrx_word' id='word_1_9' title='bbox 442 469 559 566; x_wconf 92' lang='lat' dir='ltr'><strong>ipsum</strong></span> <span class='ocrx_word' id='word_1_10' title='bbox 585 494 708 568; x_wconf 91' lang='lat' dir='ltr'><strong>regem</strong></span> <span class='ocrx_word' id='word_1_11' title='bbox 733 469 770 542; x_wconf 93' lang='lat' dir='ltr'><strong>in</strong></span> <span class='ocrx_word' id='word_1_12' title='bbox 797 470 924 543; x_wconf 87' lang='lat' dir='ltr'><strong>castris</strong></span> <span class='ocrx_word' id='word_1_13' title='bbox 951 495 1041 543; x_wconf 88' lang='lat' dir='ltr'><strong>esse.</strong></span> <span class='ocrx_word' id='word_1_14' title='bbox 1095 469 1273 566; x_wconf 79' lang='lat' dir='ltr'><strong>Ceterum,</strong></span> <span class='ocrx_word' id='word_1_15' title='bbox 1301 475 1333 549; x_wconf 90' lang='lat' dir='ltr'><strong>si</strong></span> 
     </span>
     <span class='ocr_line' id='line_1_3' title="bbox 107 579 1332 679; baseline 0.006 -27"><span class='ocrx_word' id='word_1_16' title='bbox 107 582 182 652; x_wconf 86' lang='lat' dir='ltr'><strong>forte</strong></span> <span class='ocrx_word' id='word_1_17' title='bbox 194 579 454 653; x_wconf 84' lang='lat' dir='ltr'><strong>Ariobarzanes</strong></span> <span class='ocrx_word' id='word_1_18' title='bbox 482 582 720 678; x_wconf 79' lang='lat' dir='ltr'><strong>cognovisset,</strong></span> <span class='ocrx_word' id='word_1_19' title='bbox 746 606 812 679; x_wconf 89' lang='lat' dir='ltr'><strong>per</strong></span> <span class='ocrx_word' id='word_1_20' title='bbox 837 582 979 654; x_wconf 88' lang='lat' dir='ltr'><strong>callium</strong></span> <span class='ocrx_word' id='word_1_21' title='bbox 993 583 1174 657; x_wconf 89' lang='lat' dir='ltr'><strong>anfractus</strong></span> <span class='ocrx_word' id='word_1_22' title='bbox 1186 587 1332 678; x_wconf 88' lang='lat' dir='ltr'><strong>intrare,</strong></span> 
     </span>
     <span class='ocr_line' id='line_1_4' title="bbox 108 690 1334 793; baseline 0.005 -29"><span class='ocrx_word' id='word_1_23' title='bbox 108 702 135 764; x_wconf 88' lang='lat' dir='ltr'><strong>et</strong></span> <span class='ocrx_word' id='word_1_24' title='bbox 155 690 199 763; x_wconf 90' lang='lat' dir='ltr'><strong>ad</strong></span> <span class='ocrx_word' id='word_1_25' title='bbox 230 691 477 788; x_wconf 90' lang='lat' dir='ltr'><strong>occupandum</strong></span> <span class='ocrx_word' id='word_1_26' title='bbox 511 692 579 764; x_wconf 90' lang='lat' dir='ltr'><strong>iter</strong></span> <span class='ocrx_word' id='word_1_27' title='bbox 594 734 596 739; x_wconf 20' lang='grc' dir='ltr'><strong><em>π</em></strong></span> <span class='ocrx_word' id='word_1_28' title='bbox 611 717 716 764; x_wconf 93' lang='lat' dir='ltr'><strong>suum</strong></span> <span class='ocrx_word' id='word_1_29' title='bbox 742 702 882 789; x_wconf 87' lang='lat' dir='ltr'><strong>partem</strong></span> <span class='ocrx_word' id='word_1_30' title='bbox 909 693 1092 789; x_wconf 89' lang='lat' dir='ltr'><strong>copiarum</strong></span> <span class='ocrx_word' id='word_1_31' title='bbox 1118 705 1334 793; x_wconf 79' lang='lat' dir='ltr'><strong>temptasset</strong></span> 
     </span>
     <span class='ocr_line' id='line_1_5' title="bbox 108 798 1332 904; baseline 0.005 -31"><span class='ocrx_word' id='word_1_32' title='bbox 108 826 279 899; x_wconf 87' lang='lat' dir='ltr'><strong>opponere,</strong></span> <span class='ocrx_word' id='word_1_33' title='bbox 307 798 476 874; x_wconf 84' lang='lat' dir='ltr'><strong>Craterus</strong></span> <span class='ocrx_word' id='word_1_34' title='bbox 504 829 586 875; x_wconf 90' lang='lat' dir='ltr'><strong>eum</strong></span> <span class='ocrx_word' id='word_1_35' title='bbox 612 803 711 875; x_wconf 90' lang='lat' dir='ltr'><strong>illato</strong></span> <span class='ocrx_word' id='word_1_36' title='bbox 736 811 875 875; x_wconf 90' lang='lat' dir='ltr'><strong>terrore</strong></span> <span class='ocrx_word' id='word_1_37' title='bbox 902 803 1083 895; x_wconf 87' lang='lat' dir='ltr'><strong>retineret,</strong></span> <span class='ocrx_word' id='word_1_38' title='bbox 1110 804 1158 877; x_wconf 93' lang='lat' dir='ltr'><strong>ad</strong></span> <span class='ocrx_word' id='word_1_39' title='bbox 1183 807 1332 904; x_wconf 91' lang='lat' dir='ltr'><strong>propius</strong></span> 
     </span>
     <span class='ocr_line' id='line_1_6' title="bbox 87 913 1332 1012; baseline 0.008 -31"><span class='ocrx_word' id='word_1_40' title='bbox 87 913 284 1010; x_wconf 76' lang='lat' dir='ltr'><strong>epericulurn</strong></span> <span class='ocrx_word' id='word_1_41' title='bbox 310 936 568 987; x_wconf 86' lang='lat' dir='ltr'><strong>conversurum</strong></span> <span class='ocrx_word' id='word_1_42' title='bbox 601 939 748 1012; x_wconf 83' lang='lat' dir='ltr'>agmen:</span> <span class='ocrx_word' id='word_1_43' title='bbox 784 914 839 986; x_wconf 92' lang='lat' dir='ltr'><strong>sin</strong></span> <span class='ocrx_word' id='word_1_44' title='bbox 865 923 987 985; x_wconf 91' lang='lat' dir='ltr'><strong>autem</strong></span> <span class='ocrx_word' id='word_1_45' title='bbox 1012 916 1090 1011; x_wconf 91' lang='lat' dir='ltr'><strong>ipse</strong></span> <span class='ocrx_word' id='word_1_46' title='bbox 1116 917 1258 991; x_wconf 87' lang='lat' dir='ltr'><strong>hostem</strong></span> <span class='ocrx_word' id='word_1_47' title='bbox 1283 921 1332 991; x_wconf 89' lang='lat' dir='ltr'><strong>fe·</strong></span> 
     </span>
     <span class='ocr_line' id='line_1_7' title="bbox 107 1023 1333 1121; baseline 0.006 -25"><span class='ocrx_word' id='word_1_48' title='bbox 107 1025 245 1114; x_wconf 89' lang='lat' dir='ltr'><strong>fellisset,</strong></span> <span class='ocrx_word' id='word_1_49' title='bbox 273 1033 310 1096; x_wconf 89' lang='lat' dir='ltr'><strong>et</strong></span> <span class='ocrx_word' id='word_1_50' title='bbox 337 1024 469 1096; x_wconf 90' lang='lat' dir='ltr'><strong>saltum</strong></span> <span class='ocrx_word' id='word_1_51' title='bbox 495 1034 725 1121; x_wconf 73' lang='lat' dir='ltr'><strong>occupasset,</strong></span> <span class='ocrx_word' id='word_1_52' title='bbox 762 1050 843 1096; x_wconf 90' lang='lat' dir='ltr'><strong>cum</strong></span> <span class='ocrx_word' id='word_1_53' title='bbox 878 1023 1136 1120; x_wconf 86' lang='lat' dir='ltr'><strong>trepidantium</strong></span> <span class='ocrx_word' id='word_1_54' title='bbox 1162 1027 1333 1102; x_wconf 91' lang='lat' dir='ltr'><strong>barbaro·</strong></span> 
     </span>
     <span class='ocr_line' id='line_1_8' title="bbox 108 1133 1333 1236; baseline 0.005 -30"><span class='ocrx_word' id='word_1_55' title='bbox 108 1161 171 1208; x_wconf 90' lang='lat' dir='ltr'><strong>rum</strong></span> <span class='ocrx_word' id='word_1_56' title='bbox 194 1136 389 1208; x_wconf 90' lang='lat' dir='ltr'><strong>tumultum</strong></span> <span class='ocrx_word' id='word_1_57' title='bbox 416 1134 633 1225; x_wconf 83' lang='lat' dir='ltr'><strong>exaudisset,</strong></span> <span class='ocrx_word' id='word_1_58' title='bbox 661 1133 968 1232; x_wconf 89' lang='lat' dir='ltr'><strong>[persequentium</strong></span> <span class='ocrx_word' id='word_1_59' title='bbox 982 1136 1130 1235; x_wconf 92' lang='lat' dir='ltr'><strong>regem,]</strong></span> <span class='ocrx_word' id='word_1_60' title='bbox 1157 1136 1195 1209; x_wconf 95' lang='lat' dir='ltr'><strong>id</strong></span> <span class='ocrx_word' id='word_1_61' title='bbox 1214 1139 1333 1236; x_wconf 89' lang='lat' dir='ltr'><strong>ipsum</strong></span> 
     </span>
     <span class='ocr_line' id='line_1_9' title="bbox 108 1244 1333 1348; baseline 0.007 -32"><span class='ocrx_word' id='word_1_62' title='bbox 108 1246 167 1336; x_wconf 88' lang='lat' dir='ltr'><strong>iter,</strong></span> <span class='ocrx_word' id='word_1_63' title='bbox 191 1272 260 1343; x_wconf 91' lang='lat' dir='ltr'><strong>quo</strong></span> <span class='ocrx_word' id='word_1_64' title='bbox 288 1246 403 1343; x_wconf 87' lang='lat' dir='ltr'><strong>pridie</strong></span> <span class='ocrx_word' id='word_1_65' title='bbox 429 1248 521 1344; x_wconf 91' lang='lat' dir='ltr'><strong>pulsi</strong></span> <span class='ocrx_word' id='word_1_66' title='bbox 546 1248 699 1336; x_wconf 89' lang='lat' dir='ltr'><strong>fuerant,</strong></span> <span class='ocrx_word' id='word_1_67' title='bbox 735 1272 780 1319; x_wconf 91' lang='lat' dir='ltr'><strong>ne</strong></span> <span class='ocrx_word' id='word_1_68' title='bbox 808 1246 990 1319; x_wconf 84' lang='lat' dir='ltr'><strong>dubitaret</strong></span> <span class='ocrx_word' id='word_1_69' title='bbox 1014 1244 1172 1344; x_wconf 83' lang='lat' dir='ltr'><strong>ingredi:</strong></span> <span class='ocrx_word' id='word_1_70' title='bbox 1201 1250 1333 1348; x_wconf 86' lang='lat' dir='ltr'><strong>quippe</strong></span> 
     </span>
     <span class='ocr_line' id='line_1_10' title="bbox 109 1357 919 1448; baseline -0.001 -20"><span class='ocrx_word' id='word_1_71' title='bbox 109 1382 240 1429; x_wconf 88' lang='lat' dir='ltr'><strong>vacumn</strong></span> <span class='ocrx_word' id='word_1_72' title='bbox 266 1358 354 1448; x_wconf 92' lang='lat' dir='ltr'><strong>fore,</strong></span> <span class='ocrx_word' id='word_1_73' title='bbox 380 1358 544 1431; x_wconf 87' lang='lat' dir='ltr'><strong>hostibus</strong></span> <span class='ocrx_word' id='word_1_74' title='bbox 571 1358 607 1430; x_wconf 91' lang='lat' dir='ltr'><strong>in</strong></span> <span class='ocrx_word' id='word_1_75' title='bbox 634 1367 748 1430; x_wconf 89' lang='lat' dir='ltr'><strong>semet</strong></span> <span class='ocrx_word' id='word_1_76' title='bbox 774 1357 919 1430; x_wconf 86' lang='lat' dir='ltr'><strong>aversis.</strong></span> 
     </span>
    </p>

    <p class='ocr_par' dir='ltr' id='par_1_3' title="bbox 87 1465 1382 2455">
     <span class='ocr_line' id='line_1_11' title="bbox 89 1465 1382 1567; baseline 0.005 -28"><span class='ocrx_word' id='word_1_77' title='bbox 89 1486 97 1532; x_wconf 82' lang='lat' dir='ltr'><strong>t</strong></span> <span class='ocrx_word' id='word_1_78' title='bbox 188 1467 268 1566; x_wconf 91' lang='lat' dir='ltr'><strong>Ipse</strong></span> <span class='ocrx_word' id='word_1_79' title='bbox 305 1470 413 1542; x_wconf 89' lang='lat' dir='ltr'><strong>tertia</strong></span> <span class='ocrx_word' id='word_1_80' title='bbox 447 1465 568 1566; x_wconf 89' lang='lat' dir='ltr'><strong>vigilia</strong></span> <span class='ocrx_word' id='word_1_81' title='bbox 595 1468 712 1540; x_wconf 86' lang='lat' dir='ltr'><strong>silenti</strong></span> <span class='ocrx_word' id='word_1_82' title='bbox 738 1468 898 1566; x_wconf 81' lang='lat' dir='ltr'><strong>agmine,</strong></span> <span class='ocrx_word' id='word_1_83' title='bbox 934 1493 976 1540; x_wconf 92' lang='lat' dir='ltr'><strong>ac</strong></span> <span class='ocrx_word' id='word_1_84' title='bbox 1001 1495 1047 1542; x_wconf 90' lang='lat' dir='ltr'><strong>ne</strong></span> <span class='ocrx_word' id='word_1_85' title='bbox 1073 1471 1163 1543; x_wconf 89' lang='lat' dir='ltr'><strong>tuba</strong></span> <span class='ocrx_word' id='word_1_86' title='bbox 1189 1470 1382 1567; x_wconf 86' lang='lat' dir='ltr'><strong>quideml5</strong></span> 
     </span>
     <span class='ocr_line' id='line_1_12' title="bbox 111 1578 1334 1678; baseline 0.003 -28"><span class='ocrx_word' id='word_1_87' title='bbox 111 1578 175 1651; x_wconf 89' lang='lat' dir='ltr'><strong>dato</strong></span> <span class='ocrx_word' id='word_1_88' title='bbox 205 1580 323 1676; x_wconf 90' lang='lat' dir='ltr'><strong>signo,</strong></span> <span class='ocrx_word' id='word_1_89' title='bbox 359 1581 476 1678; x_wconf 92' lang='lat' dir='ltr'><strong>pergit</strong></span> <span class='ocrx_word' id='word_1_90' title='bbox 510 1578 557 1651; x_wconf 88' lang='lat' dir='ltr'><strong>ad</strong></span> <span class='ocrx_word' id='word_1_91' title='bbox 589 1578 875 1652; x_wconf 88' lang='lat' dir='ltr'><strong>demonstratum</strong></span> <span class='ocrx_word' id='word_1_92' title='bbox 910 1580 979 1652; x_wconf 88' lang='lat' dir='ltr'><strong>iter</strong></span> <span class='ocrx_word' id='word_1_93' title='bbox 1005 1582 1155 1654; x_wconf 91' lang='lat' dir='ltr'><strong>callium.</strong></span> <span class='ocrx_word' id='word_1_94' title='bbox 1209 1581 1334 1654; x_wconf 91' lang='lat' dir='ltr'><strong>Tridui</strong></span> 
     </span>
     <span class='ocr_line' id='line_1_13' title="bbox 87 1690 1332 1786; baseline 0.006 -27"><span class='ocrx_word' id='word_1_95' title='bbox 87 1690 255 1763; x_wconf 78' lang='lat' dir='ltr'><strong>tahmenta</strong></span> <span class='ocrx_word' id='word_1_96' title='bbox 295 1700 442 1786; x_wconf 91' lang='lat' dir='ltr'><strong>portare</strong></span> <span class='ocrx_word' id='word_1_97' title='bbox 481 1691 630 1762; x_wconf 89' lang='lat' dir='ltr'><strong>militem</strong></span> <span class='ocrx_word' id='word_1_98' title='bbox 661 1690 815 1763; x_wconf 90' lang='lat' dir='ltr'><strong>iusserat</strong></span> <span class='ocrx_word' id='word_1_99' title='bbox 849 1692 977 1764; x_wconf 82' lang='lat' dir='ltr'><strong>leviter</strong></span> <span class='ocrx_word' id='word_1_100' title='bbox 1009 1703 1197 1764; x_wconf 89' lang='lat' dir='ltr'><strong>armatum.</strong></span> <span class='ocrx_word' id='word_1_101' title='bbox 1259 1690 1332 1766; x_wconf 82' lang='lat' dir='ltr'><strong>Sed</strong></span> 
     </span>
     <span class='ocr_line' id='line_1_14' title="bbox 110 1803 1331 1900; baseline 0.006 -30"><span class='ocrx_word' id='word_1_102' title='bbox 110 1812 228 1896; x_wconf 90' lang='lat' dir='ltr'><strong>praeter</strong></span> <span class='ocrx_word' id='word_1_103' title='bbox 253 1803 370 1874; x_wconf 87' lang='lat' dir='ltr'><strong>invias</strong></span> <span class='ocrx_word' id='word_1_104' title='bbox 397 1827 504 1900; x_wconf 91' lang='lat' dir='ltr'><strong>rupes</strong></span> <span class='ocrx_word' id='word_1_105' title='bbox 533 1826 575 1873; x_wconf 89' lang='lat' dir='ltr'><strong>ac</strong></span> <span class='ocrx_word' id='word_1_106' title='bbox 601 1812 795 1899; x_wconf 85' lang='lat' dir='ltr'><strong>praerupta</strong></span> <span class='ocrx_word' id='word_1_107' title='bbox 822 1827 927 1893; x_wconf 84' lang='lat' dir='ltr'><strong>saxa,</strong></span> <span class='ocrx_word' id='word_1_108' title='bbox 959 1803 1152 1899; x_wconf 87' lang='lat' dir='ltr'><strong>vestigium</strong></span> <span class='ocrx_word' id='word_1_109' title='bbox 1179 1804 1331 1878; x_wconf 90' lang='lat' dir='ltr'><strong>subinde</strong></span> 
     </span>
     <span class='ocr_line' id='line_1_15' title="bbox 110 1911 1332 2012; baseline 0.006 -32"><span class='ocrx_word' id='word_1_110' title='bbox 110 1911 252 2003; x_wconf 85' lang='lat' dir='ltr'><strong>fallentia,</strong></span> <span class='ocrx_word' id='word_1_111' title='bbox 279 1915 344 1985; x_wconf 85' lang='lat' dir='ltr'><strong>nix</strong></span> <span class='ocrx_word' id='word_1_112' title='bbox 371 1915 551 1986; x_wconf 88' lang='lat' dir='ltr'><strong>cumulata</strong></span> <span class='ocrx_word' id='word_1_113' title='bbox 577 1922 688 1984; x_wconf 88' lang='lat' dir='ltr'><strong>vento</strong></span> <span class='ocrx_word' id='word_1_114' title='bbox 713 1912 954 2010; x_wconf 79' lang='lat' dir='ltr'><strong>ingredientes</strong></span> <span class='ocrx_word' id='word_1_115' title='bbox 980 1914 1171 2011; x_wconf 86' lang='lat' dir='ltr'><strong>fatigabat:</strong></span> <span class='ocrx_word' id='word_1_116' title='bbox 1201 1915 1332 2012; x_wconf 89' lang='lat' dir='ltr'><strong>quippe</strong></span> 
     </span>
     <span class='ocr_line' id='line_1_16' title="bbox 111 2024 1332 2114; baseline 0.003 -21"><span class='ocrx_word' id='word_1_117' title='bbox 111 2024 248 2096; x_wconf 89' lang='lat' dir='ltr'><strong>velutin</strong></span> <span class='ocrx_word' id='word_1_118' title='bbox 274 2026 399 2096; x_wconf 89' lang='lat' dir='ltr'><strong>foveas</strong></span> <span class='ocrx_word' id='word_1_119' title='bbox 427 2024 536 2097; x_wconf 88' lang='lat' dir='ltr'><strong>delati</strong></span> <span class='ocrx_word' id='word_1_120' title='bbox 562 2024 836 2114; x_wconf 88' lang='lat' dir='ltr'><strong>hauriebantur,</strong></span> <span class='ocrx_word' id='word_1_121' title='bbox 869 2034 906 2096; x_wconf 90' lang='lat' dir='ltr'><strong>et</strong></span> <span class='ocrx_word' id='word_1_122' title='bbox 932 2050 1013 2097; x_wconf 90' lang='lat' dir='ltr'><strong>cum</strong></span> <span class='ocrx_word' id='word_1_123' title='bbox 1040 2050 1062 2096; x_wconf 90' lang='lat' dir='ltr'><strong>a</strong></span> <span class='ocrx_word' id='word_1_124' title='bbox 1088 2025 1332 2097; x_wconf 92' lang='lat' dir='ltr'><strong>commilitoni·</strong></span> 
     </span>
     <span class='ocr_line' id='line_1_17' title="bbox 111 2122 1332 2232; baseline 0.004 -28"><span class='ocrx_word' id='word_1_125' title='bbox 111 2131 158 2206; x_wconf 91' lang='lat' dir='ltr'><strong>bus</strong></span> <span class='ocrx_word' id='word_1_126' title='bbox 182 2137 433 2226; x_wconf 86' lang='lat' dir='ltr'><strong>allevarentur,</strong></span> <span class='ocrx_word' id='word_1_127' title='bbox 459 2136 653 2208; x_wconf 88' lang='lat' dir='ltr'><strong>trahebant</strong></span> <span class='ocrx_word' id='word_1_128' title='bbox 678 2135 791 2232; x_wconf 90' lang='lat' dir='ltr'><strong>magis</strong></span> <span class='ocrx_word' id='word_1_129' title='bbox 818 2122 1047 2225; x_wconf 79' lang='lat' dir='ltr'><strong>adiuvantes,</strong></span> <span class='ocrx_word' id='word_1_130' title='bbox 1075 2161 1182 2231; x_wconf 91' lang='lat' dir='ltr'><strong>quam</strong></span> <span class='ocrx_word' id='word_1_131' title='bbox 1209 2160 1332 2231; x_wconf 88' lang='lat' dir='ltr'><strong>seque·</strong></span> 
     </span>
     <span class='ocr_line' id='line_1_18' title="bbox 87 2241 1332 2344; baseline 0.005 -30"><span class='ocrx_word' id='word_1_132' title='bbox 87 2256 101 2306; x_wconf 84' lang='lat' dir='ltr'><strong>a</strong></span> <span class='ocrx_word' id='word_1_133' title='bbox 112 2241 226 2318; x_wconf 88' lang='lat' dir='ltr'><strong>bantur.</strong></span> <span class='ocrx_word' id='word_1_134' title='bbox 275 2246 361 2319; x_wconf 85' lang='lat' dir='ltr'><strong>Nox</strong></span> <span class='ocrx_word' id='word_1_135' title='bbox 388 2272 539 2344; x_wconf 88' lang='lat' dir='ltr'><strong>quoque,</strong></span> <span class='ocrx_word' id='word_1_136' title='bbox 566 2257 603 2319; x_wconf 92' lang='lat' dir='ltr'><strong>et</strong></span> <span class='ocrx_word' id='word_1_137' title='bbox 627 2247 752 2344; x_wconf 89' lang='lat' dir='ltr'><strong>ignota</strong></span> <span class='ocrx_word' id='word_1_138' title='bbox 777 2246 886 2343; x_wconf 81' lang='lat' dir='ltr'><strong>regiO,</strong></span> <span class='ocrx_word' id='word_1_139' title='bbox 913 2272 955 2319; x_wconf 93' lang='lat' dir='ltr'><strong>ac</strong></span> <span class='ocrx_word' id='word_1_140' title='bbox 982 2245 1058 2318; x_wconf 87' lang='lat' dir='ltr'><strong>dux</strong></span> <span class='ocrx_word' id='word_1_141' title='bbox 1083 2247 1259 2320; x_wconf 89' lang='lat' dir='ltr'><strong>incertum</strong></span> <span class='ocrx_word' id='word_1_142' title='bbox 1285 2273 1332 2320; x_wconf 92' lang='lat' dir='ltr'><strong>an</strong></span> 
     </span>
     <span class='ocr_line' id='line_1_19' title="bbox 112 2356 1330 2455; baseline 0.003 -28"><span class='ocrx_word' id='word_1_143' title='bbox 112 2358 176 2429; x_wconf 86' lang='lat' dir='ltr'><strong>satis</strong></span> <span class='ocrx_word' id='word_1_144' title='bbox 206 2359 319 2447; x_wconf 84' lang='lat' dir='ltr'><strong>fidus,</strong></span> <span class='ocrx_word' id='word_1_145' title='bbox 355 2357 640 2455; x_wconf 80' lang='lat' dir='ltr'><strong>multiplicabant</strong></span> <span class='ocrx_word' id='word_1_146' title='bbox 672 2367 827 2429; x_wconf 87' lang='lat' dir='ltr'><strong>metum:</strong></span> <span class='ocrx_word' id='word_1_147' title='bbox 870 2358 899 2429; x_wconf 91' lang='lat' dir='ltr'><strong>si</strong></span> <span class='ocrx_word' id='word_1_148' title='bbox 934 2356 1103 2431; x_wconf 90' lang='lat' dir='ltr'><strong>custodes</strong></span> <span class='ocrx_word' id='word_1_149' title='bbox 1136 2359 1330 2450; x_wconf 84' lang='lat' dir='ltr'><strong>fefellisset,</strong></span> 
     </span>
    </p>
   </div>
   <div class='ocr_carea' id='block_1_3' title="bbox 108 2540 1333 4186">
    <p class='ocr_par' dir='ltr' id='par_1_4' title="bbox 112 2540 1332 2816">
     <span class='ocr_line' id='line_1_20' title="bbox 135 2540 1331 2611; baseline 0.002 -17"><span class='ocrx_word' id='word_1_150' title='bbox 135 2543 153 2602; x_wconf 73' lang='lat'><strong>§-</strong></span> <span class='ocrx_word' id='word_1_151' title='bbox 169 2548 204 2594; x_wconf 83' lang='lat'><strong>15.</strong></span> <span class='ocrx_word' id='word_1_152' title='bbox 230 2560 283 2611; x_wconf 82' lang='lat' dir='ltr'><strong>per</strong></span> <span class='ocrx_word' id='word_1_153' title='bbox 302 2543 409 2594; x_wconf 87' lang='lat' dir='ltr'><strong>callium</strong></span> <span class='ocrx_word' id='word_1_154' title='bbox 428 2543 564 2611; x_wconf 86' lang='lat' dir='ltr'><strong>anfractus</strong></span> <span class='ocrx_word' id='word_1_155' title='bbox 582 2541 692 2607; x_wconf 84' lang='lat' dir='ltr'><strong>intrare,</strong></span> <span class='ocrx_word' id='word_1_156' title='bbox 763 2540 827 2611; x_wconf 84' lang='lat' dir='ltr'><strong>Cap.</strong></span> <span class='ocrx_word' id='word_1_157' title='bbox 848 2547 892 2607; x_wconf 84' lang='lat'><strong>15,</strong></span> <span class='ocrx_word' id='word_1_158' title='bbox 921 2545 944 2606; x_wconf 84' lang='lat'><strong>§.</strong></span> <span class='ocrx_word' id='word_1_159' title='bbox 965 2547 1005 2594; x_wconf 87' lang='grc'><strong>18.</strong></span> <span class='ocrx_word' id='word_1_160' title='bbox 1041 2544 1217 2596; x_wconf 78' lang='lat' dir='ltr'><strong>allevarentur</strong></span> <span class='ocrx_word' id='word_1_161' title='bbox 1241 2559 1331 2596; x_wconf 87' lang='lat' dir='ltr'><strong>omnes</strong></span> 
     </span>
     <span class='ocr_line' id='line_1_21' title="bbox 112 2605 1332 2681; baseline 0.006 -23"><span class='ocrx_word' id='word_1_162' title='bbox 112 2605 149 2658; x_wconf 83' lang='lat' dir='ltr'><strong>scil.</strong></span> <span class='ocrx_word' id='word_1_163' title='bbox 163 2628 195 2675; x_wconf 88' lang='lat' dir='ltr'><strong>se,</strong></span> <span class='ocrx_word' id='word_1_164' title='bbox 213 2612 286 2680; x_wconf 92' lang='lat' dir='ltr'><strong>quod</strong></span> <span class='ocrx_word' id='word_1_165' title='bbox 305 2627 364 2662; x_wconf 91' lang='lat' dir='ltr'><strong>cum</strong></span> <span class='ocrx_word' id='word_1_166' title='bbox 382 2609 532 2678; x_wconf 87' lang='lat' dir='ltr'><strong>ambiguum</strong></span> <span class='ocrx_word' id='word_1_167' title='bbox 548 2608 693 2661; x_wconf 87' lang='lat' dir='ltr'><strong>essetomi·</strong></span> <span class='ocrx_word' id='word_1_168' title='bbox 726 2607 788 2661; x_wconf 92' lang='lat' dir='ltr'><strong>libri</strong></span> <span class='ocrx_word' id='word_1_169' title='bbox 813 2608 897 2662; x_wconf 83' lang='lat' dir='ltr'><strong>nostri</strong></span> <span class='ocrx_word' id='word_1_170' title='bbox 920 2616 981 2662; x_wconf 85' lang='lat' dir='ltr'><strong>cum&#39;</strong></span> <span class='ocrx_word' id='word_1_171' title='bbox 997 2609 1071 2663; x_wconf 89' lang='lat' dir='ltr'><strong>Leid.</strong></span> <span class='ocrx_word' id='word_1_172' title='bbox 1090 2612 1167 2665; x_wconf 89' lang='lat' dir='ltr'><strong>Voss.</strong></span> <span class='ocrx_word' id='word_1_173' title='bbox 1189 2621 1218 2678; x_wconf 92' lang='lat' dir='ltr'><strong>l,</strong></span> <span class='ocrx_word' id='word_1_174' title='bbox 1237 2618 1332 2681; x_wconf 88' lang='lat' dir='ltr'><strong>estque</strong></span> 
     </span>
     <span class='ocr_line' id='line_1_22' title="bbox 112 2672 1332 2750; baseline 0.004 -24"><span class='ocrx_word' id='word_1_175' title='bbox 112 2672 136 2726; x_wconf 89' lang='lat' dir='ltr'><strong>sit</strong></span> <span class='ocrx_word' id='word_1_176' title='bbox 153 2679 234 2746; x_wconf 90' lang='lat' dir='ltr'><strong>potius</strong></span> <span class='ocrx_word' id='word_1_177' title='bbox 259 2688 361 2731; x_wconf 88' lang='lat' dir='ltr'><strong>auctor.</strong></span> <span class='ocrx_word' id='word_1_178' title='bbox 397 2678 467 2730; x_wconf 86' lang='lat' dir='ltr'><strong>Edd.</strong></span> <span class='ocrx_word' id='word_1_179' title='bbox 490 2685 596 2747; x_wconf 87' lang='lat' dir='ltr'><strong>praeter</strong></span> <span class='ocrx_word' id='word_1_180' title='bbox 612 2677 689 2731; x_wconf 90' lang='lat' dir='ltr'><strong>Mod.</strong></span> <span class='ocrx_word' id='word_1_181' title='bbox 727 2678 777 2730; x_wconf 88' lang='lat' dir='ltr'><strong>hoc</strong></span> <span class='ocrx_word' id='word_1_182' title='bbox 794 2677 940 2731; x_wconf 90' lang='lat' dir='ltr'><strong>sustinendi</strong></span> <span class='ocrx_word' id='word_1_183' title='bbox 965 2678 1135 2750; x_wconf 86' lang='lat' dir='ltr'><strong>erigendique</strong></span> <span class='ocrx_word' id='word_1_184' title='bbox 1158 2697 1235 2733; x_wconf 87' lang='lat' dir='ltr'><strong>sensu</strong></span> <span class='ocrx_word' id='word_1_185' title='bbox 1253 2678 1332 2750; x_wconf 88' lang='lat' dir='ltr'><strong>longe</strong></span> 
     </span>
     <span class='ocr_line' id='line_1_23' title="bbox 112 2746 1252 2816; baseline 0.003 -21"><span class='ocrx_word' id='word_1_186' title='bbox 112 2758 157 2807; x_wconf 84' lang='lat' dir='ltr'><strong>eum,</strong></span> <span class='ocrx_word' id='word_1_187' title='bbox 172 2749 240 2816; x_wconf 89' lang='lat' dir='ltr'><strong>quod</strong></span> <span class='ocrx_word' id='word_1_188' title='bbox 257 2748 286 2799; x_wconf 94' lang='lat' dir='ltr'><strong>in</strong></span> <span class='ocrx_word' id='word_1_189' title='bbox 304 2746 377 2799; x_wconf 92' lang='lat' dir='ltr'><strong>nullo</strong></span> <span class='ocrx_word' id='word_1_190' title='bbox 395 2754 465 2798; x_wconf 90' lang='lat' dir='ltr'><strong>msto</strong></span> <span class='ocrx_word' id='word_1_191' title='bbox 483 2755 532 2798; x_wconf 88' lang='lat' dir='ltr'><strong>est.</strong></span> <span class='ocrx_word' id='word_1_192' title='bbox 725 2746 890 2815; x_wconf 85' lang='lat' dir='ltr'><strong>frequentius</strong></span> <span class='ocrx_word' id='word_1_193' title='bbox 909 2763 988 2814; x_wconf 87' lang='lat' dir='ltr'><strong>quam</strong></span> <span class='ocrx_word' id='word_1_194' title='bbox 1006 2747 1077 2816; x_wconf 85' lang='lat' dir='ltr'><strong>vulg.</strong></span> <span class='ocrx_word' id='word_1_195' title='bbox 1096 2751 1252 2800; x_wconf 81' lang='lat' dir='ltr'><strong>levarentur.</strong></span> 
     </span>
    </p>

    <p class='ocr_par' dir='ltr' id='par_1_5' title="bbox 108 2813 1333 3569">
     <span class='ocr_line' id='line_1_24' title="bbox 137 2813 1331 2939; baseline 0.003 -75"><span class='ocrx_word' id='word_1_196' title='bbox 137 2813 249 2868; x_wconf 77' lang='lat' dir='ltr'><strong>Craterus</strong></span> <span class='ocrx_word' id='word_1_197' title='bbox 269 2833 327 2868; x_wconf 84' lang='lat' dir='ltr'><strong>eum</strong></span> <span class='ocrx_word' id='word_1_198' title='bbox 345 2846 378 2854; x_wconf 86' lang='lat'>-</span> <span class='ocrx_word' id='word_1_199' title='bbox 397 2816 519 2867; x_wconf 79' lang='lat' dir='ltr'><strong>retineret</strong></span> <span class='ocrx_word' id='word_1_200' title='bbox 536 2845 571 2855; x_wconf 83' lang='lat'><em>-</em></span> <span class='ocrx_word' id='word_1_201' title='bbox 588 2832 692 2866; x_wconf 83' lang='lat' dir='ltr'><strong>coaoer-</strong></span> <span class='ocrx_word' id='word_1_202' title='bbox 762 2819 785 2880; x_wconf 84' lang='lat'><strong>§.</strong></span> <span class='ocrx_word' id='word_1_203' title='bbox 806 2823 846 2868; x_wconf 85' lang='grc'><strong>19.</strong></span> <span class='ocrx_word' id='word_1_204' title='bbox 881 2816 1007 2867; x_wconf 85' lang='lat' dir='ltr'><strong>incertum</strong></span> <span class='ocrx_word' id='word_1_205' title='bbox 1029 2834 1065 2867; x_wconf 83' lang='lat' dir='ltr'><strong>aa</strong></span> <span class='ocrx_word' id='word_1_206' title='bbox 1083 2818 1150 2868; x_wconf 88' lang='lat' dir='ltr'><strong>satis</strong></span> <span class='ocrx_word' id='word_1_207' title='bbox 1158 2816 1256 2939; x_wconf 45' lang='lat' dir='ltr'><strong>fimi</strong></span> <span class='ocrx_word' id='word_1_208' title='bbox 1284 2816 1331 2868; x_wconf 84' lang='lat' dir='ltr'><strong>Irt-</strong></span> 
     </span>
     <span class='ocr_line' id='line_1_25' title="bbox 110 2881 1329 2953; baseline 0.002 -19"><span class='ocrx_word' id='word_1_209' title='bbox 110 2887 187 2950; x_wconf 77' lang='lat' dir='ltr'><strong>turum]</strong></span> <span class='ocrx_word' id='word_1_210' title='bbox 230 2884 322 2953; x_wconf 89' lang='lat' dir='ltr'><strong>Vulgo</strong></span> <span class='ocrx_word' id='word_1_211' title='bbox 352 2885 380 2935; x_wconf 84' lang='lat' dir='ltr'><strong>in</strong></span> <span class='ocrx_word' id='word_1_212' title='bbox 409 2901 466 2936; x_wconf 89' lang='lat' dir='ltr'><strong>eum</strong></span> <span class='ocrx_word' id='word_1_213' title='bbox 493 2884 566 2935; x_wconf 87' lang='lat' dir='ltr'><strong>illuto</strong></span> <span class='ocrx_word' id='word_1_214' title='bbox 594 2892 692 2936; x_wconf 80' lang='lat' dir='ltr'><strong>terrore</strong></span> <span class='ocrx_word' id='word_1_215' title='bbox 727 2893 812 2936; x_wconf 87' lang='lat' dir='ltr'><strong>certus</strong></span> <span class='ocrx_word' id='word_1_216' title='bbox 835 2882 907 2935; x_wconf 88' lang='lat' dir='ltr'><strong>Flor.</strong></span> <span class='ocrx_word' id='word_1_217' title='bbox 933 2882 1073 2935; x_wconf 84' lang='lat' dir='ltr'>CDEFHI</span> <span class='ocrx_word' id='word_1_218' title='bbox 1091 2883 1214 2936; x_wconf 90' lang='lat' dir='ltr'><strong>Bern.B</strong></span> <span class='ocrx_word' id='word_1_219' title='bbox 1257 2881 1290 2934; x_wconf 84' lang='lat' dir='ltr'><strong>al.</strong></span> <span class='ocrx_word' id='word_1_220' title='bbox 1315 2890 1329 2936; x_wconf 95' lang='lat'>1</span> 
     </span>
     <span class='ocr_line' id='line_1_26' title="bbox 110 2951 1332 3031; baseline 0.005 -34"><span class='ocrx_word' id='word_1_221' title='bbox 110 2951 409 3005; x_wconf 82' lang='lat' dir='ltr'><strong>retineret—conuersum</strong></span> <span class='ocrx_word' id='word_1_222' title='bbox 425 2968 527 3020; x_wconf 68' lang='lat' dir='ltr'><strong>cymen,</strong></span> <span class='ocrx_word' id='word_1_223' title='bbox 546 2967 600 3003; x_wconf 93' lang='lat' dir='ltr'><strong>non</strong></span> <span class='ocrx_word' id='word_1_224' title='bbox 610 2952 692 3031; x_wconf 87' lang='lat' dir='ltr'><strong>plane</strong></span> <span class='ocrx_word' id='word_1_225' title='bbox 726 2951 805 3004; x_wconf 89' lang='lat' dir='ltr'><strong>Voss.</strong></span> <span class='ocrx_word' id='word_1_226' title='bbox 828 2958 843 3003; x_wconf 83' lang='lat'>2</span> <span class='ocrx_word' id='word_1_227' title='bbox 875 2957 974 3016; x_wconf 82' lang='lat' dir='ltr'><strong>(totum</strong></span> <span class='ocrx_word' id='word_1_228' title='bbox 1003 2967 1111 3020; x_wconf 82' lang='lat' dir='ltr'><strong>gregem</strong></span> <span class='ocrx_word' id='word_1_229' title='bbox 1143 2959 1332 3021; x_wconf 90' lang='lat' dir='ltr'><strong>corruptorum</strong></span> 
     </span>
     <span class='ocr_line' id='line_1_27' title="bbox 109 3012 1333 3096; baseline 0 -25"><span class='ocrx_word' id='word_1_230' title='bbox 109 3012 185 3096; x_wconf 81' lang='lat' dir='ltr'><strong>inepte,</strong></span> <span class='ocrx_word' id='word_1_231' title='bbox 202 3030 232 3074; x_wconf 92' lang='lat' dir='ltr'><strong>ut</strong></span> <span class='ocrx_word' id='word_1_232' title='bbox 250 3022 289 3073; x_wconf 88' lang='lat' dir='ltr'><strong>ait</strong></span> <span class='ocrx_word' id='word_1_233' title='bbox 307 3021 429 3086; x_wconf 89' lang='lat' dir='ltr'><strong>Modius,</strong></span> <span class='ocrx_word' id='word_1_234' title='bbox 448 3020 495 3072; x_wconf 89' lang='lat' dir='ltr'><strong>sed</strong></span> <span class='ocrx_word' id='word_1_235' title='bbox 512 3020 590 3090; x_wconf 87' lang='lat' dir='ltr'><strong>paulo</strong></span> <span class='ocrx_word' id='word_1_236' title='bbox 608 3036 691 3090; x_wconf 90' lang='lat' dir='ltr'><strong>1mpe-</strong></span> <span class='ocrx_word' id='word_1_237' title='bbox 726 3019 855 3072; x_wconf 89' lang='lat' dir='ltr'><strong>librorum</strong></span> <span class='ocrx_word' id='word_1_238' title='bbox 878 3017 964 3088; x_wconf 86' lang='lat' dir='ltr'><strong>vides)</strong></span> <span class='ocrx_word' id='word_1_239' title='bbox 989 3035 1048 3070; x_wconf 93' lang='lat' dir='ltr'><strong>cum</strong></span> <span class='ocrx_word' id='word_1_240' title='bbox 1072 3019 1131 3071; x_wconf 88' lang='lat' dir='ltr'><strong>edd.</strong></span> <span class='ocrx_word' id='word_1_241' title='bbox 1159 3026 1225 3071; x_wconf 88' lang='lat' dir='ltr'><strong>vett.</strong></span> <span class='ocrx_word' id='word_1_242' title='bbox 1250 3035 1333 3089; x_wconf 89' lang='lat' dir='ltr'><strong>usque</strong></span> 
     </span>
     <span class='ocr_line' id='line_1_28' title="bbox 109 3082 1333 3157; baseline 0.004 -22"><span class='ocrx_word' id='word_1_243' title='bbox 109 3082 184 3141; x_wconf 84' lang='lat' dir='ltr'><strong>ditrore</strong></span> <span class='ocrx_word' id='word_1_244' title='bbox 203 3098 338 3142; x_wconf 86' lang='lat' dir='ltr'><strong>structura</strong></span> <span class='ocrx_word' id='word_1_245' title='bbox 362 3097 390 3141; x_wconf 92' lang='lat' dir='ltr'><strong>et</strong></span> <span class='ocrx_word' id='word_1_246' title='bbox 407 3095 501 3142; x_wconf 88' lang='lat' dir='ltr'><strong>contra</strong></span> <span class='ocrx_word' id='word_1_247' title='bbox 524 3088 603 3142; x_wconf 88' lang='lat' dir='ltr'><strong>libros</strong></span> <span class='ocrx_word' id='word_1_248' title='bbox 621 3106 691 3155; x_wconf 85' lang='lat' dir='ltr'><strong>msa,</strong></span> <span class='ocrx_word' id='word_1_249' title='bbox 726 3088 760 3139; x_wconf 89' lang='lat' dir='ltr'><strong>ad</strong></span> <span class='ocrx_word' id='word_1_250' title='bbox 786 3087 937 3151; x_wconf 81' lang='lat' dir='ltr'><strong>Iunianum,</strong></span> <span class='ocrx_word' id='word_1_251' title='bbox 964 3085 992 3138; x_wconf 93' lang='lat' dir='ltr'><strong>in</strong></span> <span class='ocrx_word' id='word_1_252' title='bbox 1017 3104 1070 3156; x_wconf 86' lang='lat' dir='ltr'><strong>qua</strong></span> <span class='ocrx_word' id='word_1_253' title='bbox 1096 3087 1208 3157; x_wconf 85' lang='lat' dir='ltr'><strong>primum</strong></span> <span class='ocrx_word' id='word_1_254' title='bbox 1234 3086 1333 3156; x_wconf 87' lang='lat' dir='ltr'><strong>legitur</strong></span> 
     </span>
     <span class='ocr_line' id='line_1_29' title="bbox 108 3154 1331 3224; baseline 0.001 -17"><span class='ocrx_word' id='word_1_255' title='bbox 108 3167 121 3203; x_wconf 70' lang='lat'>⁸</span> <span class='ocrx_word' id='word_1_256' title='bbox 152 3157 219 3210; x_wconf 91' lang='lat' dir='ltr'><strong>uibus</strong></span> <span class='ocrx_word' id='word_1_257' title='bbox 244 3157 368 3211; x_wconf 89' lang='lat' dir='ltr'><strong>omnibus</strong></span> <span class='ocrx_word' id='word_1_258' title='bbox 395 3159 423 3209; x_wconf 84' lang='lat' dir='ltr'><strong>in</strong></span> <span class='ocrx_word' id='word_1_259' title='bbox 447 3164 511 3208; x_wconf 86' lang='lat' dir='ltr'><strong>ante</strong></span> <span class='ocrx_word' id='word_1_260' title='bbox 534 3174 590 3209; x_wconf 89' lang='lat' dir='ltr'><strong>eum</strong></span> <span class='ocrx_word' id='word_1_261' title='bbox 607 3159 691 3210; x_wconf 88' lang='lat' dir='ltr'><strong>abest.</strong></span> <span class='ocrx_word' id='word_1_262' title='bbox 726 3158 859 3208; x_wconf 81' lang='lat' dir='ltr'><strong>incertum.</strong></span> <span class='ocrx_word' id='word_1_263' title='bbox 895 3154 965 3207; x_wconf 86' lang='lat' dir='ltr'><strong>Vide</strong></span> <span class='ocrx_word' id='word_1_264' title='bbox 982 3155 1065 3208; x_wconf 86' lang='lat' dir='ltr'><strong>Drak.</strong></span> <span class='ocrx_word' id='word_1_265' title='bbox 1083 3157 1118 3208; x_wconf 89' lang='lat' dir='ltr'><strong>ad</strong></span> <span class='ocrx_word' id='word_1_266' title='bbox 1135 3155 1192 3208; x_wconf 88' lang='lat' dir='ltr'><strong>Liv.</strong></span> <span class='ocrx_word' id='word_1_267' title='bbox 1205 3170 1269 3220; x_wconf 84' lang='lat' dir='ltr'><strong>vm,</strong></span> <span class='ocrx_word' id='word_1_268' title='bbox 1289 3163 1331 3224; x_wconf 83' lang='lat'><strong>17,</strong></span> 
     </span>
     <span class='ocr_line' id='line_1_30' title="bbox 110 3172 1333 3300; baseline 0.004 -28"><span class='ocrx_word' id='word_1_269' title='bbox 110 3172 152 3300; x_wconf 72' lang='lat' dir='ltr'><strong>Sed</strong></span> <span class='ocrx_word' id='word_1_270' title='bbox 164 3236 270 3297; x_wconf 88' lang='lat' dir='ltr'><strong>apparet</strong></span> <span class='ocrx_word' id='word_1_271' title='bbox 287 3226 316 3278; x_wconf 93' lang='lat' dir='ltr'><strong>id</strong></span> <span class='ocrx_word' id='word_1_272' title='bbox 341 3225 464 3296; x_wconf 90' lang='lat' dir='ltr'><strong>aprimis</strong></span> <span class='ocrx_word' id='word_1_273' title='bbox 482 3224 626 3278; x_wconf 86' lang='lat' dir='ltr'><strong>editoribus</strong></span> <span class='ocrx_word' id='word_1_274' title='bbox 644 3227 690 3278; x_wconf 87' lang='lat' dir='ltr'><strong>ad·</strong></span> <span class='ocrx_word' id='word_1_275' title='bbox 727 3231 759 3277; x_wconf 89' lang='lat'><strong>10</strong></span> <span class='ocrx_word' id='word_1_276' title='bbox 777 3224 854 3276; x_wconf 90' lang='lat' dir='ltr'><strong>huius</strong></span> <span class='ocrx_word' id='word_1_277' title='bbox 875 3223 928 3275; x_wconf 89' lang='lat' dir='ltr'><strong>loci</strong></span> <span class='ocrx_word' id='word_1_278' title='bbox 953 3241 1007 3276; x_wconf 90' lang='lat' dir='ltr'><strong>non</strong></span> <span class='ocrx_word' id='word_1_279' title='bbox 1025 3223 1211 3278; x_wconf 88' lang='lat' dir='ltr'><strong>immemorem.</strong></span> <span class='ocrx_word' id='word_1_280' title='bbox 1247 3223 1333 3277; x_wconf 88' lang='lat' dir='ltr'><strong>Iidem</strong></span> 
     </span>
     <span class='ocr_line' id='line_1_31' title="bbox 109 3288 1332 3363; baseline 0.001 -18"><span class='ocrx_word' id='word_1_281' title='bbox 109 3288 174 3345; x_wconf 77' lang='lat' dir='ltr'><strong>dttum</strong></span> <span class='ocrx_word' id='word_1_282' title='bbox 197 3312 251 3348; x_wconf 90' lang='lat' dir='ltr'><strong>esse</strong></span> <span class='ocrx_word' id='word_1_283' title='bbox 269 3304 302 3347; x_wconf 93' lang='lat' dir='ltr'><strong>ut</strong></span> <span class='ocrx_word' id='word_1_284' title='bbox 320 3294 484 3347; x_wconf 88' lang='lat' dir='ltr'><strong>constructio</strong></span> <span class='ocrx_word' id='word_1_285' title='bbox 502 3293 690 3346; x_wconf 84' lang='lat' dir='ltr'><strong>absolveretur.</strong></span> <span class='ocrx_word' id='word_1_286' title='bbox 724 3293 785 3346; x_wconf 89' lang='lat' dir='ltr'><strong>libri</strong></span> <span class='ocrx_word' id='word_1_287' title='bbox 807 3311 867 3345; x_wconf 88' lang='lat' dir='ltr'><strong>mss.</strong></span> <span class='ocrx_word' id='word_1_288' title='bbox 895 3294 982 3360; x_wconf 88' lang='lat' dir='ltr'><strong>(certe</strong></span> <span class='ocrx_word' id='word_1_289' title='bbox 1005 3292 1089 3345; x_wconf 88' lang='lat' dir='ltr'><strong>nostri</strong></span> <span class='ocrx_word' id='word_1_290' title='bbox 1115 3294 1149 3346; x_wconf 91' lang='lat' dir='ltr'><strong>de</strong></span> <span class='ocrx_word' id='word_1_291' title='bbox 1174 3293 1269 3363; x_wconf 87' lang='lat' dir='ltr'><strong>quibus</strong></span> <span class='ocrx_word' id='word_1_292' title='bbox 1291 3301 1332 3346; x_wconf 82' lang='lat' dir='ltr'><strong>te·</strong></span> 
     </span>
     <span class='ocr_line' id='line_1_32' title="bbox 109 3355 1331 3433; baseline 0.001 -20"><span class='ocrx_word' id='word_1_293' title='bbox 109 3355 188 3415; x_wconf 83' lang='lat' dir='ltr'><strong>Verum</strong></span> <span class='ocrx_word' id='word_1_294' title='bbox 211 3363 304 3416; x_wconf 89' lang='lat' dir='ltr'><strong>melius</strong></span> <span class='ocrx_word' id='word_1_295' title='bbox 328 3363 472 3416; x_wconf 89' lang='lat' dir='ltr'><strong>subsidium</strong></span> <span class='ocrx_word' id='word_1_296' title='bbox 490 3371 545 3428; x_wconf 89' lang='lat' dir='ltr'><strong>est,</strong></span> <span class='ocrx_word' id='word_1_297' title='bbox 572 3362 594 3414; x_wconf 90' lang='lat' dir='ltr'><strong>si</strong></span> <span class='ocrx_word' id='word_1_298' title='bbox 619 3363 691 3433; x_wconf 88' lang='lat' dir='ltr'><strong>quod</strong></span> <span class='ocrx_word' id='word_1_299' title='bbox 725 3363 790 3415; x_wconf 89' lang='lat' dir='ltr'><strong>stari</strong></span> <span class='ocrx_word' id='word_1_300' title='bbox 808 3379 955 3432; x_wconf 87' lang='lat' dir='ltr'><strong>possumus,</strong></span> <span class='ocrx_word' id='word_1_301' title='bbox 974 3379 1035 3414; x_wconf 88' lang='lat' dir='ltr'><strong>nam</strong></span> <span class='ocrx_word' id='word_1_302' title='bbox 1053 3362 1133 3417; x_wconf 86' lang='lat' dir='ltr'><strong>Snak.</strong></span> <span class='ocrx_word' id='word_1_303' title='bbox 1155 3362 1227 3430; x_wconf 90' lang='lat' dir='ltr'><strong>silet)</strong></span> <span class='ocrx_word' id='word_1_304' title='bbox 1245 3364 1331 3415; x_wconf 73' lang='lat' dir='ltr'><strong>maelti-</strong></span> 
     </span>
     <span class='ocr_line' id='line_1_33' title="bbox 109 3429 1332 3499; baseline 0.004 -20"><span class='ocrx_word' id='word_1_305' title='bbox 109 3438 139 3479; x_wconf 82' lang='lat' dir='ltr'><strong>eu</strong></span> <span class='ocrx_word' id='word_1_306' title='bbox 153 3448 293 3485; x_wconf 83' lang='lat' dir='ltr'><strong>conuersum</strong></span> <span class='ocrx_word' id='word_1_307' title='bbox 311 3432 468 3484; x_wconf 89' lang='lat' dir='ltr'><strong>emendatur</strong></span> <span class='ocrx_word' id='word_1_308' title='bbox 486 3440 516 3483; x_wconf 92' lang='lat' dir='ltr'><strong>ut</strong></span> <span class='ocrx_word' id='word_1_309' title='bbox 534 3429 568 3483; x_wconf 90' lang='lat' dir='ltr'><strong>sit</strong></span> <span class='ocrx_word' id='word_1_310' title='bbox 586 3449 690 3484; x_wconf 84' lang='lat' dir='ltr'><strong>conuer—</strong></span> <span class='ocrx_word' id='word_1_311' title='bbox 721 3432 849 3499; x_wconf 81' lang='lat' dir='ltr'><strong>plicabat,</strong></span> <span class='ocrx_word' id='word_1_312' title='bbox 868 3447 928 3482; x_wconf 87' lang='lat' dir='ltr'><strong>cum</strong></span> <span class='ocrx_word' id='word_1_313' title='bbox 946 3429 1068 3483; x_wconf 88' lang='lat' dir='ltr'><strong>ineditis</strong></span> <span class='ocrx_word' id='word_1_314' title='bbox 1086 3430 1139 3484; x_wconf 87' lang='lat' dir='ltr'><strong>iam</strong></span> <span class='ocrx_word' id='word_1_315' title='bbox 1156 3431 1220 3485; x_wconf 89' lang='lat' dir='ltr'><strong>olim</strong></span> <span class='ocrx_word' id='word_1_316' title='bbox 1238 3430 1332 3484; x_wconf 88' lang='lat' dir='ltr'><strong>fuisset</strong></span> 
     </span>
     <span class='ocr_line' id='line_1_34' title="bbox 110 3498 985 3569; baseline -0.001 -18"><span class='ocrx_word' id='word_1_317' title='bbox 110 3510 179 3551; x_wconf 74' lang='lat' dir='ltr'><strong>turum</strong></span> <span class='ocrx_word' id='word_1_318' title='bbox 194 3501 337 3553; x_wconf 87' lang='lat' dir='ltr'><strong>secundum</strong></span> <span class='ocrx_word' id='word_1_319' title='bbox 355 3500 428 3553; x_wconf 88' lang='lat' dir='ltr'><strong>Leid.</strong></span> <span class='ocrx_word' id='word_1_320' title='bbox 447 3499 526 3552; x_wconf 89' lang='lat' dir='ltr'><strong>Voss.</strong></span> <span class='ocrx_word' id='word_1_321' title='bbox 546 3507 558 3552; x_wconf 94' lang='lat'>1</span> <span class='ocrx_word' id='word_1_322' title='bbox 578 3499 648 3553; x_wconf 89' lang='lat' dir='ltr'><strong>Flor.</strong></span> <span class='ocrx_word' id='word_1_323' title='bbox 664 3500 691 3552; x_wconf 86' lang='lat' dir='ltr'>A</span> <span class='ocrx_word' id='word_1_324' title='bbox 725 3516 849 3552; x_wconf 87' lang='lat' dir='ltr'><strong>numerus</strong></span> <span class='ocrx_word' id='word_1_325' title='bbox 867 3498 985 3569; x_wconf 88' lang='lat' dir='ltr'><strong>pluralis.</strong></span> 
     </span>
    </p>

    <p class='ocr_par' dir='ltr' id='par_1_6' title="bbox 109 3559 1333 4186">
     <span class='ocr_line' id='line_1_35' title="bbox 111 3559 1333 3638; baseline 0.006 -24"><span class='ocrx_word' id='word_1_326' title='bbox 111 3559 158 3618; x_wconf 81' lang='lat' dir='ltr'><strong>OG:</strong></span> <span class='ocrx_word' id='word_1_327' title='bbox 173 3576 226 3621; x_wconf 94' lang='lat' dir='ltr'><strong>tum</strong></span> <span class='ocrx_word' id='word_1_328' title='bbox 249 3571 302 3622; x_wconf 91' lang='lat' dir='ltr'><strong>duo</strong></span> <span class='ocrx_word' id='word_1_329' title='bbox 324 3569 381 3621; x_wconf 89' lang='lat' dir='ltr'><strong>cola</strong></span> <span class='ocrx_word' id='word_1_330' title='bbox 398 3568 467 3620; x_wconf 88' lang='lat' dir='ltr'><strong>fiunt</strong></span> <span class='ocrx_word' id='word_1_331' title='bbox 488 3568 613 3621; x_wconf 76' lang='lat' dir='ltr'><strong>Craterus</strong></span> <span class='ocrx_word' id='word_1_332' title='bbox 632 3585 688 3620; x_wconf 87' lang='lat' dir='ltr'><strong>eum</strong></span> <span class='ocrx_word' id='word_1_333' title='bbox 758 3571 783 3621; x_wconf 88' lang='lat' dir='ltr'><strong>si</strong></span> <span class='ocrx_word' id='word_1_334' title='bbox 805 3570 923 3621; x_wconf 83' lang='lat' dir='ltr'><strong>custodes</strong></span> <span class='ocrx_word' id='word_1_335' title='bbox 944 3568 1097 3638; x_wconf 72' lang='lat' dir='ltr'><strong>fefellisset]</strong></span> <span class='ocrx_word' id='word_1_336' title='bbox 1133 3568 1208 3622; x_wconf 87' lang='lat' dir='ltr'><strong>Libri</strong></span> <span class='ocrx_word' id='word_1_337' title='bbox 1225 3585 1285 3620; x_wconf 90' lang='lat' dir='ltr'><strong>mss.</strong></span> <span class='ocrx_word' id='word_1_338' title='bbox 1304 3575 1333 3622; x_wconf 91' lang='lat' dir='ltr'><strong>et</strong></span> 
     </span>
     <span class='ocr_line' id='line_1_36' title="bbox 109 3635 1333 3708; baseline 0.007 -25"><span class='ocrx_word' id='word_1_339' title='bbox 109 3635 205 3690; x_wconf 85' lang='lat' dir='ltr'><strong>retineret</strong></span> <span class='ocrx_word' id='word_1_340' title='bbox 222 3646 250 3690; x_wconf 91' lang='lat' dir='ltr'><strong>et</strong></span> <span class='ocrx_word' id='word_1_341' title='bbox 268 3639 315 3705; x_wconf 83' lang='lat' dir='ltr'><strong>qui</strong></span> <span class='ocrx_word' id='word_1_342' title='bbox 328 3655 419 3705; x_wconf 71' lang='lat' dir='ltr'><strong>cymen</strong></span> <span class='ocrx_word' id='word_1_343' title='bbox 434 3654 605 3689; x_wconf 85' lang='lat' dir='ltr'><strong>conversurus</strong></span> <span class='ocrx_word' id='word_1_344' title='bbox 615 3645 688 3689; x_wconf 82' lang='lat' dir='ltr'><strong>esset.</strong></span> <span class='ocrx_word' id='word_1_345' title='bbox 722 3637 783 3689; x_wconf 89' lang='lat' dir='ltr'><strong>edd.</strong></span> <span class='ocrx_word' id='word_1_346' title='bbox 800 3645 867 3688; x_wconf 87' lang='lat' dir='ltr'><strong>vett.</strong></span> <span class='ocrx_word' id='word_1_347' title='bbox 877 3637 1046 3706; x_wconf 69' lang='lat' dir='ltr'><strong>fefellissent.</strong></span> <span class='ocrx_word' id='word_1_348' title='bbox 1082 3637 1255 3708; x_wconf 82' lang='lat' dir='ltr'><strong>Quapropter</strong></span> <span class='ocrx_word' id='word_1_349' title='bbox 1272 3637 1333 3691; x_wconf 90' lang='lat' dir='ltr'><strong>Mo·</strong></span> 
     </span>
     <span class='ocr_line' id='line_1_37' title="bbox 111 3704 1332 3775; baseline 0.002 -19"><span class='ocrx_word' id='word_1_350' title='bbox 111 3706 152 3775; x_wconf 72' lang='lat' dir='ltr'><strong>¹S.</strong></span> <span class='ocrx_word' id='word_1_351' title='bbox 169 3712 204 3758; x_wconf 85' lang='lat' dir='ltr'><strong>le.</strong></span> <span class='ocrx_word' id='word_1_352' title='bbox 234 3708 448 3775; x_wconf 83' lang='lat' dir='ltr'><strong>persequentium</strong></span> <span class='ocrx_word' id='word_1_353' title='bbox 466 3723 552 3773; x_wconf 63' lang='lat' dir='ltr'><strong>regem</strong></span> <span class='ocrx_word' id='word_1_354' title='bbox 569 3704 690 3775; x_wconf 84' lang='lat' dir='ltr'><strong>plerique</strong></span> <span class='ocrx_word' id='word_1_355' title='bbox 724 3705 781 3757; x_wconf 91' lang='lat' dir='ltr'><strong>dius</strong></span> <span class='ocrx_word' id='word_1_356' title='bbox 809 3706 863 3757; x_wconf 85' lang='lat' dir='ltr'><strong>nisi</strong></span> <span class='ocrx_word' id='word_1_357' title='bbox 877 3706 1041 3775; x_wconf 79' lang='lat' dir='ltr'><strong>fefellissent</strong></span> <span class='ocrx_word' id='word_1_358' title='bbox 1063 3705 1080 3758; x_wconf 90' lang='lat' dir='ltr'><strong>i.</strong></span> <span class='ocrx_word' id='word_1_359' title='bbox 1099 3725 1121 3759; x_wconf 90' lang='lat' dir='ltr'><strong>e.</strong></span> <span class='ocrx_word' id='word_1_360' title='bbox 1149 3706 1199 3759; x_wconf 91' lang='lat' dir='ltr'><strong>nisi</strong></span> <span class='ocrx_word' id='word_1_361' title='bbox 1216 3705 1332 3759; x_wconf 87' lang='lat' dir='ltr'><strong>laterent</strong></span> 
     </span>
     <span class='ocr_line' id='line_1_38' title="bbox 109 3772 1332 3845; baseline -0.002 -19"><span class='ocrx_word' id='word_1_362' title='bbox 109 3776 242 3842; x_wconf 70' lang='lat' dir='ltr'><strong>mlerpretes</strong></span> <span class='ocrx_word' id='word_1_363' title='bbox 277 3774 487 3826; x_wconf 86' lang='lat' dir='ltr'><strong>additamentum</strong></span> <span class='ocrx_word' id='word_1_364' title='bbox 525 3772 690 3826; x_wconf 88' lang='lat' dir='ltr'><strong>librariorum</strong></span> <span class='ocrx_word' id='word_1_365' title='bbox 724 3773 836 3827; x_wconf 87' lang='lat' dir='ltr'><strong>coniecit</strong></span> <span class='ocrx_word' id='word_1_366' title='bbox 863 3790 894 3826; x_wconf 88' lang='lat' dir='ltr'><strong>ac</strong></span> <span class='ocrx_word' id='word_1_367' title='bbox 920 3774 1098 3828; x_wconf 84' lang='lat' dir='ltr'><strong>tumultuatur</strong></span> <span class='ocrx_word' id='word_1_368' title='bbox 1131 3775 1203 3845; x_wconf 91' lang='lat' dir='ltr'><strong>quod</strong></span> <span class='ocrx_word' id='word_1_369' title='bbox 1234 3789 1332 3841; x_wconf 88' lang='lat' dir='ltr'><strong>operae</strong></span> 
     </span>
     <span class='ocr_line' id='line_1_39' title="bbox 110 3840 1330 3913; baseline 0.004 -25"><span class='ocrx_word' id='word_1_370' title='bbox 110 3850 148 3911; x_wconf 74' lang='lat' dir='ltr'><strong>pon</strong></span> <span class='ocrx_word' id='word_1_371' title='bbox 162 3858 219 3894; x_wconf 85' lang='lat' dir='ltr'><strong>sane</strong></span> <span class='ocrx_word' id='word_1_372' title='bbox 236 3843 378 3895; x_wconf 82' lang='lat' dir='ltr'><strong>verborum</strong></span> <span class='ocrx_word' id='word_1_373' title='bbox 395 3840 690 3912; x_wconf 87' lang='lat' dir='ltr'><strong>potestatisgnarorum</strong></span> <span class='ocrx_word' id='word_1_374' title='bbox 724 3860 778 3895; x_wconf 91' lang='lat' dir='ltr'><strong>non</strong></span> <span class='ocrx_word' id='word_1_375' title='bbox 803 3840 947 3913; x_wconf 85' lang='lat' dir='ltr'><strong>paruerint.</strong></span> <span class='ocrx_word' id='word_1_376' title='bbox 992 3842 1066 3895; x_wconf 90' lang='lat' dir='ltr'><strong>Nihil</strong></span> <span class='ocrx_word' id='word_1_377' title='bbox 1096 3851 1186 3896; x_wconf 87' lang='lat' dir='ltr'><strong>tamen</strong></span> <span class='ocrx_word' id='word_1_378' title='bbox 1213 3840 1330 3910; x_wconf 87' lang='lat' dir='ltr'><strong>apertius</strong></span> 
     </span>
     <span class='ocr_line' id='line_1_40' title="bbox 111 3907 1331 3986; baseline -0.002 -25"><span class='ocrx_word' id='word_1_379' title='bbox 111 3919 151 3986; x_wconf 69' lang='lat' dir='ltr'><strong>mre</strong></span> <span class='ocrx_word' id='word_1_380' title='bbox 164 3911 324 3975; x_wconf 86' lang='lat' dir='ltr'><strong>existimant,</strong></span> <span class='ocrx_word' id='word_1_381' title='bbox 349 3928 434 3981; x_wconf 87' lang='lat' dir='ltr'><strong>neque</strong></span> <span class='ocrx_word' id='word_1_382' title='bbox 458 3909 529 3962; x_wconf 91' lang='lat' dir='ltr'><strong>enim</strong></span> <span class='ocrx_word' id='word_1_383' title='bbox 551 3911 584 3962; x_wconf 90' lang='lat' dir='ltr'><strong>de</strong></span> <span class='ocrx_word' id='word_1_384' title='bbox 601 3927 690 3979; x_wconf 91' lang='lat' dir='ltr'><strong>perse·</strong></span> <span class='ocrx_word' id='word_1_385' title='bbox 724 3928 804 3982; x_wconf 89' lang='lat' dir='ltr'><strong>quam</strong></span> <span class='ocrx_word' id='word_1_386' title='bbox 812 3910 1005 3963; x_wconf 88' lang='lat' dir='ltr'><strong>emendandmu</strong></span> <span class='ocrx_word' id='word_1_387' title='bbox 1014 3928 1070 3962; x_wconf 89' lang='lat' dir='ltr'><strong>esse</strong></span> <span class='ocrx_word' id='word_1_388' title='bbox 1070 3913 1222 3980; x_wconf 86' lang='lat' dir='ltr'><strong>fefellisset,</strong></span> <span class='ocrx_word' id='word_1_389' title='bbox 1234 3907 1331 3978; x_wconf 91' lang='lat' dir='ltr'><strong>quippe</strong></span> 
     </span>
     <span class='ocr_line' id='line_1_41' title="bbox 112 3974 1331 4045; baseline 0 -19"><span class='ocrx_word' id='word_1_390' title='bbox 112 3981 207 4045; x_wconf 80' lang='lat' dir='ltr'><strong>atone,</strong></span> <span class='ocrx_word' id='word_1_391' title='bbox 233 3981 279 4032; x_wconf 88' lang='lat' dir='ltr'><strong>sed</strong></span> <span class='ocrx_word' id='word_1_392' title='bbox 303 3978 345 4030; x_wconf 79' lang='lat' dir='ltr'><strong>vel</strong></span> <span class='ocrx_word' id='word_1_393' title='bbox 363 3981 394 4032; x_wconf 90' lang='lat' dir='ltr'><strong>de</strong></span> <span class='ocrx_word' id='word_1_394' title='bbox 412 3977 579 4045; x_wconf 88' lang='lat' dir='ltr'><strong>defensione,</strong></span> <span class='ocrx_word' id='word_1_395' title='bbox 598 3978 640 4030; x_wconf 89' lang='lat' dir='ltr'><strong>vel</strong></span> <span class='ocrx_word' id='word_1_396' title='bbox 658 3979 691 4031; x_wconf 87' lang='lat' dir='ltr'><strong>de</strong></span> <span class='ocrx_word' id='word_1_397' title='bbox 725 3997 784 4033; x_wconf 86' lang='lat' dir='ltr'><strong>cum</strong></span> <span class='ocrx_word' id='word_1_398' title='bbox 802 3980 835 4031; x_wconf 92' lang='lat' dir='ltr'><strong>de</strong></span> <span class='ocrx_word' id='word_1_399' title='bbox 852 3996 906 4031; x_wconf 92' lang='lat' dir='ltr'><strong>uno</strong></span> <span class='ocrx_word' id='word_1_400' title='bbox 925 3979 991 4030; x_wconf 90' lang='lat' dir='ltr'><strong>duce</strong></span> <span class='ocrx_word' id='word_1_401' title='bbox 1008 3997 1093 4031; x_wconf 88' lang='lat' dir='ltr'><strong>sermo</strong></span> <span class='ocrx_word' id='word_1_402' title='bbox 1112 3979 1164 4042; x_wconf 84' lang='lat' dir='ltr'><strong>sit,</strong></span> <span class='ocrx_word' id='word_1_403' title='bbox 1183 3975 1227 4045; x_wconf 92' lang='lat' dir='ltr'><strong>qui</strong></span> <span class='ocrx_word' id='word_1_404' title='bbox 1245 3974 1267 4027; x_wconf 91' lang='lat' dir='ltr'><strong>si</strong></span> <span class='ocrx_word' id='word_1_405' title='bbox 1284 3993 1331 4027; x_wconf 83' lang='lat' dir='ltr'><strong>au-</strong></span> 
     </span>
     <span class='ocr_line' id='line_1_42' title="bbox 112 4036 1330 4127; baseline -0.002 -29"><span class='ocrx_word' id='word_1_406' title='bbox 112 4036 158 4109; x_wconf 65' lang='lat' dir='ltr'><strong>hga</strong></span> <span class='ocrx_word' id='word_1_407' title='bbox 183 4047 354 4100; x_wconf 87' lang='lat' dir='ltr'><strong>barbarorum</strong></span> <span class='ocrx_word' id='word_1_408' title='bbox 392 4047 570 4118; x_wconf 88' lang='lat' dir='ltr'><strong>cogitabatur.</strong></span> <span class='ocrx_word' id='word_1_409' title='bbox 615 4046 691 4100; x_wconf 89' lang='lat' dir='ltr'><strong>Libri</strong></span> <span class='ocrx_word' id='word_1_410' title='bbox 725 4047 836 4116; x_wconf 87' lang='lat' dir='ltr'><strong>fugisset</strong></span> <span class='ocrx_word' id='word_1_411' title='bbox 859 4046 1004 4127; x_wconf 90' lang='lat' dir='ltr'><strong>perieulum</strong></span> <span class='ocrx_word' id='word_1_412' title='bbox 1027 4055 1085 4098; x_wconf 89' lang='lat' dir='ltr'><strong>erat</strong></span> <span class='ocrx_word' id='word_1_413' title='bbox 1112 4063 1145 4098; x_wconf 87' lang='lat' dir='ltr'><strong>ne</strong></span> <span class='ocrx_word' id='word_1_414' title='bbox 1164 4053 1237 4097; x_wconf 92' lang='lat' dir='ltr'><strong>totus</strong></span> <span class='ocrx_word' id='word_1_415' title='bbox 1254 4059 1330 4096; x_wconf 87' lang='lat' dir='ltr'><strong>exer-</strong></span> 
     </span>
     <span class='ocr_line' id='line_1_43' title="bbox 113 4110 1331 4186; baseline 0.001 -22"><span class='ocrx_word' id='word_1_416' title='bbox 113 4110 179 4181; x_wconf 59' lang='lat' dir='ltr'><strong>}tmeu</strong></span> <span class='ocrx_word' id='word_1_417' title='bbox 204 4132 292 4168; x_wconf 89' lang='lat' dir='ltr'><strong>omnes</strong></span> <span class='ocrx_word' id='word_1_418' title='bbox 314 4115 363 4167; x_wconf 89' lang='lat' dir='ltr'><strong>sibi</strong></span> <span class='ocrx_word' id='word_1_419' title='bbox 388 4124 525 4182; x_wconf 90' lang='lat' dir='ltr'><strong>constant,</strong></span> <span class='ocrx_word' id='word_1_420' title='bbox 552 4115 602 4168; x_wconf 91' lang='lat' dir='ltr'><strong>nisi</strong></span> <span class='ocrx_word' id='word_1_421' title='bbox 620 4116 691 4185; x_wconf 90' lang='lat' dir='ltr'><strong>quod</strong></span> <span class='ocrx_word' id='word_1_422' title='bbox 725 4116 792 4170; x_wconf 88' lang='lat' dir='ltr'><strong>citus</strong></span> <span class='ocrx_word' id='word_1_423' title='bbox 810 4124 911 4186; x_wconf 77' lang='lat' dir='ltr'><strong>periret</strong></span> <span class='ocrx_word' id='word_1_424' title='bbox 928 4114 955 4166; x_wconf 90' lang='lat' dir='ltr'><strong>in</strong></span> <span class='ocrx_word' id='word_1_425' title='bbox 973 4113 1123 4167; x_wconf 81' lang='lat' dir='ltr'><strong>solitudine.</strong></span> <span class='ocrx_word' id='word_1_426' title='bbox 1146 4113 1231 4164; x_wconf 88' lang='lat' dir='ltr'><strong>Recte</strong></span> <span class='ocrx_word' id='word_1_427' title='bbox 1248 4110 1331 4180; x_wconf 87' lang='lat' dir='ltr'><strong>igitur</strong></span> 
     </span>
    </p>
   </div>
   <div class='ocr_carea' id='block_1_4' title="bbox 114 4178 1332 4456">
    <p class='ocr_par' dir='ltr' id='par_1_7' title="bbox 114 4178 1332 4456">
     <span class='ocr_line' id='line_1_44' title="bbox 114 4178 1331 4260; baseline 0.003 -30"><span class='ocrx_word' id='word_1_428' title='bbox 114 4178 318 4260; x_wconf 62' lang='lat' dir='ltr'><strong>{nSigebergensi</strong></span> <span class='ocrx_word' id='word_1_429' title='bbox 336 4184 440 4238; x_wconf 91' lang='lat' dir='ltr'><strong>Modius</strong></span> <span class='ocrx_word' id='word_1_430' title='bbox 465 4186 588 4253; x_wconf 80' lang='lat' dir='ltr'><strong>persequi</strong></span> <span class='ocrx_word' id='word_1_431' title='bbox 606 4203 634 4236; x_wconf 89' lang='lat' dir='ltr'><strong>re</strong></span> <span class='ocrx_word' id='word_1_432' title='bbox 653 4202 691 4236; x_wconf 88' lang='lat' dir='ltr'><strong>em</strong></span> <span class='ocrx_word' id='word_1_433' title='bbox 724 4183 919 4237; x_wconf 87' lang='lat' dir='ltr'><strong>Freinshemius</strong></span> <span class='ocrx_word' id='word_1_434' title='bbox 938 4183 1033 4235; x_wconf 86' lang='lat' dir='ltr'><strong>Sebisii</strong></span> <span class='ocrx_word' id='word_1_435' title='bbox 1057 4182 1235 4235; x_wconf 84' lang='lat' dir='ltr'><strong>coniecturam</strong></span> <span class='ocrx_word' id='word_1_436' title='bbox 1258 4196 1331 4234; x_wconf 86' lang='lat' dir='ltr'><strong>rece·</strong></span> 
     </span>
     <span class='ocr_line' id='line_1_45' title="bbox 115 4204 1331 4322; baseline 0.008 -30"><span class='ocrx_word' id='word_1_437' title='bbox 115 4255 217 4303; x_wconf 80' lang='lat' dir='ltr'><strong>uvemsse</strong></span> <span class='ocrx_word' id='word_1_438' title='bbox 243 4269 298 4304; x_wconf 91' lang='lat' dir='ltr'><strong>sese</strong></span> <span class='ocrx_word' id='word_1_439' title='bbox 325 4254 413 4308; x_wconf 87' lang='lat' dir='ltr'><strong>tradit.</strong></span> <span class='ocrx_word' id='word_1_440' title='bbox 453 4253 558 4322; x_wconf 86' lang='lat' dir='ltr'><strong>Sequor</strong></span> <span class='ocrx_word' id='word_1_441' title='bbox 575 4204 691 4304; x_wconf 82' lang='lat' dir='ltr'><strong>ciusdem</strong></span> <span class='ocrx_word' id='word_1_442' title='bbox 724 4252 774 4322; x_wconf 93' lang='lat' dir='ltr'><strong>pit.</strong></span> <span class='ocrx_word' id='word_1_443' title='bbox 810 4253 876 4305; x_wconf 87' lang='lat' dir='ltr'><strong>Mox</strong></span> <span class='ocrx_word' id='word_1_444' title='bbox 900 4259 972 4304; x_wconf 85' lang='lat' dir='ltr'><strong>recte</strong></span> <span class='ocrx_word' id='word_1_445' title='bbox 999 4251 1090 4303; x_wconf 92' lang='lat' dir='ltr'><strong>dicunt</strong></span> <span class='ocrx_word' id='word_1_446' title='bbox 1112 4250 1141 4303; x_wconf 94' lang='lat' dir='ltr'><strong>in</strong></span> <span class='ocrx_word' id='word_1_447' title='bbox 1166 4247 1243 4300; x_wconf 91' lang='lat' dir='ltr'><strong>unius</strong></span> <span class='ocrx_word' id='word_1_448' title='bbox 1261 4248 1331 4302; x_wconf 87' lang='lat' dir='ltr'><strong>illius</strong></span> 
     </span>
     <span class='ocr_line' id='line_1_46' title="bbox 116 4304 1331 4393; baseline 0.003 -26"><span class='ocrx_word' id='word_1_449' title='bbox 116 4304 195 4393; x_wconf 80' lang='lat' dir='ltr'><strong>Medii,</strong></span> <span class='ocrx_word' id='word_1_450' title='bbox 219 4319 405 4388; x_wconf 87' lang='lat' dir='ltr'><strong>Freinshemii‚</strong></span> <span class='ocrx_word' id='word_1_451' title='bbox 438 4320 546 4376; x_wconf 88' lang='lat' dir='ltr'><strong>Cellarii</strong></span> <span class='ocrx_word' id='word_1_452' title='bbox 564 4320 690 4373; x_wconf 90' lang='lat' dir='ltr'><strong>iudicium</strong></span> <span class='ocrx_word' id='word_1_453' title='bbox 726 4320 800 4373; x_wconf 93' lang='lat' dir='ltr'><strong>ducis</strong></span> <span class='ocrx_word' id='word_1_454' title='bbox 822 4320 865 4374; x_wconf 88' lang='lat' dir='ltr'><strong>vel</strong></span> <span class='ocrx_word' id='word_1_455' title='bbox 888 4320 940 4371; x_wconf 89' lang='lat' dir='ltr'><strong>fide</strong></span> <span class='ocrx_word' id='word_1_456' title='bbox 964 4319 1006 4370; x_wconf 90' lang='lat' dir='ltr'><strong>vel</strong></span> <span class='ocrx_word' id='word_1_457' title='bbox 1028 4321 1118 4372; x_wconf 75' lang='lat' dir='ltr'><strong>aalma</strong></span> <span class='ocrx_word' id='word_1_458' title='bbox 1141 4317 1191 4371; x_wconf 89' lang='lat' dir='ltr'><strong>niti</strong></span> <span class='ocrx_word' id='word_1_459' title='bbox 1218 4315 1331 4371; x_wconf 88' lang='lat' dir='ltr'><strong>salutem</strong></span> 
     </span>
     <span class='ocr_line' id='line_1_47' title="bbox 117 4385 1332 4456; baseline -0.001 -17"><span class='ocrx_word' id='word_1_460' title='bbox 117 4389 170 4435; x_wconf 70' lang='lat' dir='ltr'><strong>unas</strong></span> <span class='ocrx_word' id='word_1_461' title='bbox 185 4386 225 4439; x_wconf 90' lang='lat' dir='ltr'><strong>illa</strong></span> <span class='ocrx_word' id='word_1_462' title='bbox 241 4389 322 4441; x_wconf 78' lang='lat' dir='ltr'><strong>rerba</strong></span> <span class='ocrx_word' id='word_1_463' title='bbox 340 4389 559 4444; x_wconf 73' lang='lat' dir='ltr'><strong>cncumscribens.</strong></span> <span class='ocrx_word' id='word_1_464' title='bbox 725 4407 807 4442; x_wconf 87' lang='lat' dir='ltr'><strong>suam.</strong></span> <span class='ocrx_word' id='word_1_465' title='bbox 844 4387 890 4441; x_wconf 87' lang='lat' dir='ltr'><strong>Sic</strong></span> <span class='ocrx_word' id='word_1_466' title='bbox 907 4387 1014 4440; x_wconf 90' lang='lat' dir='ltr'><strong>Modius</strong></span> <span class='ocrx_word' id='word_1_467' title='bbox 1031 4385 1144 4456; x_wconf 89' lang='lat' dir='ltr'><strong>primus,</strong></span> <span class='ocrx_word' id='word_1_468' title='bbox 1172 4391 1252 4438; x_wconf 84' lang='lat' dir='ltr'><strong>antea</strong></span> <span class='ocrx_word' id='word_1_469' title='bbox 1269 4385 1332 4438; x_wconf 85' lang='lat' dir='ltr'><strong>ede·</strong></span> 
     </span>
    </p>
   </div>
   <div class='ocr_carea' id='block_1_5' title="bbox 0 0 1470 5174">
    <p class='ocr_par' dir='ltr' id='par_1_8' title="bbox 0 0 1470 5174">
     <span class='ocr_line' id='line_1_48' title="bbox 0 0 1470 5174; baseline 0 0"><span class='ocrx_word' id='word_1_470' title='bbox 0 0 1470 5174; x_wconf 95' lang='lat' dir='ltr'><strong> </strong></span> 
     </span>
    </p>
   </div>
  </div>
 </body>
</html>
