2926 5174
114 257 187 329 372
583 276 617 338 o.
645 274 769 327 cumn
793 275 879 328 nun

107 456 232 548 -Quam
257 466 298 530 ut
316 483 517 557 respersam
537 483 662 531 cruore
681 460 878 557 conspexit,
904 467 1003 532 ratus
1025 458 1077 533 ad
1099 459 1366 560 deplorandam*

112 571 363 645 contumeliam
389 570 540 659 venisse,
569 568 685 643 dicere
711 596 802 667 quae
829 570 937 646 vellet
961 570 1075 644 iubet.
1133 573 1191 646 At
1215 574 1275 647 ille
1291 596 1367 650 ser-1

112 707 209 773 vum,
237 708 342 779 quem
360 683 397 755 in
416 675 594 756 vestibulo
614 691 709 755 stare
733 681 896 773 iusserat,
922 682 1107 756 introduci
1131 682 1344 763 desideravit.

112 789 182 882 Qui
207 794 290 891 quia
314 804 421 892 caput
442 791 655 891 Spitamenis
682 804 783 866 veste
809 804 942 867 tectum
967 794 1146 885 habebat,
1175 814 1344 896 suspectus

111 906 352 978 scrutantibus
387 904 473 1001 quid
505 906 683 993 occuleret
713 904 879 980 ostendit
932 903 1165 980 Confuderat
1197 909 1269 981 oris
1298 935 1343 982 ex-
1356 930 1370 976 ιι

110 1018 254 1115 sanguis
286 1027 391 1090 notas
426 1017 558 1114 pallor,
597 1041 663 1089 nec
698 1015 776 1113 quis
811 1026 906 1089 esset
937 1018 1039 1105 nosci
1077 1020 1170 1093 satis
1208 1030 1341 1117 potarat

108 1125 205 1226 Ergo
231 1154 298 1202 rex
323 1129 452 1201 certior
470 1128 595 1219 sactus,
621 1129 816 1200 humanum
838 1137 946 1226 caput
962 1130 1097 1203 afferre
1118 1157 1216 1223 eum,
1242 1132 1339 1205 taber·

109 1243 236 1314 naculo
264 1240 432 1329 excessit,
464 1248 766 1337 percontatusque
793 1237 878 1334 quid
902 1238 953 1312 rei
979 1241 1043 1332 sit,
1071 1242 1139 1315 illo
1166 1244 1339 1342 profitente

108 1353 300 1452 cognoscit.
343 1350 474 1425 Variae
500 1349 582 1422 hinc
608 1349 840 1447 cogitationes
859 1350 1009 1425 invicem
1028 1354 1198 1441 animum
1217 1354 1337 1428 diversa
1348 1372 1366 1418 14

108 1466 303 1564 agitantem
338 1472 615 1537 commoverant.
676 1459 843 1534 Meritum
882 1464 1005 1562 ingens
1048 1465 1104 1551 in,
1127 1477 1246 1541 semet
1277 1490 1334 1540 esse

110 1575 297 1666 credebat,
342 1574 439 1673 quod
473 1573 659 1671 transfuga
693 1581 730 1648 et
764 1572 943 1671 proditor,
993 1578 1111 1650 tantis
1158 1580 1284 1669 rebus,
1314 1576 1333 1649 si

106 1688 266 1778 vixisset,
291 1687 485 1761 iniecturus
511 1711 658 1775 moram,
685 1684 889 1759 interfectus
917 1698 1030 1761 esset:
1060 1691 1329 1764 contrafaciant

105 1799 231 1898 ingens
257 1801 507 1888 aversabatur,
535 1823 616 1869 cum
642 1797 774 1895 optime
800 1798 964 1871 meritum
990 1798 1037 1872 de
1066 1801 1167 1900 ipsa,
1201 1826 1329 1877 commu·

106 1910 205 1983 nium
238 1921 424 2008 parentem
458 1911 626 1999 liberum,
665 1934 729 2007 per
768 1909 913 1983 insidias
947 1910 1207 1989 interemisset.
1239 1910 1328 1987 'ibit
1339 1925 1355 1973 1⁵

105 2031 227 2094 tamen
253 2024 405 2120 gratiam
430 2021 548 2094 meriti
575 2022 715 2095 sceleris
735 2023 914 2112 atrocitaS,
940 2021 1224 2123 denuntiarique
1242 2023 1327 2111 iussit

106 2145 147 2207 ut
173 2133 363 2208 excederet
398 2134 541 2224 castris,
579 2159 649 2206 neu
684 2133 846 2207 licentiae
880 2132 1055 2207 barbarae
1093 2134 1327 2236 exemplaria
1368 2138 1370 2181 ἰ

107 2240 325 2317 Graecorum
350 2271 468 2318 mores
496 2256 532 2318 et
558 2245 658 2317 mitia
682 2244 825 2342 ingenia
850 2245 1069 2318 transferret.

56 2358 103 2429 13
207 2354 342 2447 Dahae,
369 2353 584 2454 Spitamenis
610 2355 718 2430 caede
745 2366 941 2455 comperta,
966 2355 1259 2456 Dataphernem,
1285 2355 1347 2429 de!

105 2467 266 2540 fectionis
294 2468 368 2540 eius
394 2469 613 2566 participem,
640 2468 798 2540 vinctum
825 2468 1032 2541 Alexandro
1061 2495 1177 2570 seque
1198 2469 1323 2544 'dedmt

103 2576 177 2669 Ille,
203 2579 360 2652 maxima
385 2580 628 2678 praesentium
654 2604 819 2652 curarum
838 2591 938 2678 parte
955 2579 1145 2673 liberatus,
1173 2577 1324 2656 convertit

104 2691 261 2764 animum
288 2691 334 2763 ad
360 2691 593 2764 vindicandas
619 2690 764 2763 iniurias
791 2715 929 2783 eorum,
962 2691 1092 2789 quibus
1121 2720 1146 2767 a
1177 2688 1324 2792 praetori·

137 2955 160 3021 ξ.
175 2959 214 3006 11.
250 2956 289 3008 ad
305 2955 493 3021 deplorandam
512 2955 703 3022 coutumeliam]
737 2951 816 3020 rexit,
831 2950 1326 3026 quodnunclegimus,Modiuequebn·

102 3021 244 3089 „Honeste
273 3023 400 3077 vocabulo
432 3021 537 3075 videtur
570 3021 704 3076 involvere
737 3030 794 3074 stra
802 3021 937 3092 antiquam
945 3022 1088 3076 revocavit
1109 3025 1236 3079 Inuebere
1247 3036 1325 3077 moran

100 3091 154 3143 vim
170 3090 312 3160 padicitiae
328 3091 438 3158 illatam,
456 3108 516 3143 nam
533 3091 614 3145 etsie
631 3107 704 3145 accc-
737 3090 802 3143 nihil
820 3098 869 3157 est,
886 3092 925 3144 ita
944 3107 977 3143 ue
985 3091 1019 3144 ad
1033 3091 1192 3146 sollemnem
1200 3092 1326 3146 sontium

100 3159 141 3230 pit
157 3158 247 3212 Livius
266 3161 298 3213 de
316 3160 438 3230 Virginia
458 3158 556 3230 duplici
573 3177 650 3213 sensu
666 3159 704 3212 al·
737 3175 855 3212 errorem
873 3109 1050 3230 condugimus,
1075 3160 1183 3232 dequo
1201 3161 1260 3214 vide
1367 3182 1370 3193 ·

101 3235 161 3280 tero
178 3236 271 3298 aperto
285 3230 318 3281 de
332 3229 468 3293 servitute,
486 3229 571 3282 altero
584 3228 703 3281 dissimu-
738 3227 840 3281 notavit
857 3227 991 3282 Drakenb.
1000 3229 1034 3280 ad
1048 3227 1108 3282 Liv.
1117 3243 1160 3297 11,
1174 3237 1220 3295 40,
1232 3236 1269 3284 14.
1368 3230 1370 3239 ’

77 3315 81 3323 ·
100 3295 157 3348 lato
170 3297 203 3347 de
217 3304 320 3367 stupro:
339 3309 418 3351 umrte
431 3299 515 3350 amitti
526 3299 704 3367 meliusquam
737 3304 767 3348 ut
784 3296 867 3350 Aldus
885 3297 951 3350 hanc
967 3314 1023 3350 rem
1041 3297 1112 3350 bene
1129 3297 1195 3369 egit,
1212 3298 1250 3352 eia
1261 3296 1326 3357 iden,

101 3367 254 3417 contumelia
272 3366 375 3431 liberos,
393 3365 439 3418 lib.
449 3379 493 3430 111,
504 3372 545 3419 50.
572 3367 703 3419 Ludibrio
738 3373 769 3418 ut
792 3364 900 3435 opinor,
916 3364 1060 3435 ,participii
1085 3384 1137 3419 usu
1163 3367 1250 3437 (apud
1273 3364 1326 3418 cu

100 3431 219 3552 11111
240 3442 330 3568 titt
349 3434 396 3554 lli
410 3436 704 3556 {iv-bilibrimilie
737 3428 1326 3569 tttt⁰l⁰⁰ttt⁸⁸tttttt⁶⁸ittl

100 3519 278 3622 inrumpis?
296 3522 438 3624 eriraiiui
453 3569 537 3637 linx,
554 3522 703 3640 1,4mvir9i-
737 3542 862 3624 orationis
873 3510 1008 3641 9θὀιτιιρὶι,
1036 3588 1095 3625 cum
1113 3543 1207 3625 ederei
1224 3573 1325 3643 quiqu

99 3654 146 3690 aea
164 3648 188 3691 et
201 3640 336 3711 principes
352 3641 517 3709 feminarum
534 3650 626 3708 stupra
662 3658 702 3692 er·
737 3641 817 3693 tantis
834 3641 911 3692 rebus
930 3669 963 3680 —
979 3642 1120 3693 iniecturus
1137 3658 1239 3694 moram
1248 3637 1324 3715 suiq-

118 3723 177 3760 essa
195 3725 332 3775 corporum
347 3709 463 3761 ludibria
478 3709 613 3776 deflebant.
661 3708 703 3762 ide
737 3716 794 3774 set,
813 3708 884 3778 quod
899 3707 955 3760 iure
963 3707 1068 3761 Modius
1082 3716 1166 3778 atque
1183 3706 1265 3763 cetui
1278 3703 1323 3757 ed·

93 3724 219 3829 isui-neb.
234 3776 345 3828 Advers.
359 3776 403 3829 lib.
413 3790 520 3839 xxvm,
534 3781 596 3830 32.“
621 3776 702 3830 Snak.
736 3783 807 3829 tores
824 3784 988 3846 spreverunt.
1018 3776 1087 3829 Mox
1104 3778 1322 3831 avocabatur*

100 3843 143 3898 cui
160 3843 232 3898 licuit
250 3844 330 3897 etiam
346 3851 446 3911 1v,42,
461 3850 493 3896 29
513 3845 565 3897 huc
583 3846 702 3899 trahere:
736 3863 795 3898 rum
813 3852 855 3898 est
868 3852 896 3897 et
910 3843 1048 3925 legitur-in
1057 3840 1320 3899 BernALeidlda·
1367 3892 1370 3915 Ι

98 3915 281 3967 aecdubitavit
292 3915 467 3982 Dareusquiu
478 3914 614 3981 interfecta
626 3923 702 3981 ercet,
736 3914 772 3980 A,
790 3914 836 3966 sed
859 3913 951 3984 reliqui
971 3911 1033 3967 libri
1049 3912 1132 3967 nostri
1149 3921 1177 3966 et
1193 3916 1266 3967 Vos.
1278 3911 1318 3963 1.Ι
1368 3928 1370 3939 ·

99 3983 161 4051 quia
179 3984 308 4050 nequisset
325 3982 547 4035 contumeliam
559 3984 672 4051 perpeti.
736 3984 924 4036 adversabatur
941 3982 1045 4044 habent,
1068 3982 1140 4051 quod
1155 3982 1262 4037 verbm
1275 3990 1317 4031 no!

135 4051 157 4116 ς.
178 4056 217 4103 12.
252 4052 281 4103 ia
306 4053 429 4104 vestibulo
457 4051 540 4120 stare]
576 4050 621 4104 Sic
641 4067 701 4104 mss.
736 4050 897 4105 construitur
915 4067 974 4104 cum
991 4049 1147 4105 accusativo.
1216 4075 1220 4082 ·

99 4133 201 4185 onmes,
217 4118 278 4172 libri
295 4119 360 4172 editi
375 4126 483 4190 praeter
492 4118 567 4171 Mod.
585 4129 655 4172 stare
673 4121 702 4172 iu
771 4121 938 4173 communium
952 4128 1087 4188 parentem
1107 4117 1226 4189 liberam]
1252 4112 1312 4195 Βῦξ·

98 4188 232 4241 vestibulo.
735 4204 793 4241 rum
810 4205 845 4242 ex
861 4187 935 4241 Leid.
949 4191 1046 4241 Voss]
1066 4186 1136 4241 Flor.
1148 4185 1199 4240 AB
1214 4188 1311 4239 mim·

134 4255 156 4320 ξ.
170 4262 211 4308 14.
246 4258 387 4311 iniecturus
405 4257 514 4325 moram]
547 4256 700 4310 Inverturue
734 4274 792 4310 mus
809 4275 858 4328 pro
876 4256 919 4309 vul
940 4297 946 4310 .
964 4258 1111 4323 liberorum,
1128 4254 1159 4309 cf.
1176 4249 1307 4317 advtbi·

36 4322 51 4331 ‘
97 4321 172 4375 codd.
182 4322 466 4379 Flor.ABCEHLeid.
474 4327 607 4377 Voss.1.2
620 4325 699 4378 Bern.
734 4323 801 4378 Post
818 4325 896 4396 paulo
935 4325 1009 4379 odins
1027 4326 1084 4379 eicie
1099 4324 1201 4377 taudem
1214 4320 1245 4373 de
1258 4330 1306 4371 ωΙ·

97 4387 132 4454 Β,
149 4387 213 4444 item
227 4393 285 4444 edd.
295 4393 431 4465 principes,
450 4394 534 4446 donec
543 4391 626 4446 Aldus
644 4411 700 4448 cor·
734 4392 835 4448 iectura
851 4393 942 4462 edidit,
960 4412 1012 4467 qua
1028 4410 1094 4466 opus
1109 4408 1161 4447 non
1176 4395 1223 4445 eei.
