2926 5174
450 324 499 373 nn
527 323 652 374 ousrrs
678 324 788 376 anax.
814 323 915 392 x,1o.
1218 309 1290 380 507

67 507 159 580 dere.
208 505 254 578 Et
279 507 363 603 quia
389 509 573 580 oculorum
604 509 768 580 cessabat
794 534 879 582 usus
886 565 895 600 ,
929 509 1089 582 fremitus
1116 536 1292 609 vocesque

66 617 206 690 auribus
232 618 434 714 captabant,
462 643 503 690 ae
529 620 736 714 plerumque
762 645 856 693 vano
880 631 978 693 metu
1003 622 1118 694 territi
1143 648 1207 719 per
1234 623 1293 694 ob·

64 753 184 801 scuras
210 729 369 818 semitas,
403 729 491 801 alius
524 729 582 800 alii
608 741 851 816 occursantes,
890 732 1041 824 invicem
1073 733 1228 829 suspecti
1254 757 1295 804 ae

22 861 48 906 u
64 839 199 914 solliciti
233 841 448 912 ferebantur.
501 841 647 929 Persae,
683 841 792 912 comis
820 866 885 914 suo
920 869 1019 915 more
1045 842 1223 933 detonsis,
1259 843 1296 912 in

63 950 203 1048 lugubri
227 961 343 1040 veste,
379 976 459 1022 cum
485 951 694 1048 coniugibus
721 975 762 1022 ac
787 952 922 1042 liberis,
955 980 1028 1026 non
1054 965 1096 1027 ut
1121 955 1295 1027 victorem

62 1071 98 1133 et
124 1061 229 1132 modo
263 1062 421 1152 hostem,
462 1062 525 1134 sed
552 1072 592 1134 ut
630 1064 746 1160 gentis
786 1088 870 1135 suae
905 1065 1136 1137 iustissimum
1174 1089 1295 1162 regem

61 1196 148 1243 vero
180 1170 353 1244 desiderio
394 1173 575 1269 lugebant.
641 1172 786 1246 Assueti
822 1174 887 1246 sub
921 1200 1004 1273 rege
1039 1177 1177 1265 vivere,
1220 1201 1293 1247 non

60 1283 185 1372 alium,
220 1283 279 1378 qui
304 1281 497 1378 imperaret
521 1285 623 1381 ipsis,
656 1283 853 1380 digniorem
883 1286 991 1357 fuisse
1023 1286 1293 1360 confitebantur.

13 1413 43 1460 re
161 1391 234 1466 Nee
265 1394 376 1465 muris
413 1394 509 1466 urbis
550 1396 666 1467 luctus
700 1395 963 1485 continebatur,
996 1395 1060 1469 sed
1093 1397 1343 1493 proximamll

58 1505 238 1602 regionem
265 1505 310 1576 ab
338 1530 389 1594 ea,
417 1504 545 1577 deinde
571 1532 738 1604 magnam
764 1518 902 1604 partem
924 1507 1032 1581 Asiae
1059 1509 1108 1581 cis
1135 1506 1294 1604 Euphra·

16 1635 43 1683 19
59 1628 122 1688 ten
138 1617 237 1696 ‚tanti
263 1617 347 1688 mali
373 1617 468 1687 fama
494 1631 710 1712 pervaserat.
762 1618 821 1689 Ad
843 1616 951 1691 Darei
977 1644 1118 1715 quoque
1144 1627 1295 1690 matrem

59 1727 219 1798 celeriter
244 1727 383 1824 perlata
409 1736 473 1799 est.
526 1726 678 1826 Abscisa
704 1753 789 1826 ergo
814 1739 932 1819 veste,
959 1755 1030 1826 qua
1055 1729 1181 1802 induta
1208 1739 1295 1818 erat,

59 1838 245 1934 lugubrem
267 1839 429 1934 sumpsit,
454 1838 688 1934 laceratisque
715 1840 869 1912 crinibus
886 1840 984 1912 humi
1011 1865 1139 1936 corpus
1158 1841 1295 1913 abiecit.

10 1964 43 2012 ro
59 1946 253 2020 Assidebat
279 1949 311 2020 ei
338 1949 451 2020 altera
477 1975 523 2021 ex
548 1950 725 2046 neptibus,
752 1975 866 2047 nuper
892 1951 1060 2022 amissum
1086 1949 1296 2048 Hephaesti-

60 2084 179 2145 onem,
207 2058 263 2130 cui
281 2059 476 2155 nupserat,
511 2062 652 2157 lugens,
684 2061 916 2158 propriasque
943 2085 1068 2133 causas
1101 2061 1233 2136 doloris
1260 2063 1297 2135 in

10 2188 40 2235 21
59 2171 237 2245 communi
263 2170 442 2242 maestitia
467 2172 694 2244 retractabat.
747 2169 818 2245 Sed
845 2174 1002 2245 omnium
1032 2197 1178 2245 suorum
1202 2175 1297 2247 mala

60 2277 280 2380 Sisygambis
312 2307 384 2353 una
419 2282 590 2380 capiebat.
643 2281 708 2356 llla
744 2309 861 2376 suam,
896 2285 955 2357 illa
988 2284 1148 2380 neptium
1182 2284 1296 2357 vicem

58 2392 176 2466 flebat.
231 2392 366 2466 Recens
394 2393 496 2465 dolor
522 2394 629 2465 etiam
654 2397 847 2493 praeterita
871 2404 1114 2469 revocaverat.
1168 2391 1296 2468 Crede·

58 2528 114 2576 res
139 2503 250 2576 modo
277 2505 447 2576 amissum
464 2503 630 2594 Dareum,
658 2516 695 2578 et
720 2509 853 2604 pariter
878 2509 1028 2580 miserae
1056 2505 1208 2579 duorum
1234 2506 1297 2578 fili-

59 2640 160 2686 orum
188 2615 359 2710 exequias
387 2639 465 2688 esse
488 2615 678 2689 ducendas
718 2617 844 2691 Flebat
871 2619 973 2690 simul
995 2626 1155 2688 mortuos
1181 2617 1299 2690 vivos

10 2744 41 2791 rr
60 2751 135 2822 que.
190 2723 308 2814 Quem
342 2728 435 2800 enirn
470 2728 667 2824 puellarum
700 2740 863 2801 acturum
899 2752 976 2799 esse
1012 2727 1155 2798 curam?
1191 2753 1296 2824 quem

57 2838 164 2910 alium
190 2838 353 2910 futurum
379 2837 649 2911 Alexandrum?
674 2840 804 2912 iterum
831 2864 910 2912 esse
937 2861 975 2909 se
1002 2846 1142 2932 captae,
1168 2838 1298 2910 iterum

90 3058 112 3122 §.
137 3062 177 3109 16.
209 3058 292 3125 plera
310 3071 365 3175 {pe
390 3057 469 3126 vano]
513 3055 584 3109 Flor.
610 3056 660 3108 AB
731 3058 753 3122 §-
779 3061 819 3109 19.
857 3056 968 3107 Abscisa
999 3070 1059 3122 erpo
1085 3057 1162 3122 veste]
1206 3053 1297 3125 Vulgo

52 3125 205 3194 plerumque
228 3125 287 3192 qai,
349 3122 513 3178 id.Voss.1
538 3124 661 3176 BernA
697 3125 822 3176 abscissa.
859 3122 899 3176 Cf.
917 3124 951 3175 ad
967 3136 1011 3188 111,
1030 3128 1072 3186 29,
1090 3127 1132 3174 25.

52 3195 205 3263 pleramque
223 3208 300 3262 quae.
732 3195 754 3260 ς.
772 3198 815 3245 20.
848 3194 933 3244 altera
959 3209 990 3244 er
1012 3191 1139 3261 amedee]
1175 3189 1256 3242 Multi
1272 3198 1299 3244 et

89 3278 120 3314 ac
128 3262 250 3326 solliciti]
269 3258 315 3312 Sic
323 3276 412 3313 omnes
420 3260 511 3313 nostri.
528 3260 582 3313 Vul
602 3270 662 3314 oet.
696 3260 759 3314 boni
791 3259 851 3312 libri
876 3260 947 3314 Flor.
974 3258 1047 3312 ABG
1079 3257 1153 3310 Leid.
1179 3258 1255 3312 Voss.
1284 3264 1296 3311 1

89 3335 164 3396 §.lt
191 3329 274 3382 comis
293 3345 339 3380 sao
356 3346 425 3381 more
443 3330 568 3395 detonsis]
618 3330 661 3382 dd.
697 3328 784 3397 Bong.
811 3331 958 3397 nepotibus,
985 3327 1012 3380 in
1038 3327 1107 3379 Dan.
1135 3325 1232 3393 (Bern.
1257 3326 1297 3392 A)

56 3406 120 3450 vett.
138 3405 168 3450 et
195 3395 301 3450 codices
324 3395 386 3448 olim
412 3396 502 3449 collati
528 3398 663 3450 commisso
698 3396 775 3450 litera
793 3414 807 3449 o
825 3405 926 3466 puncto
943 3403 1058 3449 notatur.
1099 3395 1194 3465 Neque
1210 3403 1299 3465 potest

56 3483 131 3518 more.
168 3462 334 3518 Emendavit
352 3463 497 3517 Palmerius
515 3466 584 3534 apud
603 3466 663 3518 Mo·
697 3464 735 3518 sio
753 3465 859 3517 defendi
876 3475 906 3518 ut
923 3465 1039 3518 dicamus
1062 3474 1165 3533 nepotes
1183 3480 1300 3518 commu-

57 3534 134 3587 dium.
168 3534 329 3603 liquatuor
354 3541 456 3586 tantum
482 3532 554 3586 Flor.
571 3533 664 3586 FGHl
696 3533 768 3586 niter
794 3533 847 3586 diei
873 3531 906 3586 de
932 3542 1012 3604 nepte
1039 3540 1067 3586 et
1092 3539 1191 3602 nepote
1223 3549 1300 3603 quem

57 3610 84 3654 et
100 3611 218 3672 utroque
236 3601 319 3654 Bern.
347 3605 480 3655 ransmissa
502 3619 573 3654 more
600 3601 663 3655 mihi
699 3601 779 3654 Darei
801 3601 883 3654 filium
907 3619 995 3655 secum
1009 3601 1110 3666 habuit,
1129 3618 1189 3654 nam
1206 3608 1300 3655 auctor

57 3679 193 3737 enotatur,
222 3668 301 3722 utin
318 3668 424 3738 reliquis
452 3669 572 3722 extitisse
589 3670 664 3722 vide-
698 3689 757 3724 eum
775 3669 842 3722 dixit
868 3673 981 3736 altera,
995 3672 1028 3722 de
1047 3668 1192 3722 Alexandri
1218 3683 1300 3721 uxore

57 3746 114 3791 atur
130 3741 206 3810 quod
225 3736 374 3807 Palmarius
392 3746 464 3791 recte
482 3737 636 3791 coniecerat.
700 3741 801 3792 Statira
812 3737 867 3790 sine
884 3739 965 3793 dubio
980 3737 1113 3807 cogitarit.
1141 3738 1301 3789 Mendosum

89 3825 145 3860 cam
164 3807 323 3874 contagibus
340 3805 438 3874 primus
456 3805 540 3858 edidit
549 3806 663 3871 Medius,
698 3807 761 3859 item
779 3814 820 3858 est
839 3809 911 3876 quod
929 3805 1047 3859 inlibris
1065 3804 1161 3858 nostris
1179 3811 1207 3856 et
1220 3802 1299 3856 Snak.

57 3873 119 3928 sicut
136 3875 234 3928 Iunius
253 3873 281 3926 in
299 3874 416 3942 margine
432 3881 547 3938 notarat,
565 3875 591 3927 in
610 3874 664 3944 pri·
699 3874 819 3929 omnibus
839 3875 936 3942 legitur
953 3875 1140 3937 retractabant,
1159 3888 1220 3923 nam
1236 3869 1301 3922 illud

57 3942 141 3997 oribus
160 3943 244 3996 editt.
264 3947 293 3992 et
302 3941 433 3994 codicibus
448 3943 481 3994 ad
491 3960 571 3994 unum
582 3943 664 3995 omni·
698 3945 732 3996 sd
750 3943 831 3997 solam
849 3942 995 4012 Drypetin,
1014 3938 1217 4010 Hephaestionis
1234 3955 1300 3990 uxo-

56 4010 100 4063 bus
116 4031 177 4066 cum
195 4008 342 4074 omittitur,
360 4010 481 4062 videlicet
498 4020 607 4080 prepter
624 4011 664 4063 in·
698 4029 768 4077 rem,
791 4011 914 4080 pertinet.
956 4009 1016 4072 Quo
1043 4007 1178 4061 intellecto
1196 4005 1301 4060 Freins-

57 4089 212 4159 sequentem
240 4077 345 4129 literam
363 4095 385 4130 a.
428 4079 567 4146 Singulare
593 4079 664 4131 aliud
698 4080 799 4133 hemius
817 4079 975 4130 retractabat
992 4075 1082 4128 edidit.

57 4145 153 4214 vitrum,
174 4147 251 4218 quod
270 4144 298 4196 in
315 4162 375 4197 mss.
385 4145 449 4198 item
461 4146 582 4199 omnibus
599 4147 664 4217 legi·
733 4151 755 4216 §-
774 4152 814 4200 21.
851 4148 928 4198 simul
945 4154 1057 4197 mortuos
1081 4144 1212 4213 rivosque]
1240 4143 1301 4197 Hoc

57 4221 138 4270 turer
157 4217 239 4269 modo
259 4222 288 4264 ut
306 4214 407 4266 bostem.
698 4219 778 4268 verba
804 4215 897 4267 ordine
923 4212 1087 4266 collocantur
1112 4210 1139 4262 in
1166 4210 1247 4264 Snak.
1273 4221 1301 4265 et

88 4283 327 4355 cap.17,§.18.
362 4284 399 4334 cir
416 4284 582 4352 Euphraten]
618 4282 663 4337 sie
698 4282 934 4344 nostrisomnibus‚
953 4298 1012 4333 cum
1026 4280 1106 4350 vulgo
1115 4289 1300 4351 praeterquam

57 4367 108 4405 eum
135 4349 283 4406 Snakenb.
312 4347 373 4401 edit.
391 4350 470 4403 Bern.
488 4351 515 4402 A
540 4358 568 4404 et
590 4350 662 4404 Flor.
698 4351 824 4405 aModio
842 4350 935 4402 edatur
947 4358 1062 4401 mortuos
1080 4349 1156 4402 simul
1173 4351 1298 4422 vivosque.

58 4418 177 4475 ADFGI.
216 4415 312 4484 Vulgo
331 4419 366 4468 cis
382 4419 551 4488 Euphratem.
699 4420 740 4474 cf.
759 4420 793 4472 ad
810 4433 854 4487 111,
875 4424 914 4484 12,
934 4424 958 4470 2.
