2926 5174
518 300 565 350 nn
591 300 717 353 unsnns
744 303 852 356 Anax.
880 309 930 377 111,
959 308 1001 361 na.
1331 304 1379 376 33

128 479 273 568 instaret,
304 480 352 552 in
382 482 532 579 regione
558 495 672 575 vasta,
708 496 745 559 et
779 489 932 564 invicem
964 518 987 565 a
1025 497 1097 570 suis
1136 508 1247 596 atque
1272 503 1377 582 hoste

101 598 253 679 arenata,
283 615 374 663 non
406 593 599 667 suffectura
624 598 802 672 alimenta
854 598 909 675 Ne
935 601 1047 678 dividi
1075 607 1219 705 quidem
1254 617 1376 714 copias

127 725 213 797 posse
242 711 413 775 servato
442 715 539 777 more
564 706 750 801 maiorum,
777 712 839 807 qui
863 713 1049 790 universas
1063 719 1159 794 vires
1182 720 1376 800 discrimini

97 811 290 890 cbellorum
331 838 489 912 semper
521 816 725 893 obtulerint.
783 820 832 896 Et
861 822 1006 900 hercule
1040 830 1234 905 terribilem
1266 847 1374 913 antea

124 947 249 1020 regem,
289 935 332 997 et
374 925 544 1000 absentia
574 953 641 1002 sua
675 930 722 1004 ad
754 957 887 1006 vanam
911 934 1079 1010 fiduciam
1105 942 1248 1036 elatum,
1274 959 1373 1044 post·

125 1059 215 1130 quam
242 1033 466 1110 adventare
492 1064 529 1111 se
556 1042 717 1133 senserit,
744 1055 889 1117 cautum
914 1070 981 1143 pro
1007 1053 1198 1125 temerario
1224 1056 1376 1150 factum,

123 1142 294 1218 delituisse
330 1147 441 1220 inter
476 1151 657 1247 angustias
690 1154 802 1228 saltus
842 1156 914 1227 ritu
954 1156 1164 1252 ignobilium
1203 1165 1370 1258 ferarum,

124 1280 205 1351 quae
239 1257 410 1354 strepitu
443 1264 746 1357 praetereuntium
779 1265 918 1354 audite,
953 1267 1124 1340 silvarum
1158 1272 1304 1348 latebris
1332 1302 1370 1350 se

91 1367 342 1452 nocculuerint.
426 1368 504 1441 Iam
540 1373 647 1446 ctiam
687 1376 902 1449 valetudinis
941 1377 1165 1453 simulatione
1205 1385 1370 1458 frustrari

127 1502 197 1550 suos
224 1479 376 1554 milites.
441 1477 513 1553 Sed
542 1508 616 1556 non
648 1487 799 1583 amplius
832 1488 949 1586 ipsum
981 1513 1059 1563 esse
1091 1517 1281 1589 passurum
1309 1495 1368 1569 de·

122 1598 256 1664 nectare
286 1601 502 1665 certamen.
552 1591 595 1665 In
620 1595 680 1668 illo
708 1623 832 1695 specu,
859 1599 896 1670 in
924 1625 1030 1697 quem
1055 1602 1177 1699 pavidi
1202 1607 1365 1679 recessis-

91 1711 195 1791 tsent,
233 1728 519 1801 oppressurum
555 1730 632 1778 esse
668 1719 888 1782 cunctantes.
946 1709 1047 1784 Haec
1081 1715 1363 1812 magnificentius

113 1811 238 1904 iactata,
270 1840 404 1911 quam
434 1815 561 1888 verius.

197 1923 407 2001 Ceterum.
428 1927 575 2022 pecunia
600 1930 699 2001 omni
729 1955 919 2027 rerumque
945 1932 1207 2028 pretiosissimis
1233 1932 1414 2015 Dama-20

108 2059 189 2108 scum
211 2034 362 2137 Syriae
397 2061 484 2108 cum
508 2037 646 2112 modico
672 2039 851 2137 praesidio
877 2041 1030 2113 militum
1055 2042 1181 2130 missis,
1207 2042 1362 2139 reliquas

108 2149 205 2245 copias
234 2149 279 2222 in
312 2145 493 2222 Ciliciam
517 2147 634 2242 duxit,
667 2141 936 2248 insequentibus
963 2175 1061 2223 more
1088 2150 1205 2247 patrio
1232 2177 1362 2249 agmen

106 2260 238 2359 coniuge
268 2285 321 2332 ac
360 2268 498 2331 matre.
550 2259 728 2360 Virgines¹
743 2287 883 2359 quoque
910 2285 991 2331 cum
1016 2284 1130 2356 parvo
1155 2261 1228 2333 filio
1255 2265 1359 2335 comi·

106 2413 160 2494 [ipss
175 2418 318 2486 obsident,
352 2417 497 2471 insulsam
514 2435 568 2472 esse
585 2421 722 2484 rationem,
787 2419 873 2535 ΞΛΙ.
910 2418 1053 2469 detrectare
1075 2419 1219 2489 certamen]
1246 2418 1359 2490 Aliquot

105 2491 170 2537 etiarn
185 2487 328 2541 maiorem
372 2492 469 2539 artem
484 2486 553 2540 Flor.
571 2488 647 2542 codd.
665 2503 722 2538 cor-
755 2502 786 2537 co
802 2483 856 2563 [ces
884 2486 1044 2564 detrectare,
1068 2502 1135 2555 quae
1160 2495 1290 2566 perpetua
1316 2497 1360 2553 est,

105 2565 225 2625 ruperunt,
246 2574 317 2610 cum
362 2571 406 2608 uo
425 2556 563 2608 tantumB
581 2554 644 2608 etG
661 2570 720 2604 cum
754 2559 867 2604 venetas
888 2570 916 2603 nn
941 2551 1015 2606 hbrns
1038 2560 1166 2620 veterum,
1194 2555 1255 2608 vnde
1272 2554 1356 2609 Drak.

105 2619 171 2675 Benn.
185 2627 211 2678 A
230 2632 263 2678 et
280 2623 372 2678 Leid.
395 2621 479 2676 Voss.
495 2630 507 2675 1
526 2619 642 2675 Modiani
658 2618 719 2672 libri
753 2619 967 2687 adLiv.xxx1v,
979 2628 1019 2687 15,
1031 2629 1054 2674 9.
1071 2622 1109 2675 Et
1116 2622 1167 2676 hoc
1174 2622 1281 2693 quidem
1298 2623 1356 2678 loco

105 2692 280 2747 tucmritstcm
309 2691 494 2748 confirment
528 2689 580 2742 Sed
601 2688 647 2739 vix
672 2687 720 2740 ulli
752 2688 837 2758 prima
854 2687 950 2743 vocalis
967 2688 995 2741 in
1012 2689 1093 2742 Bern.
1111 2692 1137 2743 A
1153 2690 1317 2746 Leid.V0ss.
1330 2700 1354 2760 1,

106 2756 197 2814 dubium
212 2779 276 2816 esse
294 2767 405 2835 potest
433 2757 497 2828 quin
517 2755 592 2808 hodie
608 2754 718 2826 vulgata
753 2757 857 2827 optimis
875 2774 938 2809 sene
955 2757 1036 2824 libris,
1055 2766 1174 2828 apparet,
1192 2759 1284 2812 sedin
1301 2777 1354 2814 uno

105 2841 182 2882 reram
196 2829 345 2902 scriptoris
365 2833 494 2881 mentem
511 2822 647 2894 exprimat.
752 2834 857 2878 tantum
874 2825 947 2878 Flor.
966 2825 998 2892 (l,
1025 2825 1082 2879 nliis
1104 2828 1158 2880 fere
1182 2826 1352 2880 snakenbur-

133 2898 277 2953 dtgmmint
296 2899 442 2952 bellorum
460 2907 558 2959 semper
567 2893 715 2961 obtulerint]
751 2893 822 2963 giam
846 2893 884 2945 illi
907 2901 935 2945 et
957 2893 1027 2946 Flor.
1050 2895 1099 2946 AB
1126 2894 1263 2965 vulgarem
1289 2896 1352 2948 scri-

107 2959 144 3015 Sic
156 2965 260 3021 lindius
288 2973 320 3019 et
338 2958 429 3016 Leid.
457 2958 565 3014 Vossl
592 2961 672 3013 Bern.
690 2962 716 3013 A
750 2961 831 3015 bendi
847 2960 977 3014 rationem
994 2969 1112 3027 tuentur,
1132 2962 1281 3015 cumceteri
1289 2963 1351 3016 Flo-

108 3027 171 3083 Flor.
183 3033 245 3102 BG,
261 3034 349 3102 vulgo
369 3043 485 3098 semper
502 3029 579 3082 discr.
598 3031 655 3082 bell.
673 3031 717 3082 ob·
749 3028 847 3083 rentini
866 3031 1012 3081 detractare
1029 3027 1145 3081 iubeant.
1168 3029 1222 3081 Res
1240 3039 1352 3084 sancest

112 3099 212 3154 tulerint.
749 3096 889 3169 ambigua:
916 3097 1041 3149 hebemus
1066 3095 1137 3148 enim
1162 3105 1352 3150 retractarem

142 3167 162 3232 5.
178 3173 216 3220 10.
250 3166 368 3236 numia]
401 3162 514 3217 Medius
539 3164 606 3218 adid.
630 3167 716 3220 hercle
750 3174 898 3232 murmure,
917 3165 1066 3217 obtrectare.

109 3230 170 3285 haud
192 3231 312 3289 dubie'e
340 3232 411 3288 cod.
433 3249 491 3296 suo,
518 3233 558 3286 cui
583 3232 716 3289 ameum
784 3233 980 3305 Oep.20‚§.12.
999 3243 1135 3301 rerumque
1147 3232 1350 3302 pretiosissimis

106 3298 165 3354 Flor.
179 3303 215 3372 B,
241 3305 292 3357 sed
310 3301 385 3356 anni
408 3298 521 3354 Curtius
538 3305 648 3371 lucau,
665 3318 716 3357 nec
748 3320 798 3375 pro
814 3300 925 3373 vulgato
938 3303 1064 3370 rebusque
1070 3301 1270 3370 pretiosissimis
1280 3300 1351 3353 edidi

103 3366 178 3424 lirina
192 3373 282 3426 aliter.
320 3368 425 3424 Paulo
453 3377 513 3438 post
528 3371 633 3425 Montius
653 3388 715 3425 eum
748 3387 783 3424 ex
799 3369 865 3425 meis
880 3369 954 3423 libris
967 3369 1133 3422 unoFlor.E
1146 3368 1350 3439 exceptoomni-

102 3435 215 3510 plenisque
233 3441 320 3496 codd.
334 3446 495 3510 postquam
503 3455 550 3508 pro
558 3439 629 3510 vulg.
638 3448 714 3510 post·
747 3440 797 3495 bus
823 3438 978 3518 quibuscum
994 3437 1121 3492 Modiana
1138 3437 1313 3517 scriptumst
1333 3455 1350 3491 a

101 3521 223 3632 winlaelnris
242 3594 276 3631 se
296 3573 490 3639 occuluerint]
506 3574 532 3627 V
578 3583 653 3629 atum
670 3593 714 3628 oc·
746 3506 1348 3697 {gileturwllbidvd’dlsilclrin2vnllgslbiiddii:

100 3644 224 3714 mmmm,
255 3646 340 3726 quod
360 3649 413 3696 est
431 3639 462 3692 in
477 3641 545 3696 Flor.
594 3643 629 3711 G,
650 3643 711 3697 ferri
765 3653 801 3711 et,
826 3644 897 3715 quod
919 3661 972 3695 non
994 3643 1094 3712 credo.)
1129 3643 1262 3695 Nimirum
1283 3643 1348 3695 haec

99 3713 179 3780 nequit.
194 3716 220 3769 E
243 3715 346 3766 mdem
366 3709 488 3782 probavi
504 3715 660 3766 occuluerint
677 3729 712 3765 ex
745 3721 787 3766 est
812 3712 974 3766 consuetudo
999 3710 1178 3764 recentiorum
1194 3718 1254 3782 post
1273 3710 1347 3764 Cice-

97 3776 199 3836 FlnnB
259 3787 357 3836 ocal
396 3778 551 3856 (occuluerit
571 3782 649 3835 Voss.
672 3784 709 3848 2),
744 3798 835 3836 ranem
853 3780 1018 3850 scriptorum,
1041 3788 1072 3833 ut
1094 3788 1188 3832 neutra
1204 3778 1346 3832 adiectivo-

96 3845 181 3918 niquis
198 3870 264 3906 cum
283 3846 430 3903 Acidalio
452 3845 562 3902 voluerit
578 3847 710 3917 corrigere
744 3869 803 3904 rum
830 3868 888 3903 cum
915 3848 1033 3917 genitivo
1064 3848 1146 3901 subst.
1177 3847 1346 3914 coniungant.

96 3920 231 3973 occulerent.
246 3919 330 3973 Nam
340 3914 709 3986 occulerint,qu0dinBern.
745 3919 790 3972 Sic
806 3933 849 3983 111,
869 3924 912 3983 33,
927 3922 942 3969 5
960 3916 1056 3969 iterum
1074 3934 1131 3968 cum
1144 3914 1346 3984 pretiosissimis

95 3989 191 4056 unoque
207 3995 239 4040 et
259 3983 389 4056 reliquis
400 3979 477 4032 Flor.
494 3981 632 4053 invenitur,
650 4004 711 4039 oon-
746 4005 842 4052 rerum,
860 4000 889 4051 V,
899 3991 942 4051 20,
955 3993 968 4036 t
983 3985 1178 4054 pretiosissimo
1188 3983 1295 4033 vestium
1305 3981 1347 4030 in·

96 4055 131 4124 ira
148 4055 364 4123 grammaticam
396 4047 529 4126 rationem
552 4062 601 4120 est,
628 4072 710 4124 quon·
746 4057 811 4120 dati,
829 4068 859 4119 V,
884 4061 926 4119 12,
949 4058 965 4105 8
991 4054 1114 4105 montium
1128 4066 1216 4119 prona
1242 4055 1271 4098 et
1292 4061 1345 4127 vnn,

96 4124 258 4177 mareolo
278 4121 372 4185 colui,
398 4133 440 4168 sne
459 4119 544 4173 occulo
561 4123 661 4175 occului
673 4123 710 4175 fa·
745 4130 822 4189 43,3
845 4123 939 4174 montis
961 4138 1057 4188 prona,
1084 4133 1126 4183 vn,
1149 4125 1191 4182 23,
1215 4120 1248 4169 25
1276 4118 1346 4167 edita

98 4190 319 4245 cummianus
351 4189 457 4249 docet,
484 4202 529 4240 nec
554 4199 645 4243 contra
671 4198 711 4242 cst
745 4193 877 4256 montium,
901 4203 960 4255 vn,
979 4196 1022 4254 42,
1043 4193 1074 4239 18
1100 4188 1171 4237 invia
1199 4193 1222 4236 et
1248 4201 1347 4250 aspera

100 4251 137 4305 niti
150 4258 276 4314 Valerius
296 4257 433 4311 Flaccus
453 4251 550 4322 Argon.
559 4273 593 4325 11,
603 4266 653 4312 280
672 4276 711 4311 oc·
745 4276 878 4323 saxorum,
896 4271 950 4322 vn,
969 4263 1001 4309 23
1021 4262 1048 4306 et
1066 4268 1107 4317 nn,
1124 4260 1135 4303 1
1156 4254 1257 4320 reliqua
1276 4252 1345 4315 tettt,

99 4324 193 4395 tutent,
220 4345 277 4400 pro
307 4342 373 4398 quo
407 4319 575 4379 Burmannus
601 4325 711 4380 coniecit
744 4343 788 4393 111,
808 4330 886 4393 25,4
908 4326 1000 4377 ultima
1023 4323 1140 4388 orientis,
1167 4335 1208 4387 nv,
1229 4326 1259 4372 19
1278 4335 1346 4370 sum-

98 4395 193 4449 octnltat.
744 4414 787 4448 ma
806 4404 928 4448 tectorum
946 4391 979 4443 al.

1054 4477 1070 4526 ³
