2984 5176
132 296 181 367 64
596 308 631 371 Q.
660 306 785 358 censu
810 304 896 355 auru

130 527 194 591 coe,
219 498 279 599 qui
302 522 398 573 oram
423 491 628 590 libellesponti
651 501 765 580 tenent,
790 487 997 587 coloniisque
1017 485 1247 561 Graecorum
1272 485 1382 575 lortius,

131 611 224 686 ornni
248 608 341 681 elide
366 603 523 694 vastavit,
550 628 626 676 cam
651 624 773 699 maprro
798 597 918 673 deinde
944 595 1100 671 coercita
1126 622 1234 671 mare
1261 596 1380 685 traied

132 721 222 795 illato
253 715 472 793 Macedoniae
506 726 536 787 et
573 711 735 788 Graeczm
773 709 864 784 bede.
928 707 1068 782 Rursus
1103 706 1256 784 Xerxes
1289 707 1402 809 potiri

132 831 298 921 eiusdem,
331 829 379 902 ad
403 824 646 925 oppnpnarrloe
670 847 732 897 nos
756 846 833 895 cum
858 818 1059 894 irrrrmnimn
1084 818 1324 894 barbaram
1345 844 1380 894 co

126 943 201 1041 piis
227 940 332 1016 vend:
357 937 418 1039 pai
440 935 558 1010 navali
575 933 705 1033 proebe
729 930 846 1021 amne,
861 927 1087 1004 Mammium
1115 942 1242 1005 barren
1267 929 1381 1033 relipcl

134 1054 171 1126 in
200 1049 359 1143 Graecia,
383 1063 421 1123 ut
443 1048 561 1123 abactis
587 1068 714 1146 quoque
732 1041 958 1141 peprdaretur
986 1040 1101 1132 arbee,
1139 1067 1255 1141 apros
1281 1053 1379 1117 ureret

132 1163 329 1262 Pbilippwn
341 1188 418 1238 vero
440 1170 613 1258 parentem
638 1179 749 1228 nwmn
774 1151 850 1251 <pure
876 1151 1006 1249 ipim
1030 1150 1072 1223 ab
1099 1150 1158 1226 bie
1183 1152 1401 1255 imerfectunr

133 1301 220 1367 esee,
255 1301 336 1375 qnos
370 1271 511 1372 inponis
537 1266 702 1367 pecuniae
732 1288 792 1361 spe
826 1262 1080 1337 sebredacerant
1105 1262 1246 1338 vestri?
1286 1264 1381 1363 Impia

133 1387 222 1461 enim
256 1386 338 1460 bella
369 1381 554 1480 erumpitis,
586 1391 616 1450 et
641 1402 717 1451 cum
748 1374 892 1447 lubeatis
917 1396 1033 1464 amia,
1068 1370 1234 1449 licemini
1259 1376 1382 1451 breim

134 1496 262 1592 capita:
288 1495 373 1569 aaut
397 1508 432 1567 m
452 1489 608 1590 prorime
634 1487 761 1560 mentis
786 1484 885 1574 mille,
910 1484 994 1556 cinti
1017 1483 1189 1559 coercitus
1218 1513 1301 1580 rec,
1320 1512 1381 1586 per

135 1629 303 1678 missorem
328 1605 365 1677 in
389 1627 442 1675 me
468 1624 572 1673 onere
598 1597 738 1671 calcidi.
796 1594 933 1693 Repello
959 1593 1061 1693 ἐρίων
1086 1594 1233 1689 bellam,
1260 1625 1324 1674 nm
1344 1598 1406 1670 iis

126 1717 217 1816 fero.
269 1713 317 1788 Et
339 1714 409 1790 Dii
438 1735 565 1813 petoque
584 1733 653 1808 pre
685 1707 818 1780 nseliere
842 1718 931 1779 etam
955 1729 1078 1794 caasa,·
1118 1731 1294 1807 nunqnam
1312 1732 1376 1806 par·

137 1825 320 1900 temAsiae
345 1826 382 1900 in
407 1824 570 1898 de'cronem
594 1818 710 1918 redepi
733 1842 852 1906 aman,
877 1829 906 1888 te
931 1816 1044 1912 bream
1068 1815 1145 1890 acie
1173 1815 1381 1902 exmilitem

136 1938 198 2012 etsi
221 1937 307 2011 ndsil
329 1964 353 2011 a
377 1962 429 2010 nie
455 1934 633 2033 impetrare
659 1929 837 2028 oportebat,
863 1939 972 2024 tapete
998 1924 1057 2025 qui
1081 1951 1125 1999 ne
1153 1928 1241 2003 belli
1266 1930 1382 2031 quiden

138 2049 175 2121 in
199 2074 251 2121 me
276 2049 355 2122 iura
380 2046 575 2136 servaveris,
601 2056 711 2116 terren
736 2040 769 2114 si
792 2040 922 2114 camis
946 2036 1105 2135 supplere,
1138 2051 1175 2111 et
1199 2049 1384 2116 matremet
1419 2140 1421 2147 Ι

139 2159 310 2257 caniapem
345 2171 376 2230 et
400 2158 515 2230 liberes
541 2156 612 2230 sim
640 2153 751 2251 pretio
786 2163 994 2248 recepturum
1028 2172 1097 2221 esee
1118 2153 1306 2245 prornitto.
1352 2148 1407 2224 llll

141 2267 269 2340 eimere
301 2280 331 2339 et
362 2263 647 2341 emmarricus
681 2263 759 2336 ecto.
816 2258 915 2343 Quod
946 2259 980 2336 si
999 2272 1028 2332 te
1062 2263 1278 2337 committere
1311 2263 1383 2337 nobb

141 2421 232 2467 movet
239 2431 289 2467 me.
309 2414 354 2482 (In
362 2413 471 2484 reliquis
480 2412 554 2465 libris
572 2413 623 2464 hae
640 2417 746 2462 tantum
781 2411 876 2489 causo]
903 2409 984 2474 Quod
1000 2405 1082 2487 vulgo
1099 2406 1198 2463 editur
1216 2414 1276 2466 diis
1286 2422 1383 2467 -stm

141 2481 285 2536 varietates
304 2491 374 2549 sunt,
386 2489 416 2535 ut
433 2500 482 2552 pro
499 2497 531 2534 eo
550 2481 622 2550 quod
640 2487 680 2532 est
698 2479 746 2532 Ce·
781 2480 849 2532 tibus
866 2497 893 2531 in
911 2478 984 2532 nullo
1001 2477 1090 2535 mace
1108 2493 1160 2530 nas.
1179 2479 1292 2549 inveni,
1310 2488 1384 2536 conns

142 2553 189 2617 les,
224 2550 336 2605 Flor.B
359 2552 450 2617 Cedet,
485 2548 554 2602 Flor.
572 2547 600 2601 11
623 2547 744 2599 Bern.B
780 2547 928 2600 Beruenses
946 2553 974 2599 et
990 2543 1061 2598 Flor.
1079 2552 1196 2614 praeter
1216 2547 1244 2602 G
1264 2546 1384 2604 emnerii

141 2620 246 2673 Xerxes
264 2619 388 2674 habeant.
406 2619 439 2673 In
454 2619 533 2672 Bern.
543 2617 569 2669 A
586 2633 678 2670 rasura
694 2623 744 2681 est,
780 2615 823 2668 vel
841 2618 889 2681 dii,
908 2615 989 2669 ceteri
1006 2613 1062 2668 sine
1079 2623 1113 2680 et,
1131 2616 1186 2668 sed
1203 2616 1283 2673 Flor.
1299 2619 1350 2673 AB
1363 2623 1384 2667 et

143 2705 192 2740 nec
209 2686 264 2739 eius
281 2688 355 2742 verbi
374 2688 445 2759 quod
464 2684 574 2740 fuitnisi
591 2684 685 2737 ultima
702 2683 745 2736 lit·
780 2685 896 2737 BernA
914 2683 1004 2736 addita
1023 2681 1225 2740 coniunctione.
1256 2688 1384 2742 Praeterea

142 2765 223 2809 teras
239 2759 336 2827 extat.)
354 2756 467 2826 Explica
484 2754 576 2825 igitur:
596 2753 654 2820 Ille,
673 2751 745 2806 cuius
781 2769 814 2805 nc
832 2752 962 2805 stantibus
981 2750 1086 2821 (pridem
1104 2749 1133 2803 in
1150 2753 1215 2808 ullo
1233 2756 1331 2822 codice,
1348 2751 1384 2806 sed

141 2833 173 2878 tu
190 2842 284 2878 nomen
302 2843 350 2879 rex
373 2827 458 2879 factus
476 2843 532 2878 sum
564 2822 621 2890 isti,
648 2821 746 2892 primus
780 2821 809 2874 in
824 2821 901 2875 Laid.
917 2821 1000 2876 Barn.
1019 2819 1046 2873 A
1063 2827 1091 2872 et
1109 2819 1187 2876 Flor.
1209 2825 1271 2879 AB
1288 2833 1383 2885 stanter,

141 2894 254 2961 Dareus,
272 2893 413 2966 Hystaspis
430 2892 506 2948 filius.
561 2911 603 2945 am
622 2890 746 2945 Orienta-
780 2889 808 2943 in
825 2888 915 2942 Pall
942 2889 1018 2944 Voss.
1039 2894 1094 2941 1.2
1123 2888 1213 2945 Bern.
1232 2893 1258 2947 B
1282 2888 1382 2944 noso

142 2961 206 3014 lium
223 2979 296 3016 more
312 2980 389 3034 reges
414 2962 514 3016 Persici
538 2959 680 3032 potestatis
697 2976 746 3028 po-
780 2957 899 3011 DEFHI
916 2967 997 3024 stant,
1015 2956 1043 3009 in
1061 2954 1087 3009 G
1104 2965 1206 3014 stante.
1244 2961 1329 3031 laque
1343 2956 1380 3008 dii

142 3030 195 3084 tius
213 3049 293 3102 quam
311 3032 422 3086 hominis
440 3031 522 3102 ipsius
540 3029 746 3084 nomenhabue·
780 3058 816 3069 -
839 3037 910 3079 stam
937 3035 965 3079 et
991 3024 1061 3103 flasi·
1078 3033 1107 3104 et
1133 3030 1293 3083 sententiae
1314 3040 1380 3081 must

141 3107 222 3168 runt,
250 3101 317 3155 sient
340 3104 373 3155 de
393 3102 464 3171 Cyro
487 3100 558 3153 inter
575 3115 665 3152 omnes
683 3114 745 3150 con-
780 3104 854 3148 recte
870 3095 982 3147 edidisse
999 3093 1062 3145 mihi
1080 3093 1183 3148 vxdeor.

142 3177 204 3223 stat.
223 3169 268 3222 Sic
287 3170 377 3225 Ochus
394 3187 506 3239 regnum
523 3169 634 3236 adeptus
652 3184 744 3232 μετω-
815 3168 843 3216 in
861 3165 989 3217 dicionem
1006 3163 1110 3283 redepfl
1125 3162 1215 3219 Bern.
1234 3168 1263 3220 A
1281 3173 1310 3220 et
1324 3163 1385 3218 slot.
1412 3214 1420 3223 .

143 3236 277 3305 repedabo
304 3241 485 3303 Artaxerxes,
520 3235 641 3288 Diodoro
676 3239 746 3283 teste
780 3232 806 3284 A
825 3234 970 3299 dicionem,
996 3230 1068 3284 Flor.
1129 3233 1288 3289 dictionem.
1338 3233 1407 3302 spos

142 3320 192 3371 xv,
213 3312 254 3358 93.
781 3300 938 3371 scripturam
955 3317 1013 3353 eam
1029 3298 1151 3368 probavi,
1193 3320 1260 3356 uam
1274 3292 1399 3358 consus*

178 3376 201 3439 ς.
221 3379 261 3424 11.
278 3390 372 3426 rursus
390 3373 512 3490 nonasp
531 3368 622 3437 Vulgo
640 3366 747 3419 additur
782 3376 824 3422 ter
841 3366 1014 3440 antiquissimi
1040 3366 1142 3421 codices
1196 3371 1290 3442 argilii
1312 3368 1391 3445 Medi-¹

143 3457 198 3491 ree
216 3439 328 3506 Xereee,
355 3441 478 3494 sedeam
513 3436 600 3491 oneris
618 3434 747 3506 siguifica-
782 3453 842 3490 cens
868 3445 897 3491 et
920 3436 1065 3491 Vaticanus
1091 3436 1195 3490 habent
1224 3457 1276 3510 per
1294 3459 1309 3495 c
1326 3441 1388 3493 litte·

143 3507 244 3561 tionem
261 3506 322 3560 libri
338 3516 442 3561 veteres
466 3523 531 3576 ques
553 3504 635 3558 Snak.
653 3511 747 3558 eontu-
781 3524 846 3560 ram.
889 3505 986 3560 Itidem
1012 3521 1069 3558 sese
1094 3520 1136 3557 res
1154 3505 1243 3561 habet
1261 3508 1293 3562 in
1310 3507 1388 3564 cendi·

143 3574 207 3628 tulit
216 3583 245 3628 et
253 3575 334 3629 Bern.
344 3584 372 3630 et
390 3573 537 3628 Florentini
551 3581 747 3644 praeterunum
782 3577 862 3639 mone,
880 3573 941 3628 vide
958 3572 1099 3626 Niebuhr-ii
1111 3574 1237 3655 orthogr.
1251 3578 1344 3632 Vatic.
1362 3573 1389 3628 ad

145 3642 171 3696 G
188 3659 287 3711 omnes,
305 3651 388 3708 reete,
406 3652 437 3696 ut
454 3642 557 3713 opinor,
576 3640 712 3697 omittunt.
783 3638 839 3697 cio.
857 3644 891 3696 de
908 3643 1012 3712 republ.
1030 3657 1142 3712 eamque
1159 3646 1301 3700 scribendi
1318 3644 1389 3700 ratio·

179 3714 262 3779 §.12⁸
297 3715 330 3766 ab
354 3713 395 3766 bis
413 3713 576 3781 intersectum
593 3713 659 3778 esse]
694 3709 747 3763 His
782 3728 843 3765 nem
867 3711 895 3764 in
922 3711 984 3765 Gaii
1005 3710 1204 3764 institutionum
1236 3715 1335 3769 codiee
1356 3728 1388 3766 ia·

144 3797 235 3836 omnes
253 3782 338 3848 codd,
356 3779 421 3833 editi
438 3788 526 3834 tamen
544 3782 586 3834 iis.
783 3780 882 3851 scripto
899 3796 956 3834 csse
972 3778 1098 3833 usitatam
1114 3778 1235 3834 editores
1252 3790 1389 3837 testantm.

179 3852 295 3904 licemini
302 3850 413 3902 bostium
423 3851 523 3920 capita]
542 3849 587 3904 Sie
600 3849 747 3906 editMod.
816 3859 979 3919 recepturam
996 3866 1053 3903 esse
1064 3849 1203 3918 promitto]
1225 3851 1321 3923 Vulgo
1337 3855 1390 3923 post

145 3926 173 3972 et
190 3936 206 3972 e
223 3918 319 3973 nostris
345 3917 426 3971 Beru.
443 3921 470 3971 A
495 3927 524 3972 et
549 3937 616 3972 nnus
642 3926 749 3974 tautum
782 3917 882 3971 Aldum
898 3917 1005 3971 additur
1031 3927 1067 3970 te:
1093 3934 1136 3969 rec
1170 3927 1389 3981 caremtenam

144 3985 216 4042 Flor.
233 3990 269 4055 A,
296 3986 367 4039 idem
393 4003 471 4068 quem
497 3987 578 4042 Snak‘.
596 4005 656 4041 oum
672 3988 747 4042 Leid.
783 3987 829 4040 sed
855 3986 979 4040 inerant
1005 3985 1086 4038 Bern.
1104 3934 1231 4040 Aqllor.
1252 3989 1390 4044 ABce

145 4056 292 4111 etVoss.1
312 4055 438 4123 laudaut,
457 4057 503 4110 sed
520 4056 625 4121 rectius,
644 4056 747 4125 opinor,
782 4054 856 4108 Leid.
889 4056 961 4122 'oss.,
979 4070 1030 4108 nee
1056 4054 1138 4108 habet
1155 4051 1182 4106 G
1199 4054 1254 4109 nisi
1283 4075 1320 4112 ex
1340 4072 1389 4111 ccr-

145 4140 225 4193 quam
249 4124 361 4194 vulgata
391 4127 539 4180 licitamini.
591 4124 655 4177 Nou
681 4142 748 4194 opus
783 4123 909 4179 rectione.
929 4124 1027 4194 Neque
1040 4121 1109 4175 enim
1126 4139 1188 4175 raro
1206 4123 1254 4178 hie
1272 4126 1389 4196 scriptor,

146 4190 217 4244 enim
233 4193 315 4246 verbo
333 4193 543 4265 frequentativo,
562 4192 634 4262 quod
651 4191 750 4247 iustam
783 4192 829 4247 ubi
846 4210 975 4264 personae
992 4192 1045 4245 ism
1062 4192 1134 4244 facta
1150 4192 1273 4262 mentio,
1298 4208 1389 4266 prono-

145 4259 234 4332 potius
252 4261 400 4316 auctionem
417 4263 585 4334 significaret.
624 4259 696 4314 Item
712 4261 750 4316 sie
784 4279 845 4317 men
862 4261 977 4329 omittit,
1005 4260 1074 4314 sicut
1090 4278 1153 4313 mox
1171 4262 1299 4317 dabimus
1310 4264 1389 4332 fidat

144 4344 174 4397 v,
192 4337 225 4386 32
244 4333 387 4385 adnutum
405 4332 537 4385 licentium
555 4331 725 4399 circumferri.
784 4332 889 4400 impone
906 4340 1050 4396 venturam,
1069 4328 1123 4382 scil.
1141 4335 1178 4381 te.

180 4402 204 4468 §-
215 4406 256 4457 18.
277 4411 300 4454 et
318 4402 357 4454 dii
375 4412 474 4470 qnoque
486 4416 539 4469 pro
555 4399 661 4452 meliore
678 4407 749 4453 stant
819 4398 1182 4468 §.14.carnmitterenabis]
1217 4398 1284 4456 Hoc
1300 4401 1389 4454 verbo·
