2984 5176
574 305 794 358 ruanrfflo.
1228 306 1295 359 m

60 489 234 562 barentur
251 499 295 562 et
319 513 343 561 s
377 488 514 566 Valente
539 488 695 564 Acidalio
720 490 757 561 in
783 489 953 588 singulari
985 490 1105 564 libello
1129 501 1298 564 notarum

58 617 97 689 in
123 613 165 705 Q
194 614 355 690 Curtium
381 614 621 715 (Francofurti
649 614 764 715 1594)
790 617 917 690 acerbe
944 619 1140 717 castigatae
1166 629 1297 707 essent,

60 744 265 843 anceps-de
291 745 436 842 ingenio
462 743 539 816 eius
565 743 732 817 iudicium
758 746 868 818 etiam
892 744 941 819 ad
966 747 1126 838 alteram,
1153 746 1199 820 dc
1225 770 1298 843 qua

58 873 169 945 iusto?
181 873 324 970 parcius
351 871 467 960 dixit
481 870 597 968 operis
614 883 754 969 purtem
770 874 1036 966 transferretur,
1062 875 1125 948 ubi
1141 874 1298 948 maxime

61 1000 107 1073 de
121 999 499 1073 .fide³et·eonstautia
525 997 671 1072 editoris
698 1001 848 1098 agitur.
877 999 983 1075 Certe
1007 1028 1081 1077 non
1106 1003 1144 1076 id
1165 1002 1298 1076 laboris

61 1129 118 1202 eui
154 1128 240 1201 tulit
272 1124 489 1224 praemium,
535 1125 633 1224 quod
668 1150 779 1199 rmum
809 1129 1051 1226 expetendum
1087 1142 1144 1204 est
1177 1131 1299 1205 critico

64 1254 211 1344 editori,
242 1262 284 1325 ut
318 1255 456 1352 qualem
489 1255 750 1329 conformasset
782 1265 943 1347 textum,
977 1257 1169 1354 insequens
1200 1268 1300 1330 aetas

66 1391 278 1478 sequeretur·
300 1392 337 1457 et
360 1382 538 1476 retineret
562 1438 565 1443 -
590 1382 734 1459 Etenim
760 1383 979 1482 posthabita,
1014 1385 1145 1484 quippe
1171 1384 1216 1458 de
1244 1410 1301 1458 cu·

64 1511 120 1583 ius
145 1508 217 1582 fide
243 1509 613 1603 dubitaretunModii
623 1513 846 1605 recensione,
868 1513 1025 1612 vulgate,
1051 1538 1143 1611 quae
1162 1496 1301 1603 dicitur,

61 1637 169 1710 lectio
184 1637 363 1710 :minatam
391 1640 653 1736 possessionem
684 1641 910 1739 recuperavit
935 1666 1087 1740 eamque
1112 1665 1226 1740 usque
1251 1639 1299 1714 ad

60 1766 342 1853 hsncjaetstem'
362 1765 527 1860 obtinuit,
552 1779 696 1843 tentum
721 1768 819 1866 quod
844 1769 901 1841 hic
923 1769 995 1842 illic
1010 1771 1178 1869 graviora
1195 1766 1300 1866 quae·

61 1892 146 1967 dam
172 1893 276 1984 visa,
311 1893 650 1993 quae'sinteffigendi
683 1868 891 1969 mulctet
915 1897 1023 1970 nimis
1048 1895 1301 1995 impediebant,

60 2024 272 2123 plerumque
298 2022 522 2113 coniecturis,
548 2023 665 2096 rarius
682 2022 924 2120 'integriorum
948 2023 1121 2097 librorum
1146 2022 1302 2097 lectioni·

60 2151 131 2224 bus
157 2149 370 2248 recipiendis
391 2150 544 2223 sublata
560 2161 670 2225 sunt-
718 2148 825 2240 Quod
849 2151 983 2224 ceteris
1014 2150 1158 2249 quidem
1182 2153 1300 2227 minus

61 2278 152 2353 vitio
186 2277 402 2353 vertendum
437 2289 493 2351 est
526 2302 634 2377 quam
667 2277 792 2356 bonci
822 2277 1067 2374 recesset,
1105 2282 1167 2379 qui
1202 2280 1301 2356 Petri

61 2406 226 2481 Danielis.
248 2407 340 2491 libro
372 2405 418 2480 de
443 2407 586 2504 pudore
619 2407 878 2482 emendationis
903 2409 1004 2483 tonte
1028 2408 1214 2484 admoneri
1240 2434 1301 2508 po·

62 2537 153 2627 tuit,
191 2546 229 2609 et
245 2535 381 2633 magis·
410 2535 517 2608 etiam
550 2531 658 2610 Hesi.
686 2534 955 2636 memmio,
995 2537 1118 2636 quiin
1144 2536 1300 2612 editione

61 2670 131 2738 sua
169 2688 252 2737 eum
288 2663 407 2737 varias
445 2674 618 2739 veterum·
653 2666 826 2740 librorum
870 2664 1041 2740 lectiones
1082 2675 1301 2764 congereret,

62 2794 173 2867 etiam
197 2791 522 2891 praestantissimos
554 2793 647 2867 duos
678 2795 805 2885 libros,
847 2791 1060 2866 Leidensem
1095 2804 1133 2866 et
1158 2790 1303 2866 Vossia-

60 2926 150 2996 num
178 2926 213 3012 1,
238 2921 448 3011 accuratius,
472 2945 582 3016 quam
607 2920 726 2993 adhuc
745 2921 820 2994 fere
841 2919 920 2991 fieri
937 2921 1087 3009 solebat,
1113 2920 1304 3017 excerpsit,

62 3075 132 3124 nec
156 3059 278 3122 tamen
309 3048 356 3122 ad
382 3046 559 3137 Medium,
594 3047 687 3120 sicut
723 3070 879 3143 aequum
910 3054 1002 3136 eret,
1037 3043 1209 3136 attendit,
1241 3057 1304 3119 aut

65 3178 209 3253 omnino
234 3176 428 3266 intellexit,
455 3188 497 3247 ut
521 3174 559 3246 in
585 3173 777 3272 proverbio
805 3181 875 3263 est,
903 3171 989 3271 quid
1016 3172 1191 3246 distarent
1218 3198 1302 3248 aera

63 3306 206 3406 lupinis.
273 3305 534 3378 Verumtamen
571 3312 722 3399 uterque
762 3328 784 3376 a
819 3302 941 3375 critica
979 3302 1117 3383 ratione
1156 3303 1304 3400 paulum

64 3435 214 3510 alienior
238 3433 321 3524 fuit,
348 3442 386 3506 et
410 3430 672 3505 Freinshemius
700 3430 844 3527 quidem
870 3440 969 3504 totus
995 3432 1031 3504 in
1057 3430 1229 3505 historica
1253 3432 1305 3505 in·

60 3561 324 3661 'terpretatione
348 3585 416 3658 pro
440 3584 541 3633 more
571 3559 666 3632 illius
693 3559 824 3633 saeculi
850 3569 888 3632 et
912 3560 950 3632 in
965 3559 1228 3633 concinnandis
1255 3562 1304 3633 la-

64 3689 317 3767 boriosissimis
351 3688 608 3785 supplementis
642 3697 854 3786 occupatus,
894 3683 1186 3786 Snakenbmgius
1221 3713 1303 3761 con-

66 3819 258 3920 gregandis
283 3816 397 3914 magis
424 3840 532 3913 quam
556 3813 750 3891 educendis
773 3816 812 3889 in
838 3815 951 3889 aciem
970 3816 1305 3910 committendisque

66 3940 264 4017 doctrinae<
289 3944 401 4042 copiis
439 3944 608 4017 intentus.
668 3942 923 4017 Recentiorum
957 3942 1135 4016 editorum
1168 3941 1304 4038 primus

65 4067 166 4143 Ftid.
193 4066 428 4146 Schmiederm
452 4071 491 4144 iu
516 4070 673 4145 editione
698 4067 926 4170 Gottingensi
951 4097 983 4143 a
1008 4072 1106 4143 1803
1128 4093 1151 4140 a
1167 4066 1305 4143 Freins-

58 4199 233 4277 hemiano
259 4208 366 4273 textu
399 4199 610 4297 recipiendis
641 4199 804 4273 maxime-
832 4197 1030 4272 Florentini
1061 4205 1098 4269 et
1121 4194 1306 4269 Leidensis

59 4323 309 4424 -Vossianique
332 4326 462 4424 prioris
488 4352 537 4401 ex
556 4327 733 4402 thesauro
754 4323 1073 4421 Snukenburgicno
1095 4322 1307 4397 lectionibus

59 4451 253 4533 ,discedere
279 4480 389 4531 ausus
416 4464 481 4544 cst,
508 4455 567 4528 cui
591 4454 708 4552 grstia
732 4453 901 4528 habenda
916 4461 984 4542 est
1007 4451 1121 4551 ineo,
1147 4447 1245 4546 quod
1260 4447 1306 4523 de
