2926 5174
186 270 254 322 XIV
688 267 906 320 PRAEFATIO.

186 452 336 524 lationes
363 451 409 523 ab
435 448 544 522 Henr.
572 446 843 547 Snakenburgio
878 449 914 522 in
949 450 1261 546 locupletissimam
1295 451 1413 526 editio·

186 604 269 651 nem
293 577 470 650 Batavam
496 603 526 650 a.
558 580 654 650 1724
681 586 862 674 receptae,
894 577 1000 650 unius
1025 576 1226 669 LeidensiS,
1266 578 1416 652 duorum

185 703 455 796 Vossianorum,
483 705 542 802 qui
568 703 719 777 anobis
745 703 857 776 solitis
882 705 977 777 notis
995 707 1219 803 appellantur
1237 717 1275 780 et
1292 706 1417 781 eodem

187 830 459 929 Snahenburgio
485 841 630 905 auctore
657 830 906 905 describuntur
933 833 1000 904 sic:

288 961 385 1035 Leia.
414 958 491 1033 cod.
517 961 653 1032 formae
680 957 876 1054 quadratae
902 959 1176 1056 antiquissimus
1212 961 1418 1034 charactere

236 1089 383 1184 paulum
409 1088 664 1160 obsolescente.
692 1111 739 1158 ex
764 1086 930 1158 Bibhoth.
957 1085 1100 1160 Veteris
1128 1089 1306 1161 thesauro.

296 1214 391 1290 Voss.
422 1218 453 1287 1.
481 1215 647 1310 antiquus
675 1239 761 1286 sane
787 1224 824 1286 et
849 1213 993 1286 minime
1017 1216 1261 1312 negligendus.

299 1342 392 1417 Voss.
422 1345 454 1414 2.
491 1341 687 1415 recentiore
712 1366 831 1413 manu.
872 1341 948 1414 sine
982 1340 1167 1414 indicibus.
1206 1353 1284 1414 tum
1319 1345 1418 1440 siglis

237 1469 345 1541 etiam
371 1479 409 1541 et
434 1469 580 1567 syllabis
612 1467 803 1541 contractis
839 1478 994 1543 aetatem
1027 1495 1129 1542 suam
1159 1495 1232 1542 non
1265 1472 1420 1545 multum

235 1605 411 1669 remotam
435 1594 602 1694 prodens.

299 1721 439 1797 Horum
471 1720 756 1820 quattuordecim
788 1731 825 1795 et
861 1723 1092 1819 reliquorum,
1133 1749 1222 1821 quos
1254 1726 1417 1822 cognitos

184 1851 373 1941 habemus,
408 1849 570 1924 codicum
597 1846 849 1922 Ourtianorum
879 1849 1001 1924 inveni
1035 1851 1125 1924 duas
1152 1876 1230 1925 esse
1256 1854 1417 1944 familias,

185 2004 232 2051 ex
263 2004 336 2050 uno
373 1979 465 2052 libro
500 1976 646 2073 antiquo
681 1977 807 2051 mutilo
839 2002 906 2051 nec
942 1980 1028 2051 satis
1064 1979 1251 2052 emendate
1284 1981 1416 2078 scripto

164 2100 293 2178 'ortas
345 2103 438 2177 Nam
462 2105 611 2177 lacunae
638 2114 675 2177 et
699 2130 772 2178 una
802 2129 933 2202 magna
967 2106 1005 2178 in
1038 2105 1210 2203 principio
1237 2108 1353 2204 operis
1382 2118 1416 2180 et

184 2235 298 2306 altera
322 2231 359 2303 in
385 2232 456 2305 fine
489 2231 570 2304 libri
596 2231 709 2326 quinti
743 2232 906 2328 sextique
938 2233 1110 2330 principio
1143 2244 1180 2305 et
1215 2236 1414 2331 complures

59 2372 62 2380 '
183 2359 367 2434 breviores
398 2382 525 2432 versus
556 2357 665 2431 finem
696 2367 781 2430 sunt
812 2358 959 2432 eaedem
989 2361 1027 2432 in
1059 2359 1232 2432 omnibus.
1287 2358 1359 2434 Sed
1385 2364 1413 2434 is

185 2486 301 2559 codex
326 2485 528 2584 principalis
561 2484 599 2556 in
634 2510 706 2558 una
737 2486 850 2559 classe
883 2487 1066 2578 librorum,
1093 2488 1153 2584 qui
1180 2497 1322 2579 extant,
1358 2488 1415 2562 de·

185 2614 337 2711 scriptus
370 2623 426 2686 est
456 2610 609 2684 fideliter
643 2621 750 2707 atque
784 2612 835 2686 ita
867 2623 1085 2714 propagatus
1113 2641 1136 2688 a
1159 2616 1330 2707 librariis,
1365 2629 1413 2708 ut,

184 2750 327 2839 praeter
352 2740 458 2814 solita
483 2736 661 2811 scribendi
686 2739 788 2829 vitia,
823 2740 910 2812 nihil
944 2740 992 2813 ad
1017 2751 1176 2844 veterem
1204 2744 1414 2841 scripturam

185 2868 363 2959 additum,
393 2866 482 2970 nihil
507 2865 671 2938 consulto
697 2875 891 2957 mutatum,
925 2868 1013 2941 nihil
1040 2868 1085 2941 de
1112 2870 1316 2944 coniectura
1342 2897 1412 2944 cor-

183 3008 321 3071 rectum
346 2996 403 3070 sit.
454 2992 512 3067 Ex
537 2994 605 3066 hac
631 2994 743 3066 classe
770 2991 815 3066 de
840 2995 972 3069 nostris
998 2996 1096 3071 libris
1124 3006 1208 3070 sunt
1232 2997 1325 3072 Blor.
1344 3000 1412 3074 AB

183 3127 289 3202 Bora.
309 3126 344 3198 A
372 3122 480 3198 etde
507 3118 832 3217 Snakenburgianis
857 3123 955 3198 Leia.
991 3123 1086 3200 Voss.
1108 3129 1140 3215 l,
1167 3125 1240 3197 suis
1267 3128 1413 3223 quisque

183 3250 322 3324 mendis
356 3250 548 3323 levioribus
583 3246 650 3319 illis
690 3244 833 3341 quidem
871 3248 1019 3342 diversi,
1060 3249 1165 3325 Voss.
1203 3254 1221 3322 l
1253 3253 1413 3326 vitiosior

185 3379 328 3467 ceteris,
363 3375 428 3449 sed
453 3385 574 3447 tamen
607 3397 731 3444 omnes
763 3373 857 3447 inter
882 3401 920 3450 se
946 3403 1119 3475 perquam
1144 3379 1286 3454 similes.
1339 3380 1414 3452 Flo·

183 3504 363 3577 rentinum
388 3501 423 3575 A
449 3501 556 3574 etiam
581 3496 656 3571 Nic.
683 3495 851 3574 Heinsius
887 3505 970 3577 olim
997 3506 1147 3578 contulit
1173 3531 1286 3602 eaque
1312 3509 1414 3580 colla·

83 3658 84 3662 ¹
183 3630 234 3702 tio
266 3631 393 3703 silvam
426 3628 642 3701 variantium
675 3626 866 3701 lectionum
899 3631 995 3729 apud
1022 3630 1332 3730 Snakenburgium
1358 3659 1414 3706 au·

183 3757 248 3848 xit,
275 3755 339 3830 sed
364 3756 543 3830 hominem
569 3753 725 3842 doctum,
752 3757 813 3849 qui
839 3782 921 3831 eum
945 3760 1077 3833 librum
1102 3786 1221 3833 meum
1248 3761 1285 3832 in
1312 3786 1414 3834 usum

186 3883 345 3973 contulit,
373 3909 419 3956 ex
445 3880 565 3956 multis
592 3886 814 3960 documentis
840 3897 989 3985 apparet
1013 3888 1194 3983 ahquanto
1221 3886 1415 3986 diligentio-

184 4035 261 4082 rem
286 4009 395 4083 fuisse
420 4008 577 4103 Heinsio,
604 4014 724 4109 itaque
749 4039 823 4088 non
848 4015 1029 4112 potuimus
1047 4024 1120 4086 non
1137 4023 1299 4086 nostram
1317 4015 1415 4111 sequi

186 4136 428 4243 collationem,
467 4138 535 4210 nisi
570 4139 630 4212 ubi
657 4139 845 4232 intererat,
888 4141 985 4238 quod
1017 4141 1063 4214 ab
1096 4151 1248 4236 utroque
1275 4141 1415 4215 diversa

157 4262 324 4336 -ratione
350 4262 481 4337 lectum
507 4276 611 4355 esset,
638 4276 820 4340 annotare.
872 4267 1000 4341 Itidem
1025 4292 1083 4340 res
1111 4292 1188 4340 sese
1208 4268 1319 4340 habet
1336 4291 1414 4339 cum

187 4388 291 4461 Bern.
318 4387 372 4479 A,
407 4392 506 4465 cuius
532 4417 643 4490 supra
667 4396 1020 4469 commemoravimus
1045 4393 1245 4468 variantem
1270 4395 1416 4492 scriptu·
