2926 5174
186 300 258 373 154
655 316 690 379 o.
719 315 843 367 curru
866 313 952 367 narr

183 502 231 578 ad
257 498 397 576 coelum
422 500 613 591 ferebatur,
639 499 853 573 abstulerat:
887 520 973 594 ergo
999 493 1097 569 haud
1124 519 1226 570 secus
1252 494 1408 590 quamin

183 614 342 688 tenebris
369 613 547 702 errabant,
574 608 621 683 ad
647 632 776 683 sonum
801 616 909 682 notae
935 607 1050 697 vocis,
1082 615 1124 680 nt
1150 606 1307 704 signum,
1340 607 1409 680 sub·

183 724 267 798 inde
306 731 485 798 coeuntes.
546 719 801 795 Exaudiebant
830 731 953 792 tamen
988 718 1157 817 strepitus
1192 716 1411 808 habenarum,
1424 737 1445 786 a

185 836 314 932 quibus
362 834 445 931 equi
489 856 633 906 currum
676 833 850 907 vehentes
888 828 1086 905 identidem
1122 828 1413 903 verberabantur:

184 947 275 1023 haec
301 947 378 1020 sola
401 944 570 1043 fugientis
596 943 749 1040 vestigia
775 952 927 1042 excepta
953 949 1047 1015 sunt.

136 1058 184 1131 60
289 1056 341 1129 At
365 1057 403 1128 in
427 1056 533 1130 laevo
559 1052 797 1128 Macedonum
828 1077 940 1159 cornu
966 1051 1190 1152 (Parmenio,
1225 1051 1319 1125 sicut
1344 1061 1459 1125 antau

186 1167 337 1259 dictum,
369 1166 554 1265 tuebatur)
586 1168 692 1265 longe
725 1167 794 1239 aha
825 1167 971 1239 fortuna
1001 1163 1187 1259 utriusque
1221 1163 1337 1260 partis
1368 1187 1417 1236 res

184 1279 386 1377 gerebatur.
438 1276 616 1367 Murcus,
643 1302 724 1350 cum
750 1279 848 1350 omni
873 1300 1020 1349 suorum
1052 1274 1213 1370 equitatu
1239 1274 1418 1348 vehemen-

185 1398 242 1461 ter
267 1389 450 1480 invcctus,
484 1389 638 1487 urgebat
664 1386 901 1462 Macedonum
927 1387 1013 1459 alas.
1064 1383 1213 1481 Iamque
1240 1383 1441 1458 abundarat

185 1499 414 1572 multitudine
441 1499 553 1571 aciem
580 1499 796 1574 circumvehi
821 1507 998 1595 coeperat,
1016 1521 1097 1570 cum
1114 1493 1307 1570 Parmenio
1334 1495 1418 1591 equi·

186 1619 243 1682 tes
268 1609 433 1682 nuntiare
459 1609 561 1682 iubet
585 1608 804 1702 Alexandro,
822 1609 860 1682 in
875 1634 945 1706 quo
972 1607 1172 1681 discrimine
1198 1606 1268 1703 ipsi
1294 1616 1418 1679 essent:

187 1719 225 1791 ni
250 1730 390 1792 mature
416 1719 682 1812 subveniretur,
715 1746 787 1793 non
819 1745 925 1819 posse
951 1718 1029 1792 sisti
1053 1719 1185 1815 fugam.
1239 1715 1317 1788 lam
1341 1716 1439 1788 mul-r

187 1839 266 1902 tum
292 1830 371 1903 viae
397 1839 629 1928 praeceperat
654 1856 730 1922 ren,
756 1831 942 1903 imminens
969 1829 1180 1925 fugientium
1206 1829 1330 1925 tergis,
1347 1852 1416 1900 cnm

188 1965 210 2011 a
236 1938 472 2014 Parmenione
498 1941 609 2014 tristis
641 1942 787 2014 nuntius
813 1942 922 2015 venit.
974 1939 1168 2037 Refrenare
1195 1963 1307 2034 equos
1332 1937 1415 2027 iussi,

189 2052 249 2147 qui
280 2052 522 2142 vehebantur,
558 2077 757 2149 agmenque
783 2052 958 2142 constitit,
972 2048 1180 2123 'frendente
1207 2046 1415 2136 Alexandro,

189 2161 278 2258 eripi
310 2161 377 2234 sibi
408 2163 597 2236 victoriam
623 2188 642 2235 c
668 2164 848 2253 manibus,
883 2171 920 2235 et
945 2161 1104 2234 Dareum
1134 2161 1269 2233 felicius
1305 2160 1414 2255 fugere

190 2297 297 2368 quam
324 2274 498 2371 sesequi.
550 2271 698 2346 Interim
729 2272 777 2345 ad
801 2271 987 2346 Mazaeum
1019 2271 1177 2370 superati
1207 2271 1303 2369 regis
1334 2272 1439 2343 fumat

224 2500 247 2566 ξ.
266 2503 308 2552 32.
324 2498 478 2568 serebatur]
506 2498 680 2568 Referebatur
697 2517 713 2552 ο
733 2498 792 2552 timi
825 2506 932 2569 praeter
956 2497 1028 2551 Flor.
1055 2497 1152 2551 CDEI.
1201 2496 1322 2567 Apparet
1346 2494 1414 2566 igitur

189 2581 221 2618 ac
237 2573 344 2635 praeter
360 2583 404 2619 eos
421 2566 498 2619 Voss.
513 2572 527 2619 2
547 2566 705 2620 uror-‚Dua
721 2607 728 2634 ,
746 2568 792 2620 sed
826 2585 874 2688 pro
897 2567 949 2620 fide
970 2584 1030 2619 mss.
1052 2565 1143 2619 debita
1168 2565 1337 2636 parenthesin
1353 2579 1414 2617 arc·

190 2633 321 2686 editorum
338 2651 415 2688 nemo
432 2633 565 2704 probavit,
583 2637 791 2706 neeegoprobo.

194 2750 197 2755 .
224 2705 262 2755 ad
274 2721 365 2756 sonam
379 2713 455 2756 notae
464 2705 533 2756 vocis
542 2706 693 2773 alsianum]
713 2704 792 2768 Quod
826 2720 891 2756 esre.
927 2704 1013 2756 Antea
1036 2720 1103 2755 nnus
1128 2702 1200 2756 Flor.
1224 2701 1256 2755 B.
1292 2703 1358 2755 Max
1376 2715 1414 2770 pro

190 2767 218 2822 in
235 2771 309 2824 codd.
322 2779 369 2824 est
391 2781 438 2824 aat
459 2774 564 2841 signam
589 2771 691 2841 optime
707 2770 792 2825 Aldus
827 2788 858 2825 eo
877 2772 948 2842 quod
966 2779 1007 2823 est
1023 2790 1128 2824 suoram
1145 2771 1217 2825 Flor.
1234 2769 1328 2823 DFHI
1347 2769 1414 2822 Beru.

190 2838 356 2892 emendavit:
380 2856 467 2909 neque
493 2839 563 2892 enim
584 2839 612 2893 in
633 2848 710 2893 tanta
731 2857 792 2910 per-
827 2840 850 2892 B
874 2857 921 2892 sao
944 2840 1050 2892 habent.
1095 2840 1228 2910 Urguebat
1253 2838 1373 2892 scribitur
1393 2835 1414 2888 in

189 2907 341 2961 turbatione
357 2906 420 2961 licet
444 2909 477 2960 de
494 2908 514 2961 si
534 2927 568 2962 no
585 2910 651 2962 tuba
668 2911 731 2962 dato
749 2926 792 2962 co·
827 2907 907 2960 Bern.
924 2907 951 2960 A
968 2907 1039 2960 Flor.
1057 2908 1090 2960 A.

189 2974 283 3044 gitare.
315 2977 413 3028 Sonam
430 2992 481 3047 ego
530 2977 618 3030 odium
636 2985 740 3030 secutus
758 2994 792 3030 ex
862 2979 884 3044 ξ.
903 2983 927 3028 2.
964 2993 1020 3028 cum
1037 2976 1152 3096 Parra&
1176 2985 1228 3029 tum
1244 2975 1337 3029 Parm.
1353 2970 1412 3026 Leid

189 3043 345 3097 caddFlor.
363 3044 482 3099 omnibus
500 3053 529 3098 et
542 3045 793 3099 Snak.Ieid.Voss.
827 3045 938 3097 Voss.2
961 3043 1032 3097 Flor.
1050 3043 1124 3097 DEF
1152 3043 1195 3097 HI
1218 3043 1299 3097 Bern.
1321 3043 1345 3097 B
1366 3040 1412 3095 llo·

192 3111 309 3179 ledidi,
335 3113 386 3166 hoc
411 3113 469 3167 loco
495 3113 583 3183 aptius
609 3114 689 3166 etiam
714 3131 794 3194 quam
827 3112 892 3165 dius.

191 3181 263 3248 quod
280 3196 328 3250 per
345 3181 405 3231 edd.
418 3190 596 3250 propagatum
614 3190 655 3234 est
672 3193 792 3235 sonetum.
862 3181 1021 3250 nimature]
1048 3174 1412 3250 Vulg.nr'si,quoddenostris

190 3247 261 3300 Item
277 3247 355 3318 paulo
372 3256 433 3317 post
451 3251 719 3302 exaudiebaattnmen
737 3266 793 3303 cer·
827 3267 882 3303 non
899 3256 939 3301 est
957 3248 1007 3301 nisi
1024 3248 1051 3300 in
1069 3248 1140 3301 Flor.
1158 3247 1211 3300 ΕΗ
1228 3248 1310 3300 Bern.
1327 3248 1362 3314 B,
1380 3258 1411 3298 re·

104 3344 113 3357 -·
190 3315 290 3368 tissima
299 3315 458 3368 auctoritate
471 3315 636 3369 scribendum
649 3335 699 3387 pro
713 3335 793 3372 caan·
827 3316 893 3387 liqui
912 3317 983 3386 quod
1000 3316 1169 3386 praetulimus
1186 3317 1222 3368 ni.

192 3384 312 3435 diebatar
334 3392 433 3435 tantam
461 3386 535 3452 (nam
566 3385 670 3464 passiva
691 3404 743 3439 vox
765 3386 794 3439 in
864 3388 886 3453 ἓ.
905 3392 929 3438 3.
965 3387 1070 3437 multam
1096 3386 1153 3438 viae
1167 3383 1348 3504 praecepera)
1378 3377 1411 3432 Sir

191 3449 368 3502 unoBern.B
388 3457 437 3515 est,
456 3461 555 3504 tantam
572 3471 599 3504 m
616 3453 712 3520 nullo),
729 3453 794 3507 item
828 3453 856 3505 in
873 3452 978 3523 optimis
1002 3454 1077 3506 codd.
1103 3453 1128 3504 le
1148 3451 1201 3505 ‘tur
1222 3451 1298 3504 Lerd.
1345 3454 1408 3504 cml

192 3534 297 3569 carram
324 3519 470 3570 vehentes
496 3537 549 3572 non
576 3523 713 3574 trabentes.
749 3522 794 3575 Sic
828 3521 899 3575 Flor.
909 3522 966 3591 AB,
976 3520 1041 3574 item
1059 3521 1111 3574 CH
1152 3519 1249 3586 ern.B,
1268 3517 1409 3573 ceteril'lor.

192 3585 262 3637 enim
283 3601 372 3638 omnes
394 3585 510 3639 omnium
527 3587 585 3639 libri
603 3606 680 3654 msa,
698 3597 729 3641 ut
746 3590 794 3641 mi-
829 3597 857 3642 et
873 3590 954 3642 Bern.
977 3588 1004 3641 A
1021 3589 1090 3642 sicut
1107 3596 1169 3642 ante
1185 3585 1285 3640 Aldum
1303 3587 1408 3640 edebatur

191 3653 246 3707 rari
263 3655 356 3707 subeat
374 3653 468 3722 quibus
484 3657 593 3707 tandem
609 3655 682 3709 libris
695 3657 794 3726 princi·
824 3667 1017 3727 praecesserat,
1035 3676 1102 3710 nnus
1111 3657 1180 3710 Flor.
1192 3654 1300 3726 unod
1316 3651 1407 3708 abhldo

191 3738 239 3792 pes
257 3721 370 3775 editores
387 3722 428 3774 usi
445 3723 505 3775 sint.
542 3724 595 3777 Sed
617 3725 667 3778 hoc
683 3725 794 3778 mirandi
828 3724 941 3795 primum
972 3725 1067 3778 deinde
1097 3743 1113 3778 a
1143 3723 1237 3778 ceteris
1262 3723 1357 3776 editum
1376 3722 1406 3770 ed

192 3807 321 3860 nusquam
346 3807 400 3842 non
426 3791 478 3844 erit
503 3792 584 3862 copia.
622 3792 681 3845 Nec
705 3803 793 3846 tamen
823 3803 998 3861 processerat.
1040 3793 1133 3864 Longe
1162 3791 1255 3844 melior
1286 3787 1404 3844 curante

191 3860 305 3912 deerunt
341 3858 387 3929 qui
433 3859 595 3912 ratiunculas
631 3862 793 3930 excogitent,
828 3868 934 3913 nostrae
951 3860 1070 3914 lectionis
1088 3869 1136 3927 est,
1155 3876 1214 3913 cum
1232 3858 1403 3930 uepraecrbrtt

191 3928 285 3998 quibus
321 3927 427 3981 illorum
461 3929 540 3980 fidem
574 3946 605 3981 ao
639 3929 794 3999 sapientiam
827 3932 896 3980 aiam
920 3946 975 3982 non
1000 3929 1103 3983 dicatur
1127 3927 1175 3981 nisi
1200 3877 1246 3980 ulii
1267 3928 1401 3996 campum

190 4003 324 4048 tueantur.
678 4013 681 4020 ·
828 3995 917 4065 aliqua
934 4005 975 4050 est
993 4015 1052 4050 eum
1068 3997 1099 4050 iis
1118 3996 1162 4066 qui
1183 3995 1357 4065 relinquantur
1368 3985 1399 4055 (cs-

227 4064 291 4133 Cap.
312 4071 357 4131 60,
376 4068 399 4133 ξ.
419 4071 441 4117 1.
476 4065 568 4117 Parra.
589 4066 657 4118 sicat
675 4075 734 4118 ante
752 4067 793 4119 di·
830 4063 914 4117 Drak.
932 4066 966 4117 ad
983 4065 1041 4131 Liv.
1058 4080 1132 4132 xxm,
1143 4071 1186 4132 41,
1205 4071 1219 4118 9
1237 4070 1265 4116 et
1280 4061 1322 4133 qui
1336 4059 1398 4134 ab?

192 4140 275 4194 atam,
303 4134 436 4202 tuebatur]
475 4132 573 4184 Editur
601 4133 682 4203 vulgo
713 4136 798 4201 qaod
829 4132 972 4185 laudantur
988 4131 1157 4204 interpretes)
1182 4148 1213 4184 ea
1238 4131 1286 4184 hoc
1309 4129 1395 4180 locem

191 4197 282 4250 Parra.
299 4201 366 4253 sicat
393 4211 453 4254 ante
475 4203 571 4253 dictam
597 4211 644 4253 ert
667 4202 793 4268 tuebatur,
829 4200 964 4254 stituenda
981 4209 1022 4254 est
1039 4219 1098 4254 cum
1114 4200 1211 4271 reliquo
1224 4190 1394 4271 agmincldtoe·

191 4264 342 4334 legiturque
364 4268 400 4320 sic
425 4268 453 4321 in
479 4267 550 4320 Flor.
569 4266 602 4321 G.
638 4269 739 4322 Verum
757 4278 795 4321 est
829 4269 933 4320 donum.

193 4332 332 4403 areliqnis
350 4336 471 4388 omuibus
488 4335 585 4388 nostris
602 4343 631 4388 et
648 4337 729 4390 Snak.
747 4337 793 4388 ab·
862 4353 939 4403 qaam
957 4354 985 4390 se
1002 4338 1087 4407 seque]
1104 4336 1164 4389 Hoc
1179 4333 1266 4387 ordine
1281 4329 1387 4382 verbortlm

193 4406 242 4465 est,
260 4399 325 4452 item
342 4406 412 4469 quod
427 4420 443 4456 a
461 4402 541 4456 Sualr.
559 4402 632 4456 libris
650 4410 678 4457 et
695 4405 792 4457 nostris
827 4419 916 4457 omnes
933 4404 995 4458 libri
1011 4404 1095 4458 nostri
1112 4412 1140 4457 et
1156 4401 1233 4458 Suulr.
1249 4397 1314 4452 Leia
1329 4391 1383 4446 Vt&⁴

838 2635 899 2705 'qua
932 2635 1050 2688 oratione
1082 2635 1238 2704 diremptam
1261 2633 1414 2687 statuendam
