2926 5174
478 348 528 399 on
555 345 681 399 aasrrs
707 347 816 398 max.
847 349 899 419 rx,
925 346 967 394 sc.
1270 330 1344 405 475

108 527 287 626 fastigium
319 541 586 628 occupaverant
616 529 752 605 undae:
793 556 874 604 cum
907 531 1025 605 subito
1057 556 1174 605 novus
1207 542 1245 606 et
1276 533 1345 631 pri·

91 639 198 712 >stine
253 641 367 714 maior
412 652 530 715 terror
568 642 748 715 incutitur.
814 641 1041 740 Reciprocari
1080 643 1198 740 coepit
1237 668 1345 734 mare,

107 775 235 848 magno
262 763 382 826 tractu
409 754 510 850 aquis
537 755 574 825 in
601 778 706 825 suum
736 754 870 826 fretum
899 755 1182 844 recurrentibus,
1220 754 1346 829 redde·

108 861 237 958 batque
263 875 378 939 terras
405 867 513 964 paulo
540 875 625 938 ante
650 863 828 962 profundo
855 864 930 936 salo
957 890 1103 939 mersas.
1146 865 1261 963 Igitur
1287 866 1346 940 de·

106 974 230 1047 stituta
255 977 400 1075 navigia
426 976 497 1048 alia
522 975 803 1073 praecipitantur
828 976 865 1047 in
896 1000 1038 1073 proras,
1077 976 1146 1048 alia
1170 977 1208 1048 in
1234 977 1348 1050 latera

106 1086 354 1183 procumbunt.
401 1085 515 1161 Strati
540 1097 643 1160 erant
669 1087 785 1184 campi
811 1087 968 1175 sarcinis,
995 1087 1113 1178 armis,
1141 1090 1348 1163 avulsarum

107 1197 309 1270 tabularum
346 1223 599 1295 remorumque
638 1198 857 1296 fragmentis.
910 1196 1011 1270 Miles
1049 1223 1115 1271 nec
1153 1200 1276 1298 egredi
1312 1202 1350 1273 in

108 1318 248 1399 terram,
274 1334 342 1382 nec
367 1311 404 1383 iu
431 1334 526 1383 nave
553 1310 747 1383 subsistere
770 1308 936 1400 audebat,
963 1308 1158 1384 identidem
1183 1336 1348 1409 praesen-

109 1421 198 1493 tibus
235 1421 423 1518 graviora,
464 1445 556 1516 quae
593 1431 845 1518 sequerentur,
885 1432 1089 1520 expectans.
1149 1421 1224 1496 Vix
1259 1446 1350 1517 quac

109 1532 401 1630 perpetiebantur
426 1531 551 1605 videre
581 1532 679 1627 ipsos
712 1530 922 1624 credebant,
957 1535 994 1606 in
1026 1534 1119 1606 sicco
1152 1533 1347 1632 naufragia,

91 1643 144 1714 tin
168 1643 267 1716 amni
294 1669 403 1719 mare.
456 1641 532 1716 Neo
557 1643 637 1715 finis
672 1642 863 1727 malorum,
912 1641 1051 1742 Quippe
1078 1653 1217 1717 aestum
1242 1644 1351 1740 paulo

112 1765 188 1852 post
214 1781 315 1830 mare
342 1756 541 1828 relaturum
548 1810 557 1845 ,
590 1779 661 1851 quo
686 1754 831 1850 navigia
856 1756 1113 1846 allevarentur,
1145 1754 1275 1852 ignari,
1302 1754 1351 1826 fa·

112 1891 199 1940 mem
233 1877 272 1940 et
303 1868 430 1940 ultima
463 1867 605 1940 sibimet
637 1865 897 1938 eminebantur.
950 1866 1083 1941 Beluae
1115 1891 1257 1966 quoque
1288 1864 1351 1941 flu·

114 1978 223 2051 atibus
251 1977 448 2051 destitutae
474 1977 650 2051 terribiles
677 1976 913 2073 vagabantur.

91 2105 99 2153 t
129 2115 157 2158 a
209 2089 360 2187 Iamque
391 2114 467 2161 nox
498 2087 724 2186 appetebat,
750 2097 787 2160 et
819 2111 942 2186 regem
975 2116 1116 2187 quoque
1148 2088 1401 2186 desperati037

114 2201 233 2275 salutis
261 2200 484 2299 aegritudine
512 2201 689 2274 affecerat.
742 2196 824 2271 Non
850 2209 971 2273 tamen
997 2201 1170 2274 invictum
1196 2199 1353 2273 animum

114 2332 214 2384 curae
242 2312 412 2402 obruunt,
440 2312 526 2408 quin
551 2320 630 2383 tota
656 2320 760 2383 nocte
787 2310 986 2407 persideret
1007 2312 1044 2385 in
1067 2312 1231 2410 speculis,
1258 2312 1353 2408 equi·

115 2431 237 2521 tesque
264 2423 514 2521 praemitteret
539 2420 586 2494 ad
612 2446 651 2494 os
679 2422 803 2513 amnis,
830 2433 881 2514 ut,
908 2449 991 2496 cum
1015 2448 1114 2496 mare
1137 2447 1264 2496 rursus
1292 2448 1352 2497 ex-

91 2545 275 2607 taestuare
302 2535 513 2626 sensissent,
538 2531 803 2631 praecederent.
856 2533 1008 2633 Navigia
1034 2560 1175 2633 quoque
1203 2545 1239 2607 et
1264 2535 1353 2607 lace·

113 2656 188 2721 rata
214 2645 330 2734 refici,
364 2655 400 2718 et
427 2669 553 2718 eversa
578 2645 745 2718 fluctibus
773 2646 1000 2743 erigiiubet,
1033 2656 1248 2743 paratosque
1275 2669 1354 2718 esse

91 2766 147 2828 tet
176 2757 356 2846 intentos,
391 2782 473 2829 cum
498 2781 622 2829 rursus
648 2780 748 2828 mare
773 2766 888 2829 terras
920 2755 1139 2829 inundasset.
1193 2757 1286 2829 Tota
1312 2782 1355 2829 ea

111 2878 215 2941 nocte
253 2867 349 2939 inter
381 2868 519 2965 vigilias
555 2866 896 2964 adhortationesque
931 2875 1157 2963 consumpta,
1193 2867 1354 2940 celeriter

113 2989 147 3052 et
178 2979 321 3076 equites
353 2980 488 3077 ingenti
520 3004 626 3051 cursu
657 2979 836 3074 refugere,
876 2987 913 3050 et
951 2986 1094 3050 secutus
1130 2987 1185 3049 est
1223 2986 1353 3049 aestus.

144 3227 167 3346 ἰ.
192 3231 237 3278 21.
284 3225 313 3277 in
344 3240 410 3276 nave
438 3225 592 3294 subsistere]
641 3220 718 3276 Vidit
752 3223 853 3275 variare
876 3240 930 3277 non
954 3221 1043 3276 inveni
1063 3238 1113 3275 nec
1138 3227 1244 3274 tantum
1267 3219 1305 3274 illi
1327 3219 1355 3274 in

112 3291 146 3346 Sc
165 3293 265 3347 efferus
284 3293 357 3363 quod
392 3292 491 3345 riorum
508 3291 639 3345 editorum
656 3307 718 3344 ocu-
752 3290 792 3345 his
809 3291 951 3346 levioribus
969 3291 1056 3345 credo.

110 3361 148 3415 los
165 3360 255 3432 fugit,
274 3378 325 3432 pro
342 3310 451 3430 vulgata
468 3360 583 3415 omnium
600 3358 719 3414 codicum
785 3365 969 3429 praecederent
986 3359 1057 3413 edidi
1078 3377 1128 3432 pro
1145 3359 1216 3429 vulg.
1230 3361 1355 3428 procede-

111 3429 245 3501 scriptura
261 3431 291 3482 in
308 3446 388 3482 naves
410 3429 575 3482 scribendum
598 3443 654 3481 esse
672 3427 718 3478 de·
751 3439 818 3496 reat,
836 3429 879 3483 cui
895 3430 939 3483 hic
957 3430 1028 3484 locus
1044 3448 1098 3485 non
1116 3436 1157 3481 est
1176 3437 1267 3499 aptus,
1294 3445 1355 3481 nam

110 3497 163 3552 leta
184 3498 279 3552 littera
296 3516 325 3564 s,
357 3497 466 3550 confinio
508 3496 624 3551 roximae
647 3494 717 3549 vocis
745 3499 889 3567 procedere
906 3499 1023 3569 equites,
1050 3517 1110 3552 cum
1127 3497 1161 3551 ed
1185 3496 1264 3551 maris
1281 3496 1355 3550 littus

110 3575 181 3634 nata,
200 3569 231 3620 irs
249 3583 326 3619 cece.
362 3564 416 3620 Ubi
433 3583 476 3618 me
494 3565 564 3619 rcina
581 3573 636 3618 tam
653 3564 717 3617 faci·
751 3573 892 3635 venerunt‚
910 3585 964 3622 non
981 3567 1092 3637 amplius
1109 3574 1247 3638 poterant,
1266 3565 1354 3636 itaque

110 3634 139 3688 lis
157 3634 291 3706 suppetit,
331 3632 370 3686 uis
388 3634 421 3687 de
435 3633 632 3715 exceptionibus
650 3650 718 3704 quae
751 3634 802 3688 fuit
824 3634 904 3689 etiam
927 3635 972 3706 qui
994 3641 1164 3691 retrocederet
1186 3635 1281 3700 vellet,
1309 3634 1356 3686 sed

110 3711 136 3758 et
151 3721 233 3757 rarae
250 3711 281 3756 et
326 3702 407 3755 terius
423 3720 527 3773 genens
545 3711 621 3771 sunt,
643 3702 717 3772 loqui
746 3707 905 3773 praecedere
923 3705 1057 3759 debebant
1069 3704 1147 3758 maris
1162 3711 1272 3757 aestum.
1292 3702 1355 3754 Est·

108 3772 191 3826 velit?
751 3790 803 3844 que
819 3771 889 3826 idem
907 3772 1046 3827 discrimen
1059 3775 1199 3827 verborum
1218 3771 1288 3841 quod
1305 3787 1355 3823 no·

141 3844 220 3910 §.222
258 3839 320 3891 Nec
333 3839 414 3911 fiais]
440 3840 513 3906 fiaes
534 3857 624 3894 omnes
646 3839 716 3894 codi·
752 3849 848 3895 strates
866 3842 966 3896 faciunt
985 3841 1057 3894 inter
1079 3846 1195 3911 carpetra
1213 3845 1241 3890 et
1259 3843 1353 3899 corbas

109 3925 149 3963 ees
167 3906 256 3963 nostri
275 3913 304 3959 et
322 3905 395 3963 Leid.
417 3907 495 3964 Voss.
516 3916 531 3962 2
551 3910 620 3980 apud
635 3907 716 3962 Snak.
753 3914 832 3979 geben.
860 3909 969 3966 Codices
979 3918 1068 3963 autem
1076 3909 1155 3978 longe
1163 3907 1250 3979 plures
1261 3924 1354 3975 praee.

143 3976 269 4048 Capsst,
289 3977 313 4042 5.
322 3982 363 4030 23.
380 3979 526 4046 persideret
544 3978 715 4047 insperatis]
752 3996 829 4049 quam
845 3981 989 4048 proaedere
1011 3977 1153 4043 exhibent,
1181 3973 1304 4027 nimirum
1321 3975 1355 4027 de

110 4043 185 4099 Libri
202 4043 275 4098 editi
326 4046 466 4112 accideret,
489 4045 580 4116 scripti
597 4048 717 4114 perside·
752 4046 848 4101 nostris
866 4048 938 4101 Flor.
954 4045 1072 4099 DFGHI
1089 4045 1125 4112 (ll
1139 4044 1353 4113 praetenderent)

110 4123 154 4167 ret.
190 4113 255 4166 Nec
280 4061 387 4165 ‹libium
409 4121 462 4179 cst,
488 4113 554 4167 utris
584 4114 648 4166 fides
671 4114 717 4166 ha·
751 4110 1355 4192 etSnalr.Leid.Voss.1(quodfsteorme

109 4180 197 4235 banda
227 4179 280 4245 sit,
313 4181 418 4249 quando
438 4181 525 4235 uidem
552 4181 717 4253 praesidendi
750 4183 860 4250 mirari).
896 4183 951 4238 Sed
972 4183 1000 4235 in
1021 4182 1071 4236 hac
1094 4181 1201 4252 qurdem
1224 4187 1355 4233 varietate

110 4251 220 4304 verbum
245 4249 272 4301 h.
286 4247 304 4299 l.
322 4266 375 4301 non
397 4199 480 4303 hibet
501 4267 554 4320 quo
576 4251 714 4306 referatur.
750 4253 796 4306 vix
816 4252 964 4322 vulgarium
985 4249 1106 4305 codicum
1128 4248 1293 4319 expectanda
1314 4258 1355 4303 est

110 4317 217 4372 Medius
236 4314 346 4387 quidem
360 4316 386 4368 in
400 4318 452 4371 suis
466 4319 623 4372 membranis
633 4319 718 4371 omui·
751 4321 902 4377 auctoritas.
1214 4341 1217 4348 ’

110 4386 156 4440 bus
177 4387 351 4456 persederet,
376 4384 466 4440 littera
491 4385 619 4458 primitivi
641 4405 717 4441 voca·
786 4396 862 4456 §.tt
887 4399 910 4443 et
928 4387 1056 4456 lacerate]
1085 4385 1185 4439 Addidi
1203 4396 1226 4439 et
1243 4385 1353 4439 iubente

111 4453 164 4508 buli
178 4472 236 4508 non
249 4459 363 4519 mamm,
381 4470 437 4509 esse
451 4454 568 4510 notavit:
586 4472 637 4527 ego
646 4473 717 4511 meos
752 4458 873 4513 codicum
890 4472 1026 4511 consensu.
