2926 5174
381 706 695 879 QJOURTII
733 776 889 862 RUFI

610 988 660 1040 nn

515 1145 767 1214 GESTIS

139 1363 744 1485 ALEXANDRI
799 1363 1131 1485 MAGNI

288 1683 293 1692 ·
378 1676 380 1682 ,
420 1609 548 1667 amors
574 1610 860 1668 macenorum

546 1801 689 1868 amaa
707 1801 751 1891 v,

565 2049 720 2058 -..--

478 2256 812 2342 Anoumsnrum

105 2432 141 2500 (l)
157 2431 258 2484 Dareus
280 2429 383 2501 proelio
402 2438 540 2502 superatus
562 2432 633 2502 apud
650 2432 753 2484 Arbela
776 2428 990 2500 opulentissimas
1013 2430 1090 2502 regni
1111 2429 1261 2502 provincias

96 2508 219 2561 meridiem
242 2508 305 2562 sitas
331 2507 426 2562 victori
447 2508 590 2578 permittit,
612 2507 671 2578 ipse
692 2507 721 2561 in
737 2508 858 2562 Mediam
875 2507 940 2580 fuga
956 2507 1102 2566 contendit.
1137 2511 1178 2580 (2)
1197 2509 1262 2562 Ale·

91 2584 141 2652 der,
157 2584 261 2638 Arbelis
279 2584 362 2656 captis
380 2579 526 2656 castrisque
543 2585 636 2652 motis,
654 2601 704 2654 per
719 2584 956 2656 Mesopotamiam,
977 2586 1191 2641 fecundissimam
1207 2594 1262 2639 ter·

91 2677 106 2727 1,
118 2662 287 2731 proficiscitur.
324 2667 363 2730 (3)
381 2663 550 2732 Babylonem
566 2662 723 2733 procedenti
740 2664 867 2717 Mazaeus
886 2670 915 2716 et
922 2664 1112 2735 Bagophanes,
1124 2669 1263 2733 praetores

91 2737 130 2805 rei,
151 2741 302 2811 semetipsos
321 2749 348 2793 et
370 2741 464 2793 urbem
482 2739 595 2794 dedunt:
618 2739 670 2809 ipsi
686 2739 831 2809 Babylonii
854 2757 947 2812 regem
964 2741 1108 2795 intrantem
1124 2738 1263 2808 magnifice

91 2811 171 2884 ipiunt.
205 2820 241 2885 (4.
262 2823 290 2885 ὅ)
308 2818 425 2888 Magnae
443 2815 516 2869 urbis
533 2814 666 2869 mirabilia
683 2815 883 2885 describuntur,
901 2816 1029 2889 imprimis
1046 2815 1118 2871 horti
1135 2814 1261 2886 pensiles.

111 2894 143 2961 (6)
162 2894 264 2948 Diutius
287 2894 315 2947 in
336 2895 403 2947 urbe
425 2892 561 2946 luxuriosa
583 2909 632 2946 rex
649 2901 841 2960 commoratus,
870 2912 949 2965 quam
976 2894 1132 2965 disciplinae
1155 2892 1264 2946 militari

91 2969 196 3040 adnuerat,
214 2972 403 3043 supplementis
420 2968 533 3024 militum
550 2978 648 3036 auctus,
666 2969 869 3041 constitutisque
886 2971 1055 3041 praetoribus
1074 2990 1105 3026 ac
1121 2969 1262 3042 magistra-

91 3061 126 3112 mt,
139 3049 172 3119 (l)
187 3059 271 3104 castra
288 3050 384 3118 movit,
409 3049 523 3119 dumque
540 3047 568 3102 in
586 3049 735 3119 Satrapene
754 3047 886 3116 substitit,
908 3050 1045 3119 complura
1061 3048 1090 3102 in
1108 3066 1137 3102 re
1154 3045 1263 3101 militari

91 3116 144 3175 iliter
156 3128 287 3181 constituit.
328 3132 369 3193 (8)
392 3126 555 3180 Procedenti
579 3125 677 3179 deinde
698 3124 793 3178 urbem
815 3123 884 3178 Susa
907 3143 966 3180 cum
986 3125 1118 3179 thesauris
1141 3125 1263 3180 maximis

91 3193 168 3270 baites,
187 3205 240 3259 eius
258 3203 412 3276 provinciae
430 3203 593 3274 praefectus,
616 3201 735 3259 tradidit.
773 3204 815 3272 (9)
834 3202 918 3256 inea
934 3205 1015 3273 urbe,
1039 3221 1170 3257 novorum
1186 3219 1264 3273 prae-

91 3278 162 3331 doram
175 3282 349 3351 potestatibus
367 3280 491 3349 definitis,
505 3281 589 3334 Darei
605 3289 718 3335 matrem
735 3297 766 3335 ac
782 3279 883 3333 liberos
901 3279 1017 3353 reliquit,
1028 3298 1129 3335 summa
1145 3279 1265 3334 humani·

91 3354 231 3413 adversus
258 3377 303 3412 eas
330 3377 400 3413 usus.
446 3361 503 3430 (10)
527 3358 654 3430 Pasitigri
677 3360 764 3427 (hodie
781 3359 892 3429 Karon)
910 3358 1018 3412 flumine
1036 3367 1178 3430 superato,
1205 3377 1265 3414 oum

91 3434 123 3480 rte
135 3435 250 3490 exercitus
269 3435 369 3503 Uxios,
393 3435 532 3506 imperium
558 3437 753 3505 detrectantes,
780 3453 926 3507 eormnque
943 3436 1264 3507 praesectumMadatem

91 3507 192 3578 graditur,
202 3514 246 3565 sed
263 3515 357 3566 urbem
374 3513 481 3567 illorum
497 3514 595 3566 frustra
613 3521 759 3584 oppugnat,
779 3518 837 3581 (11)
846 3515 933 3568 donec
951 3515 1055 3570 occulto
1074 3512 1170 3567 itinere
1187 3530 1266 3584 prae-

91 3579 122 3631 ssi
134 3601 199 3656 super
214 3589 299 3660 capita
315 3589 431 3643 hostimn
449 3589 573 3644 existunt.
610 3590 681 3643 Tum
698 3589 840 3661 oppidani,
859 3608 919 3646 arce
937 3590 1044 3659 inclusi,
1062 3606 1112 3661 per
1129 3590 1265 3661 Sisygam-

91 3670 112 3705 11
123 3664 212 3717 undem
228 3676 363 3721 exoratam
380 3669 486 3722 veniam
502 3676 598 3738 petunt
615 3675 643 3720 et
661 3677 867 3739 consequuntur.

122 3737 336 3807 (12)Pervenerat
351 3744 507 3798 Alexander
524 3746 559 3799 ad
575 3745 651 3815 pylas
668 3744 790 3800 Persicas
808 3746 864 3800 sive
873 3746 991 3817 Susidas,
1002 3743 1145 3798 artissimas
1163 3743 1262 3810 fauces,

91 3821 120 3858 aa
132 3812 305 3874 Ariobarzanes
323 3840 381 3875 cnm
398 3821 496 3876 idoneo
514 3821 649 3892 praesidio
667 3824 839 3879 defendebat.
871 3820 986 3878 Temere
1003 3821 1116 3891 ingressi
1133 3821 1263 3874 Macedo·

91 3897 195 3960 smgno
211 3915 266 3950 cum
283 3899 440 3953 detrimento
458 3901 631 3970 repelluntur.
676 3903 734 3971 (13)
752 3901 828 3956 Unus
846 3901 1011 3973 captivorum
1029 3898 1163 3951 silvestres
1182 3896 1262 3949 calles

91 3970 133 4014 “A
145 3983 202 4037 esse,
217 3973 306 4043 quibus
325 3976 352 4030 in
368 3977 507 4030 Persidem
523 3977 657 4047 perveniri
674 3977 767 4048 possit.
803 3978 886 4033 Simul
905 3978 961 4032 eius
978 3986 1066 4031 terrae
1084 3973 1149 4026 situs
1168 3990 1199 4026 ac
1216 3990 1263 4026 na·

91 4049 123 4121 fa·
131 4039 272 4105 describitur.
306 4057 362 4125 (14)
379 4054 491 4126 Accepit
500 4055 655 4109 Alexander
671 4055 786 4126 pastoris
804 4056 971 4127 promissum,
989 4048 1092 4106 itineris
1110 4049 1264 4104 difficultate

91 4124 155 4168 *mmo
174 4123 317 4196 deterritus,
340 4149 447 4202 remque
473 4152 531 4188 cum
554 4134 666 4188 Cratero
689 4136 835 4204 prudenter
857 4130 1013 4202 composuit
1049 4130 1109 4192 (15)
1126 4127 1188 4197 Ipse
1206 4145 1265 4181 cum

91 4192 135 4273 PM
151 4201 278 4280 exemtus,
300 4205 372 4261 victis
395 4209 607 4279 impedimentis,
635 4215 694 4282 (le)
712 4210 739 4265 in
764 4229 892 4264 summum
909 4206 1006 4261 montis
1024 4200 1155 4257 verticem
1172 4202 1265 4256 evasit

93 4274 134 4314 ‘¹¹¹1
145 4280 292 4333 mananti
300 4281 403 4351 Persae,
412 4285 529 4356 undique
546 4286 702 4357 urgentibus
719 4287 850 4353 hostibus,
867 4285 972 4341 fortiter
990 4280 1178 4346 occubuerunt,
1188 4279 1268 4334 Ario-

91 4348 177 4414 man„
191 4356 279 4424 erupit,
297 4361 343 4412 sed
358 4361 497 4432 Persepoli
515 4363 636 4417 exclusus
654 4367 757 4436 etipse
775 4381 867 4418 caesus
886 4370 936 4417 est.
970 4360 1029 4430 (17)
1048 4355 1168 4410 Monitus
1186 4355 1268 4410 1Τὶ-

91 4424 95 4455 ι
151 4431 297 4496 Ῥηθίθοϊο
317 4437 402 4506 regiae
425 4437 568 4509 pecuniae,
595 4440 751 4496 Alexander
772 4438 941 4511 Persepolim
968 4448 1098 4504 occupare
1123 4432 1268 4488 festinavit

1029 4526 1060 4574 11
