2926 5174
392 818 439 922 Q.
479 817 705 905 OURTII
744 820 898 905 RUFI

592 1030 669 1084 ⁴DE

525 1188 775 1257 aseris

142 1405 751 1569 annuarum
807 1403 1136 1525 MAGNI

428 1651 556 1708 REGIS
582 1651 865 1708 MAcsDONUM

527 1842 668 1909 LIBER
686 1842 763 1910 VII.

484 2321 805 2382 ARGUMENTUM.

102 2476 138 2537 (1)
156 2469 364 2537 Quaestionibus
391 2471 472 2523 semel
494 2470 632 2538 institutis,
658 2488 705 2524 rex
727 2471 806 2525 etiam
829 2469 1024 2539 Alexandrum,
1049 2472 1147 2542 Adropi
1171 2473 1262 2540 filium,

93 2558 187 2617 cesten,
206 2565 286 2619 quem
305 2555 365 2599 ante
382 2547 523 2600 triennium
541 2547 591 2601 sibi
610 2546 760 2601 insidiatum
771 2547 905 2619 Antipatri
922 2548 1004 2601 soceri
1022 2548 1144 2618 precibus
1162 2553 1262 2605 condo-

91 2633 146 2692 rrat,
165 2643 179 2678 e
197 2641 302 2679 carcere
319 2632 480 2694 protractum
496 2625 524 2677 in
542 2625 666 2679 contione
685 2643 788 2679 causam
806 2627 893 2680 dicere
916 2625 997 2679 iussit.
1034 2627 1114 2691 Quod
1132 2644 1190 2680 cum
1207 2646 1263 2680 non

91 2710 127 2769 et,
145 2702 272 2774 supplicio
292 2702 397 2755 affectus
416 2710 464 2754 cst.
492 2707 532 2769 (2)
543 2703 612 2755 Tum
628 2705 808 2772 producuntur
825 2705 954 2773 Amyntas
972 2709 1000 2754 ct
1018 2701 1138 2755 Simmias
1156 2704 1261 2771 fratres,

110 2779 220 2851 suspecti
244 2787 355 2850 propter
378 2779 517 2833 amicitiam
539 2797 597 2832 cum
614 2778 723 2832 Philota
740 2789 768 2834 et
785 2779 837 2832 alia
858 2778 954 2832 indicia
977 2777 1056 2831 animi
1080 2778 1157 2831 alieni
1178 2797 1262 2832 nova-

92 2873 139 2926 que
160 2874 247 2910 rerum
270 2855 365 2926 cupidi.
409 2859 451 2926 (3)
474 2857 529 2909 Sed
550 2859 679 2926 Amyntas
701 2858 811 2911 vinculis
833 2857 933 2909 solutus
954 2856 1060 2908 fortiter
1081 2873 1109 2909 sc
1131 2855 1260 2925 defendit,

91 2932 191 3001 trimum
211 2953 307 2987 vocum
328 2942 427 2986 temere
445 2933 570 2988 iactarum
597 2930 765 2987 insolentiam
786 2940 908 3000 excusat,
937 2935 979 3003 (4)
1003 2932 1099 2985 deinde
1122 2933 1263 2987 amicitiam

91 3018 151 3063 otae
170 3029 198 3064 se
217 3021 366 3066 ceterorum
387 3012 509 3081 exemplo
533 3019 561 3064 ct
583 3010 664 3082 ipsius
685 3010 756 3081 regis
775 3010 848 3081 quasi
865 3010 937 3063 iussu
955 3009 1113 3082 expetivisse
1132 3010 1260 3079 defendit,

92 3094 144 3140 tum
162 3089 271 3142 crimina
287 3088 354 3159 regii
373 3089 475 3143 scribac
492 3089 602 3157 refutat,
625 3095 653 3141 et
670 3105 759 3141 veram
777 3105 879 3142 causam
897 3087 1027 3155 ostendit,
1051 3105 1097 3141 cur
1115 3087 1261 3158 Olympias,

91 3174 216 3232 smater,
240 3165 325 3236 ipsum
345 3165 400 3218 filio
422 3183 472 3237 per
498 3165 599 3219 litteras
629 3165 741 3218 invisum
762 3164 915 3219 reddiderit
959 3166 1000 3233 (6)
1022 3164 1094 3216 Dum
1115 3165 1182 3219 hacc
1205 3164 1262 3235 agit

91 3250 166 3309 rotas,
184 3244 266 3295 fratcr
284 3241 340 3295 cius
357 3241 489 3296 Polemon
506 3261 541 3296 ox
558 3244 622 3312 fuga
638 3250 764 3297 retractus
783 3242 930 3308 adducitur,
949 3240 994 3312 qui
1011 3259 1070 3295 cum
1087 3252 1170 3296 semet
1187 3261 1262 3298 accu-

91 3325 109 3384 t,
126 3320 220 3372 fratres
238 3319 393 3374 innocentes
410 3337 467 3373 esse
484 3328 636 3386 testaretur,
655 3329 803 3374 ceterorum
819 3320 912 3375 animis
928 3320 1016 3388 motiS,
1035 3321 1069 3373 ab
1084 3339 1137 3374 uno
1146 3316 1263 3391 Amynta

91 3393 145 3447 riter
162 3396 318 3467 increpatur.
354 3397 423 3450 Tum
441 3415 523 3450 roxa
541 3404 598 3451 tota
615 3396 740 3451 contione
758 3407 897 3468 exoratus,
915 3406 969 3452 tres
986 3399 1083 3451 fratres
1098 3400 1183 3470 ¹multo
1203 3416 1262 3451 cum

91 3487 131 3524 ore
148 3476 290 3527 verborum
307 3475 429 3529 absolvit.

100 3552 138 3617 (7)
165 3551 318 3604 Alexander
338 3554 372 3606 ad
393 3551 603 3606 interficiendum
624 3551 839 3621 Parmenionem,
867 3560 922 3606 tum
944 3552 972 3606 in
992 3553 1085 3608 Media
1106 3570 1164 3605 cum
1185 3560 1262 3624 parte

91 3624 159 3679 citus
176 3637 338 3696 versantem,
360 3631 556 3699 Polydamanta
576 3627 664 3681 mittit.
700 3632 743 3700 (8)
761 3631 814 3696 Qui
833 3648 891 3684 cum
914 3631 1070 3684 brevissimo
1089 3638 1209 3700 tempore
1228 3647 1261 3682 eo

91 3702 206 3773 uenisset,
225 3707 418 3760 deliberatore
436 3725 494 3760 cum
511 3704 652 3776 praefectis
670 3707 764 3778 regiis,
782 3708 984 3762 Parmenionem
1002 3708 1073 3762 domi
1092 3723 1154 3759 suae
1173 3705 1263 3776 oppri-

114 3783 153 3850 (9)
173 3780 375 3837 Tumultuantur
390 3785 496 3851 milites,
515 3783 563 3836 sed
580 3782 695 3837 recitatis
711 3785 782 3855 regis
800 3785 894 3839 litteris
913 3784 1057 3855 quiescunt.
1085 3784 1127 3835 De
1143 3782 1261 3836 moribus

91 3857 212 3910 menionis
230 3867 257 3912 et
274 3861 351 3930 culpa
368 3861 449 3915 dubia
467 3860 614 3914 disseritur.
648 3865 704 3929 (10)
726 3861 827 3916 Milites
849 3880 944 3916 necem
966 3862 1064 3915 veteris
1088 3859 1160 3914 ducis
1177 3859 1261 3912 libere

91 3935 167 4000 questi
185 3943 212 3987 et
229 3939 378 3991 continuum
395 3939 515 3993 laborem
533 3953 613 4008 aegre
631 3939 755 4008 ferentes,
773 3940 801 3993 in
818 3958 896 3994 unam
915 3941 1173 3993 cohortcmacetero
1186 3953 1262 3990 exer-

106 4022 276 4083 segregantur.

93 4086 159 4170 ,(11)
176 4090 326 4144 Alexander
343 4111 359 4145 a
376 4092 492 4164 Drangis
511 4094 539 4147 in
555 4092 694 4163 regionem
706 4093 902 4167 Arimasporum
920 4093 975 4147 sive
993 4093 1184 4164 Euergetarum
1201 4107 1262 4161 per-

91 4169 118 4228 rt,
133 4164 193 4218 indo
210 4167 313 4222 Carano
332 4177 360 4223 ct
376 4171 486 4242 Erigyio
506 4190 564 4226 cum
581 4178 656 4243 parte
674 4172 804 4226 exercitus
827 4174 951 4225 adversus
968 4169 1166 4223 Satibarzanem
1183 4169 1262 4223 Arios

91 4254 124 4322 [uo
144 4243 313 4298 concitantem
342 4246 469 4315 dimissis,
498 4250 532 4301 ad
553 4248 713 4302 Arachosios
739 4249 866 4320 perrexit.
907 4249 965 4316 (12.
987 4253 1026 4300 13.
1047 4250 1100 4315 14.)
1120 4245 1191 4299 Hinc
1213 4263 1263 4315 per

91 4331 169 4373 ionem
181 4319 450 4393 Parapamisadarum,
469 4343 590 4395 asperam
608 4331 636 4378 et
653 4326 707 4379 alta
724 4327 784 4380 nive
802 4331 957 4390 contectam,
976 4340 1077 4375 summo
1095 4339 1153 4376 cum
1169 4321 1262 4375 labore

97 4388 226 4450 Caucasum
242 4400 381 4471 processit,
399 4403 470 4456 cuius
487 4401 516 4456 in
533 4401 665 4455 radicibus
689 4405 740 4472 (ud
754 4406 885 4458 meridien
902 4418 1004 4468 omaus,
1022 4403 1045 4453 ai
1052 4401 1125 4469 fides
1144 4401 1262 4453 Arriano
