<?xml version="1.0" encoding="UTF-8"?>
<!DOCTYPE html PUBLIC "-//W3C//DTD XHTML 1.0 Transitional//EN"
    "http://www.w3.org/TR/xhtml1/DTD/xhtml1-transitional.dtd">
<html xmlns="http://www.w3.org/1999/xhtml" xml:lang="en" lang="en">
 <head>
  <title>
</title>
<meta http-equiv="Content-Type" content="text/html;charset=utf-8" />
  <meta name='ocr-system' content='tesseract 3.04.00' />
  <meta name='ocr-capabilities' content='ocr_page ocr_carea ocr_par ocr_line ocrx_word'/>
</head>
<body>
  <div class='ocr_page' id='page_1' title='image "./qcurtiirufidege01rufugoog_0121.png"; bbox 0 0 2984 5176; ppageno 0'>
   <div class='ocr_carea' id='block_1_1' title="bbox 162 278 927 356">
    <p class='ocr_par' dir='ltr' id='par_1_1' title="bbox 162 278 927 356">
     <span class='ocr_line' id='line_1_1' title="bbox 162 278 927 356; baseline -0.009 -6"><span class='ocrx_word' id='word_1_1' title='bbox 162 278 211 350; x_wconf 80' lang='lat'>90</span> <span class='ocrx_word' id='word_1_2' title='bbox 629 293 664 356; x_wconf 82' lang='lat' dir='ltr'>o.</span> <span class='ocrx_word' id='word_1_3' title='bbox 692 290 817 344; x_wconf 75' lang='lat' dir='ltr'>conrii</span> <span class='ocrx_word' id='word_1_4' title='bbox 841 290 927 343; x_wconf 81' lang='lat' dir='ltr'>aum</span> 
     </span>
    </p>
   </div>
   <div class='ocr_carea' id='block_1_2' title="bbox 158 471 1433 2020">
    <p class='ocr_par' dir='ltr' id='par_1_2' title="bbox 158 471 1433 2020">
     <span class='ocr_line' id='line_1_2' title="bbox 158 471 1415 579; baseline -0.005 -25"><span class='ocrx_word' id='word_1_5' title='bbox 158 505 291 579; x_wconf 81' lang='lat' dir='ltr'>magna</span> <span class='ocrx_word' id='word_1_6' title='bbox 324 478 547 550; x_wconf 89' lang='lat' dir='ltr'>munimenta</span> <span class='ocrx_word' id='word_1_7' title='bbox 578 476 679 573; x_wconf 84' lang='lat' dir='ltr'>regni</span> <span class='ocrx_word' id='word_1_8' title='bbox 711 476 776 546; x_wconf 88' lang='lat' dir='ltr'>sui.</span> <span class='ocrx_word' id='word_1_9' title='bbox 829 471 1059 547; x_wconf 91' lang='lat' dir='ltr'>Veniendum</span> <span class='ocrx_word' id='word_1_10' title='bbox 1083 475 1127 547; x_wconf 90' lang='lat' dir='ltr'>in</span> <span class='ocrx_word' id='word_1_11' title='bbox 1156 500 1336 575; x_wconf 87' lang='lat' dir='ltr'>campos,</span> <span class='ocrx_word' id='word_1_12' title='bbox 1366 475 1415 550; x_wconf 92' lang='lat' dir='ltr'>ubi</span> 
     </span>
     <span class='ocr_line' id='line_1_3' title="bbox 159 581 1433 689; baseline -0.005 -26"><span class='ocrx_word' id='word_1_13' title='bbox 159 592 342 689; x_wconf 80' lang='lat' dir='ltr'><strong>paucitate</strong></span> <span class='ocrx_word' id='word_1_14' title='bbox 374 614 521 660; x_wconf 89' lang='lat' dir='ltr'>suorum</span> <span class='ocrx_word' id='word_1_15' title='bbox 557 584 842 659; x_wconf 87' lang='lat' dir='ltr'>erubescendum</span> <span class='ocrx_word' id='word_1_16' title='bbox 873 585 929 656; x_wconf 88' lang='lat' dir='ltr'>sit.</span> <span class='ocrx_word' id='word_1_17' title='bbox 980 581 1157 676; x_wconf 87' lang='lat' dir='ltr'>Mediam,</span> <span class='ocrx_word' id='word_1_18' title='bbox 1186 585 1433 686; x_wconf 79' lang='lat' dir='ltr'>Hyrcaniami</span> 
     </span>
     <span class='ocr_line' id='line_1_4' title="bbox 160 694 1415 791; baseline -0.002 -16"><span class='ocrx_word' id='word_1_19' title='bbox 160 701 301 790; x_wconf 89' lang='lat' dir='ltr'>Baetra,</span> <span class='ocrx_word' id='word_1_20' title='bbox 327 709 365 771; x_wconf 92' lang='lat' dir='ltr'>et</span> <span class='ocrx_word' id='word_1_21' title='bbox 391 698 499 771; x_wconf 87' lang='lat' dir='ltr'>Indos</span> <span class='ocrx_word' id='word_1_22' title='bbox 514 696 649 771; x_wconf 83' lang='lat' dir='ltr'>Oceani</span> <span class='ocrx_word' id='word_1_23' title='bbox 676 697 816 768; x_wconf 83' lang='lat' dir='ltr'>accolas</span> <span class='ocrx_word' id='word_1_24' title='bbox 843 694 988 791; x_wconf 92' lang='lat' dir='ltr'>quando</span> <span class='ocrx_word' id='word_1_25' title='bbox 1022 694 1250 771; x_wconf 83' lang='lat' dir='ltr'>aditurum?</span> <span class='ocrx_word' id='word_1_26' title='bbox 1287 725 1336 774; x_wconf 91' lang='lat' dir='ltr'>ne</span> <span class='ocrx_word' id='word_1_27' title='bbox 1367 695 1415 772; x_wconf 75' lang='lat' dir='ltr'>so</span> 
     </span>
     <span class='ocr_line' id='line_1_5' title="bbox 161 807 1415 909; baseline 0.001 -26"><span class='ocrx_word' id='word_1_28' title='bbox 161 812 313 909; x_wconf 87' lang='lat' dir='ltr'>gdianos</span> <span class='ocrx_word' id='word_1_29' title='bbox 340 822 378 882; x_wconf 95' lang='lat' dir='ltr'>et</span> <span class='ocrx_word' id='word_1_30' title='bbox 403 809 621 882; x_wconf 82' lang='lat' dir='ltr'>Arachosios</span> <span class='ocrx_word' id='word_1_31' title='bbox 648 807 840 897; x_wconf 91' lang='lat' dir='ltr'>nominem,</span> <span class='ocrx_word' id='word_1_32' title='bbox 852 817 1062 903; x_wconf 87' lang='lat' dir='ltr'>ceterasque</span> <span class='ocrx_word' id='word_1_33' title='bbox 1088 819 1234 905; x_wconf 82' lang='lat' dir='ltr'>gentes</span> <span class='ocrx_word' id='word_1_34' title='bbox 1264 811 1318 884; x_wconf 88' lang='lat' dir='ltr'>ad</span> <span class='ocrx_word' id='word_1_35' title='bbox 1343 809 1415 886; x_wconf 89' lang='lat' dir='ltr'>Cau·</span> 
     </span>
     <span class='ocr_line' id='line_1_6' title="bbox 160 914 1414 1017; baseline 0.002 -24"><span class='ocrx_word' id='word_1_36' title='bbox 160 948 285 995; x_wconf 88' lang='lat' dir='ltr'>casuiii</span> <span class='ocrx_word' id='word_1_37' title='bbox 320 931 357 993; x_wconf 91' lang='lat' dir='ltr'>et</span> <span class='ocrx_word' id='word_1_38' title='bbox 383 920 534 993; x_wconf 88' lang='lat' dir='ltr'>Tanaim</span> <span class='ocrx_word' id='word_1_39' title='bbox 565 919 797 1017; x_wconf 78' lang='lat' dir='ltr'>pertinentes.</span> <span class='ocrx_word' id='word_1_40' title='bbox 855 914 1128 991; x_wconf 83' lang='lat' dir='ltr'>Senescendum</span> <span class='ocrx_word' id='word_1_41' title='bbox 1162 921 1253 995; x_wconf 86' lang='lat' dir='ltr'>fore</span> <span class='ocrx_word' id='word_1_42' title='bbox 1288 933 1414 996; x_wconf 84' lang='lat' dir='ltr'>tantim</span> 
     </span>
     <span class='ocr_line' id='line_1_7' title="bbox 160 1026 1431 1132; baseline 0 -27"><span class='ocrx_word' id='word_1_43' title='bbox 160 1044 339 1105; x_wconf 81' lang='lat' dir='ltr'>terrarum</span> <span class='ocrx_word' id='word_1_44' title='bbox 370 1033 429 1104; x_wconf 92' lang='lat' dir='ltr'>vel</span> <span class='ocrx_word' id='word_1_45' title='bbox 465 1032 542 1104; x_wconf 91' lang='lat' dir='ltr'>sine</span> <span class='ocrx_word' id='word_1_46' title='bbox 567 1029 703 1129; x_wconf 91' lang='lat' dir='ltr'>proelio</span> <span class='ocrx_word' id='word_1_47' title='bbox 730 1028 887 1100; x_wconf 92' lang='lat' dir='ltr'>obeunti.</span> <span class='ocrx_word' id='word_1_48' title='bbox 941 1026 988 1102; x_wconf 89' lang='lat' dir='ltr'>Se</span> <span class='ocrx_word' id='word_1_49' title='bbox 1012 1054 1102 1103; x_wconf 87' lang='lat' dir='ltr'>vero</span> <span class='ocrx_word' id='word_1_50' title='bbox 1132 1031 1185 1104; x_wconf 87' lang='lat' dir='ltr'>ad</span> <span class='ocrx_word' id='word_1_51' title='bbox 1215 1033 1346 1132; x_wconf 91' lang='lat' dir='ltr'>ipsum</span> <span class='ocrx_word' id='word_1_52' title='bbox 1368 1058 1431 1107; x_wconf 77' lang='lat' dir='ltr'>vot</span> 
     </span>
     <span class='ocr_line' id='line_1_8' title="bbox 160 1138 1431 1237; baseline 0.002 -22"><span class='ocrx_word' id='word_1_53' title='bbox 160 1168 242 1216; x_wconf 88' lang='lat' dir='ltr'>care</span> <span class='ocrx_word' id='word_1_54' title='bbox 268 1141 457 1232; x_wconf 82' lang='lat' dir='ltr'>desineret,</span> <span class='ocrx_word' id='word_1_55' title='bbox 483 1166 639 1237; x_wconf 91' lang='lat' dir='ltr'>namque</span> <span class='ocrx_word' id='word_1_56' title='bbox 665 1138 758 1210; x_wconf 91' lang='lat' dir='ltr'>illius</span> <span class='ocrx_word' id='word_1_57' title='bbox 785 1138 896 1211; x_wconf 84' lang='lat' dir='ltr'>exitio</span> <span class='ocrx_word' id='word_1_58' title='bbox 923 1164 962 1210; x_wconf 90' lang='lat' dir='ltr'>se</span> <span class='ocrx_word' id='word_1_59' title='bbox 989 1164 1068 1212; x_wconf 89' lang='lat' dir='ltr'>esse</span> <span class='ocrx_word' id='word_1_60' title='bbox 1094 1154 1326 1219; x_wconf 89' lang='lat' dir='ltr'>venturum.</span> <span class='ocrx_word' id='word_1_61' title='bbox 1350 1146 1431 1220; x_wconf 80' lang='lat' dir='ltr'>Alei</span> 
     </span>
     <span class='ocr_line' id='line_1_9' title="bbox 158 1249 1413 1349; baseline 0.002 -23"><span class='ocrx_word' id='word_1_62' title='bbox 158 1253 299 1327; x_wconf 83' lang='lat' dir='ltr'>xander</span> <span class='ocrx_word' id='word_1_63' title='bbox 325 1254 396 1343; x_wconf 92' lang='lat' dir='ltr'>liis,</span> <span class='ocrx_word' id='word_1_64' title='bbox 424 1254 484 1349; x_wconf 95' lang='lat' dir='ltr'>qui</span> <span class='ocrx_word' id='word_1_65' title='bbox 511 1254 650 1325; x_wconf 85' lang='lat' dir='ltr'>litteras</span> <span class='ocrx_word' id='word_1_66' title='bbox 678 1251 889 1339; x_wconf 83' lang='lat' dir='ltr'>attulerant,</span> <span class='ocrx_word' id='word_1_67' title='bbox 923 1249 1132 1347; x_wconf 90' lang='lat' dir='ltr'>respondit,</span> <span class='ocrx_word' id='word_1_68' title='bbox 1161 1251 1341 1330; x_wconf 85' lang='lat' dir='ltr'>Dareum</span> <span class='ocrx_word' id='word_1_69' title='bbox 1364 1256 1413 1329; x_wconf 88' lang='lat' dir='ltr'>sibi</span> 
     </span>
     <span class='ocr_line' id='line_1_10' title="bbox 163 1359 1412 1467; baseline 0.002 -30"><span class='ocrx_word' id='word_1_70' title='bbox 163 1365 279 1438; x_wconf 83' lang='lat' dir='ltr'>aliena</span> <span class='ocrx_word' id='word_1_71' title='bbox 313 1365 541 1462; x_wconf 84' lang='lat' dir='ltr'>promittere,</span> <span class='ocrx_word' id='word_1_72' title='bbox 587 1373 624 1434; x_wconf 90' lang='lat' dir='ltr'>et</span> <span class='ocrx_word' id='word_1_73' title='bbox 660 1359 757 1457; x_wconf 93' lang='lat' dir='ltr'>quod</span> <span class='ocrx_word' id='word_1_74' title='bbox 791 1369 910 1431; x_wconf 92' lang='lat' dir='ltr'>totuin</span> <span class='ocrx_word' id='word_1_75' title='bbox 947 1360 1107 1434; x_wconf 87' lang='lat' dir='ltr'>amiserit</span> <span class='ocrx_word' id='word_1_76' title='bbox 1148 1366 1258 1440; x_wconf 88' lang='lat' dir='ltr'>velle</span> <span class='ocrx_word' id='word_1_77' title='bbox 1298 1369 1412 1467; x_wconf 86' lang='lat' dir='ltr'>partiri</span> 
     </span>
     <span class='ocr_line' id='line_1_11' title="bbox 160 1468 1413 1573; baseline 0.003 -25"><span class='ocrx_word' id='word_1_78' title='bbox 160 1473 248 1548; x_wconf 87' lang='lat' dir='ltr'>Doti</span> <span class='ocrx_word' id='word_1_79' title='bbox 274 1475 341 1546; x_wconf 89' lang='lat' dir='ltr'>sibi</span> <span class='ocrx_word' id='word_1_80' title='bbox 369 1472 447 1544; x_wconf 88' lang='lat' dir='ltr'>dari</span> <span class='ocrx_word' id='word_1_81' title='bbox 472 1472 641 1570; x_wconf 87' lang='lat' dir='ltr'>Lydiam,</span> <span class='ocrx_word' id='word_1_82' title='bbox 668 1469 793 1560; x_wconf 88' lang='lat' dir='ltr'>lonas,</span> <span class='ocrx_word' id='word_1_83' title='bbox 819 1468 1017 1560; x_wconf 90' lang='lat' dir='ltr'>Aeolidem,</span> <span class='ocrx_word' id='word_1_84' title='bbox 1044 1469 1296 1573; x_wconf 86' lang='lat' dir='ltr'>Hellesponti</span> <span class='ocrx_word' id='word_1_85' title='bbox 1323 1504 1413 1569; x_wconf 80' lang='lat' dir='ltr'>oram</span> 
     </span>
     <span class='ocr_line' id='line_1_12' title="bbox 162 1579 1412 1679; baseline 0.007 -23"><span class='ocrx_word' id='word_1_86' title='bbox 162 1584 335 1657; x_wconf 87' lang='lat' dir='ltr'>victoriae</span> <span class='ocrx_word' id='word_1_87' title='bbox 372 1609 459 1655; x_wconf 85' lang='lat' dir='ltr'>suae</span> <span class='ocrx_word' id='word_1_88' title='bbox 496 1583 664 1679; x_wconf 88' lang='lat' dir='ltr'>praemia.</span> <span class='ocrx_word' id='word_1_89' title='bbox 729 1579 844 1676; x_wconf 83' lang='lat' dir='ltr'>Leges</span> <span class='ocrx_word' id='word_1_90' title='bbox 886 1591 1008 1653; x_wconf 88' lang='lat' dir='ltr'>autem</span> <span class='ocrx_word' id='word_1_91' title='bbox 1039 1605 1062 1652; x_wconf 89' lang='lat' dir='ltr'>a</span> <span class='ocrx_word' id='word_1_92' title='bbox 1093 1582 1317 1664; x_wconf 87' lang='lat' dir='ltr'>victoribus</span> <span class='ocrx_word' id='word_1_93' title='bbox 1351 1590 1412 1679; x_wconf 87' lang='lat' dir='ltr'>dici,</span> 
     </span>
     <span class='ocr_line' id='line_1_13' title="bbox 161 1691 1409 1798; baseline 0.002 -31"><span class='ocrx_word' id='word_1_94' title='bbox 161 1695 274 1792; x_wconf 84' lang='lat' dir='ltr'>accipi</span> <span class='ocrx_word' id='word_1_95' title='bbox 300 1720 322 1765; x_wconf 90' lang='lat' dir='ltr'>a</span> <span class='ocrx_word' id='word_1_96' title='bbox 348 1693 462 1766; x_wconf 91' lang='lat' dir='ltr'>victis.</span> <span class='ocrx_word' id='word_1_97' title='bbox 515 1692 556 1764; x_wconf 96' lang='lat' dir='ltr'>ln</span> <span class='ocrx_word' id='word_1_98' title='bbox 583 1703 666 1763; x_wconf 91' lang='lat' dir='ltr'>utro</span> <span class='ocrx_word' id='word_1_99' title='bbox 693 1699 792 1761; x_wconf 87' lang='lat' dir='ltr'>statu</span> <span class='ocrx_word' id='word_1_100' title='bbox 824 1691 931 1763; x_wconf 94' lang='lat' dir='ltr'>ainbo</span> <span class='ocrx_word' id='word_1_101' title='bbox 958 1700 1094 1780; x_wconf 91' lang='lat' dir='ltr'>essent,</span> <span class='ocrx_word' id='word_1_102' title='bbox 1131 1694 1166 1766; x_wconf 92' lang='lat' dir='ltr'>si</span> <span class='ocrx_word' id='word_1_103' title='bbox 1195 1701 1310 1775; x_wconf 90' lang='lat' dir='ltr'>solus</span> <span class='ocrx_word' id='word_1_104' title='bbox 1331 1703 1409 1798; x_wconf 79' lang='lat' dir='ltr'>igne</span> 
     </span>
     <span class='ocr_line' id='line_1_14' title="bbox 163 1799 1431 1907; baseline 0.002 -29"><span class='ocrx_word' id='word_1_105' title='bbox 163 1819 278 1896; x_wconf 82' lang='lat' dir='ltr'>rarat,</span> <span class='ocrx_word' id='word_1_106' title='bbox 321 1804 584 1901; x_wconf 88' lang='lat' dir='ltr'>quamprimum</span> <span class='ocrx_word' id='word_1_107' title='bbox 618 1800 734 1874; x_wconf 81' lang='lat' dir='ltr'>Marte</span> <span class='ocrx_word' id='word_1_108' title='bbox 769 1800 987 1874; x_wconf 88' lang='lat' dir='ltr'>decerneret.</span> <span class='ocrx_word' id='word_1_109' title='bbox 1049 1799 1097 1874; x_wconf 89' lang='lat' dir='ltr'>Se</span> <span class='ocrx_word' id='word_1_110' title='bbox 1135 1830 1317 1907; x_wconf 88' lang='lat' dir='ltr'>quoque,</span> <span class='ocrx_word' id='word_1_111' title='bbox 1347 1833 1431 1884; x_wconf 82' lang='lat' dir='ltr'>cuins</span> 
     </span>
     <span class='ocr_line' id='line_1_15' title="bbox 162 1911 1411 2020; baseline -0.004 -31"><span class='ocrx_word' id='word_1_112' title='bbox 162 1917 332 1990; x_wconf 88' lang='lat' dir='ltr'>transiret</span> <span class='ocrx_word' id='word_1_113' title='bbox 367 1940 484 2004; x_wconf 88' lang='lat' dir='ltr'>mare,</span> <span class='ocrx_word' id='word_1_114' title='bbox 519 1941 593 1987; x_wconf 95' lang='lat' dir='ltr'>non</span> <span class='ocrx_word' id='word_1_115' title='bbox 621 1911 798 2001; x_wconf 79' lang='lat' dir='ltr'>Ciliciam,</span> <span class='ocrx_word' id='word_1_116' title='bbox 834 1923 897 1985; x_wconf 92' lang='lat' dir='ltr'>aut</span> <span class='ocrx_word' id='word_1_117' title='bbox 923 1911 1090 2011; x_wconf 81' lang='lat' dir='ltr'>Lydiam,</span> <span class='ocrx_word' id='word_1_118' title='bbox 1129 1916 1306 2020; x_wconf 57' lang='lat' dir='ltr'>(quippe</span> <span class='ocrx_word' id='word_1_119' title='bbox 1338 1923 1411 1997; x_wconf 73' lang='lat' dir='ltr'>tanti·</span> 
     </span>
    </p>
   </div>
   <div class='ocr_carea' id='block_1_3' title="bbox 162 2120 1412 2404">
    <p class='ocr_par' dir='ltr' id='par_1_3' title="bbox 162 2120 1412 2404">
     <span class='ocr_line' id='line_1_16' title="bbox 163 2120 1412 2206; baseline 0.002 -29"><span class='ocrx_word' id='word_1_120' title='bbox 163 2125 271 2177; x_wconf 83' lang='lat' dir='ltr'>nornine</span> <span class='ocrx_word' id='word_1_121' title='bbox 300 2125 454 2190; x_wconf 88' lang='lat' dir='ltr'>barbarica,</span> <span class='ocrx_word' id='word_1_122' title='bbox 485 2141 552 2193; x_wconf 89' lang='lat' dir='ltr'>quae</span> <span class='ocrx_word' id='word_1_123' title='bbox 589 2125 660 2193; x_wconf 84' lang='lat' dir='ltr'>apud</span> <span class='ocrx_word' id='word_1_124' title='bbox 687 2121 771 2176; x_wconf 87' lang='lat' dir='ltr'>Grae·</span> <span class='ocrx_word' id='word_1_125' title='bbox 804 2129 867 2191; x_wconf 87' lang='lat' dir='ltr'>post</span> <span class='ocrx_word' id='word_1_126' title='bbox 884 2120 913 2202; x_wconf 80' lang='lat' dir='ltr'>in</span> <span class='ocrx_word' id='word_1_127' title='bbox 930 2121 1005 2175; x_wconf 90' lang='lat' dir='ltr'>codd.</span> <span class='ocrx_word' id='word_1_128' title='bbox 1023 2128 1051 2174; x_wconf 88' lang='lat' dir='ltr'>et</span> <span class='ocrx_word' id='word_1_129' title='bbox 1069 2122 1195 2206; x_wconf 76' lang='lat' dir='ltr'>antiquis</span> <span class='ocrx_word' id='word_1_130' title='bbox 1215 2131 1412 2187; x_wconf 72' lang='lat' dir='ltr'>editionihuiai</span> 
     </span>
     <span class='ocr_line' id='line_1_17' title="bbox 164 2192 1411 2270; baseline -0.002 -25"><span class='ocrx_word' id='word_1_131' title='bbox 164 2210 208 2245; x_wconf 87' lang='lat' dir='ltr'>eos</span> <span class='ocrx_word' id='word_1_132' title='bbox 226 2192 254 2243; x_wconf 90' lang='lat' dir='ltr'>in</span> <span class='ocrx_word' id='word_1_133' title='bbox 272 2211 302 2255; x_wconf 76' lang='lat' dir='ltr'>aa</span> <span class='ocrx_word' id='word_1_134' title='bbox 321 2192 388 2245; x_wconf 86' lang='lat' dir='ltr'>Gen.</span> <span class='ocrx_word' id='word_1_135' title='bbox 409 2213 441 2244; x_wconf 82' lang='lat' dir='ltr'>aa</span> <span class='ocrx_word' id='word_1_136' title='bbox 460 2192 645 2258; x_wconf 87' lang='lat' dir='ltr'>terminantur,</span> <span class='ocrx_word' id='word_1_137' title='bbox 664 2209 769 2244; x_wconf 90' lang='lat' dir='ltr'>accusa·</span> <span class='ocrx_word' id='word_1_138' title='bbox 806 2192 955 2258; x_wconf 74' lang='lat' dir='ltr'>Sapilianus</span> <span class='ocrx_word' id='word_1_139' title='bbox 974 2199 997 2241; x_wconf 87' lang='lat' dir='ltr'>ct</span> <span class='ocrx_word' id='word_1_140' title='bbox 1016 2192 1186 2248; x_wconf 73' lang='lat' dir='ltr'>Arachosios</span> <span class='ocrx_word' id='word_1_141' title='bbox 1206 2202 1346 2255; x_wconf 81' lang='lat' dir='ltr'>nominem</span> <span class='ocrx_word' id='word_1_142' title='bbox 1361 2199 1411 2270; x_wconf 78' lang='lat' dir='ltr'>legi.</span> 
     </span>
     <span class='ocr_line' id='line_1_18' title="bbox 162 2259 1410 2339; baseline 0.002 -26"><span class='ocrx_word' id='word_1_143' title='bbox 162 2259 247 2313; x_wconf 89' lang='lat' dir='ltr'>tivuin</span> <span class='ocrx_word' id='word_1_144' title='bbox 266 2261 335 2329; x_wconf 88' lang='lat' dir='ltr'>apud</span> <span class='ocrx_word' id='word_1_145' title='bbox 352 2259 462 2313; x_wconf 89' lang='lat' dir='ltr'>Latinos</span> <span class='ocrx_word' id='word_1_146' title='bbox 480 2259 630 2328; x_wconf 85' lang='lat' dir='ltr'>scriptores,</span> <span class='ocrx_word' id='word_1_147' title='bbox 650 2260 770 2328; x_wconf 89' lang='lat' dir='ltr'>quamvis</span> <span class='ocrx_word' id='word_1_148' title='bbox 803 2265 857 2322; x_wconf 88' lang='lat' dir='ltr'>tur,</span> <span class='ocrx_word' id='word_1_149' title='bbox 896 2259 949 2311; x_wconf 89' lang='lat' dir='ltr'>uod</span> <span class='ocrx_word' id='word_1_150' title='bbox 965 2265 1038 2311; x_wconf 85' lang='lat' dir='ltr'>recte</span> <span class='ocrx_word' id='word_1_151' title='bbox 1054 2276 1083 2312; x_wconf 90' lang='lat' dir='ltr'>se</span> <span class='ocrx_word' id='word_1_152' title='bbox 1100 2259 1189 2316; x_wconf 84' lang='lat' dir='ltr'>habet</span> <span class='ocrx_word' id='word_1_153' title='bbox 1208 2283 1307 2339; x_wconf 81' lang='lat' dir='ltr'>neque</span> <span class='ocrx_word' id='word_1_154' title='bbox 1322 2271 1359 2325; x_wconf 76' lang='lat' dir='ltr'>ita</span> <span class='ocrx_word' id='word_1_155' title='bbox 1368 2285 1410 2322; x_wconf 84' lang='lat' dir='ltr'>mn·</span> 
     </span>
     <span class='ocr_line' id='line_1_19' title="bbox 163 2276 1367 2404; baseline 0.002 -23"><span class='ocrx_word' id='word_1_156' title='bbox 163 2327 317 2396; x_wconf 73' lang='lat' dir='ltr'>ceteroquin</span> <span class='ocrx_word' id='word_1_157' title='bbox 351 2328 459 2381; x_wconf 84' lang='lat' dir='ltr'>tertiam</span> <span class='ocrx_word' id='word_1_158' title='bbox 494 2326 696 2381; x_wconf 83' lang='lat' dir='ltr'>declinationem</span> <span class='ocrx_word' id='word_1_159' title='bbox 728 2345 768 2380; x_wconf 88' lang='lat' dir='ltr'>se·</span> <span class='ocrx_word' id='word_1_160' title='bbox 803 2326 854 2379; x_wconf 85' lang='lat' dir='ltr'>tari</span> <span class='ocrx_word' id='word_1_161' title='bbox 873 2276 974 2392; x_wconf 81' lang='lat' dir='ltr'>debuit,</span> <span class='ocrx_word' id='word_1_162' title='bbox 993 2333 1023 2378; x_wconf 89' lang='lat' dir='ltr'>ut</span> <span class='ocrx_word' id='word_1_163' title='bbox 1041 2327 1113 2381; x_wconf 91' lang='lat' dir='ltr'>omni</span> <span class='ocrx_word' id='word_1_164' title='bbox 1132 2330 1189 2384; x_wconf 87' lang='lat' dir='ltr'>lide</span> <span class='ocrx_word' id='word_1_165' title='bbox 1204 2339 1367 2404; x_wconf 67' lang='lat' dir='ltr'>posthabita</span> 
     </span>
    </p>
   </div>
   <div class='ocr_carea' id='block_1_4' title="bbox 163 2394 1409 2652">
    <p class='ocr_par' dir='ltr' id='par_1_4' title="bbox 163 2394 1409 2652">
     <span class='ocr_line' id='line_1_20' title="bbox 164 2394 1409 2466; baseline 0.005 -19"><span class='ocrx_word' id='word_1_166' title='bbox 164 2402 289 2466; x_wconf 85' lang='lat' dir='ltr'>quantur,</span> <span class='ocrx_word' id='word_1_167' title='bbox 308 2394 376 2447; x_wconf 90' lang='lat' dir='ltr'>inen</span> <span class='ocrx_word' id='word_1_168' title='bbox 391 2395 512 2447; x_wconf 86' lang='lat' dir='ltr'>formare.</span> <span class='ocrx_word' id='word_1_169' title='bbox 537 2394 768 2464; x_wconf 89' lang='lat' dir='ltr'>Itaquequoniam</span> <span class='ocrx_word' id='word_1_170' title='bbox 803 2413 835 2447; x_wconf 88' lang='lat' dir='ltr'>ne</span> <span class='ocrx_word' id='word_1_171' title='bbox 853 2394 1012 2447; x_wconf 75' lang='lat' dir='ltr'>scriberetur</span> <span class='ocrx_word' id='word_1_172' title='bbox 1025 2398 1071 2461; x_wconf 84' lang='lat' dir='ltr'>uel,</span> <span class='ocrx_word' id='word_1_173' title='bbox 1090 2404 1119 2449; x_wconf 89' lang='lat' dir='ltr'>et</span> <span class='ocrx_word' id='word_1_174' title='bbox 1133 2397 1278 2458; x_wconf 85' lang='lat' dir='ltr'>librorum</span> <span class='ocrx_word' id='word_1_175' title='bbox 1287 2425 1358 2462; x_wconf 71' lang='lat' dir='ltr'>nomi</span> <span class='ocrx_word' id='word_1_176' title='bbox 1389 2421 1409 2456; x_wconf 89' lang='lat' dir='ltr'>a·</span> 
     </span>
     <span class='ocr_line' id='line_1_21' title="bbox 163 2463 1409 2530; baseline 0.004 -14"><span class='ocrx_word' id='word_1_177' title='bbox 163 2465 189 2516; x_wconf 91' lang='lat' dir='ltr'>b.</span> <span class='ocrx_word' id='word_1_178' title='bbox 208 2463 226 2516; x_wconf 93' lang='lat' dir='ltr'>l.</span> <span class='ocrx_word' id='word_1_179' title='bbox 245 2471 347 2516; x_wconf 89' lang='lat' dir='ltr'>certum</span> <span class='ocrx_word' id='word_1_180' title='bbox 369 2471 411 2514; x_wconf 89' lang='lat' dir='ltr'>est</span> <span class='ocrx_word' id='word_1_181' title='bbox 430 2465 553 2526; x_wconf 84' lang='lat' dir='ltr'>Araxen,</span> <span class='ocrx_word' id='word_1_182' title='bbox 576 2463 657 2515; x_wconf 88' lang='lat' dir='ltr'>etiam</span> <span class='ocrx_word' id='word_1_183' title='bbox 675 2479 708 2529; x_wconf 86' lang='lat' dir='ltr'>v,</span> <span class='ocrx_word' id='word_1_184' title='bbox 736 2473 766 2518; x_wconf 82' lang='lat'>17</span> <span class='ocrx_word' id='word_1_185' title='bbox 802 2481 861 2516; x_wconf 90' lang='lat' dir='ltr'>runi</span> <span class='ocrx_word' id='word_1_186' title='bbox 887 2464 1010 2515; x_wconf 90' lang='lat' dir='ltr'>mendum</span> <span class='ocrx_word' id='word_1_187' title='bbox 1037 2467 1140 2517; x_wconf 84' lang='lat' dir='ltr'>nomine</span> <span class='ocrx_word' id='word_1_188' title='bbox 1169 2469 1294 2529; x_wconf 69' lang='lat' dir='ltr'>adiectis</span> <span class='ocrx_word' id='word_1_189' title='bbox 1321 2475 1409 2530; x_wconf 71' lang='lat' dir='ltr'>vocibus</span> 
     </span>
     <span class='ocr_line' id='line_1_22' title="bbox 163 2526 1408 2652; baseline 0.011 -68"><span class='ocrx_word' id='word_1_190' title='bbox 163 2539 192 2584; x_wconf 89' lang='lat' dir='ltr'>et</span> <span class='ocrx_word' id='word_1_191' title='bbox 211 2546 269 2595; x_wconf 82' lang='lat' dir='ltr'>vu,</span> <span class='ocrx_word' id='word_1_192' title='bbox 299 2539 331 2584; x_wconf 85' lang='lat'>14</span> <span class='ocrx_word' id='word_1_193' title='bbox 354 2526 465 2583; x_wconf 76' lang='lat' dir='ltr'>eandem</span> <span class='ocrx_word' id='word_1_194' title='bbox 483 2531 593 2584; x_wconf 88' lang='lat' dir='ltr'>forniain</span> <span class='ocrx_word' id='word_1_195' title='bbox 610 2549 644 2583; x_wconf 86' lang='lat' dir='ltr'>ex</span> <span class='ocrx_word' id='word_1_196' title='bbox 658 2533 767 2652; x_wconf 76' lang='lat' dir='ltr'>paucio-</span> <span class='ocrx_word' id='word_1_197' title='bbox 803 2542 901 2584; x_wconf 84' lang='lat' dir='ltr'>tantum</span> <span class='ocrx_word' id='word_1_198' title='bbox 920 2542 993 2583; x_wconf 75' lang='lat' dir='ltr'>notas</span> <span class='ocrx_word' id='word_1_199' title='bbox 1011 2531 1195 2589; x_wconf 86' lang='lat' dir='ltr'>adiuvaretur.</span> <span class='ocrx_word' id='word_1_200' title='bbox 1236 2541 1305 2598; x_wconf 83' lang='lat' dir='ltr'>Hoc</span> <span class='ocrx_word' id='word_1_201' title='bbox 1321 2544 1408 2616; x_wconf 75' lang='lat' dir='ltr'>quidem</span> 
     </span>
    </p>
   </div>
   <div class='ocr_carea' id='block_1_5' title="bbox 144 2598 1408 4456">
    <p class='ocr_par' dir='ltr' id='par_1_5' title="bbox 144 2598 1408 4456">
     <span class='ocr_line' id='line_1_23' title="bbox 162 2598 1408 2675; baseline 0.007 -22"><span class='ocrx_word' id='word_1_202' title='bbox 162 2599 235 2653; x_wconf 87' lang='lat' dir='ltr'>ribus</span> <span class='ocrx_word' id='word_1_203' title='bbox 249 2598 321 2652; x_wconf 90' lang='lat' dir='ltr'>libris</span> <span class='ocrx_word' id='word_1_204' title='bbox 336 2599 467 2652; x_wconf 85' lang='lat' dir='ltr'>revocavi.</span> <span class='ocrx_word' id='word_1_205' title='bbox 497 2601 654 2669; x_wconf 72' lang='lat' dir='ltr'>Tiprinquo</span> <span class='ocrx_word' id='word_1_206' title='bbox 685 2600 766 2654; x_wconf 84' lang='lat' dir='ltr'>Snali.</span> <span class='ocrx_word' id='word_1_207' title='bbox 802 2599 966 2668; x_wconf 83' lang='lat' dir='ltr'>excogitavit</span> <span class='ocrx_word' id='word_1_208' title='bbox 984 2599 1096 2654; x_wconf 81' lang='lat' dir='ltr'>Aldinus</span> <span class='ocrx_word' id='word_1_209' title='bbox 1119 2604 1233 2675; x_wconf 86' lang='lat' dir='ltr'>editor,</span> <span class='ocrx_word' id='word_1_210' title='bbox 1259 2613 1408 2666; x_wconf 46' lang='lat' dir='ltr'>velamine</span> 
     </span>
     <span class='ocr_line' id='line_1_24' title="bbox 163 2667 1408 2748; baseline 0.009 -29"><span class='ocrx_word' id='word_1_211' title='bbox 163 2669 196 2720; x_wconf 90' lang='lat' dir='ltr'>de</span> <span class='ocrx_word' id='word_1_212' title='bbox 214 2684 286 2720; x_wconf 90' lang='lat' dir='ltr'>more</span> <span class='ocrx_word' id='word_1_213' title='bbox 300 2685 348 2720; x_wconf 92' lang='lat' dir='ltr'>suo</span> <span class='ocrx_word' id='word_1_214' title='bbox 362 2667 464 2748; x_wconf 86' lang='lat' dir='ltr'>scripsit</span> <span class='ocrx_word' id='word_1_215' title='bbox 479 2686 545 2720; x_wconf 90' lang='lat' dir='ltr'>unus</span> <span class='ocrx_word' id='word_1_216' title='bbox 555 2667 662 2722; x_wconf 81' lang='lat' dir='ltr'>FlenG</span> <span class='ocrx_word' id='word_1_217' title='bbox 677 2670 766 2723; x_wconf 87' lang='lat' dir='ltr'>habet.</span> <span class='ocrx_word' id='word_1_218' title='bbox 803 2677 902 2720; x_wconf 81' lang='lat' dir='ltr'>tanturn</span> <span class='ocrx_word' id='word_1_219' title='bbox 921 2679 994 2721; x_wconf 75' lang='lat' dir='ltr'>reatos</span> <span class='ocrx_word' id='word_1_220' title='bbox 1012 2668 1112 2738; x_wconf 89' lang='lat' dir='ltr'>primus</span> <span class='ocrx_word' id='word_1_221' title='bbox 1129 2672 1212 2728; x_wconf 86' lang='lat' dir='ltr'>dedit</span> <span class='ocrx_word' id='word_1_222' title='bbox 1233 2678 1408 2735; x_wconf 73' lang='lat' dir='ltr'>Hsdr.Iunim</span> 
     </span>
     <span class='ocr_line' id='line_1_25' title="bbox 161 2735 1408 2808; baseline 0.009 -20"><span class='ocrx_word' id='word_1_223' title='bbox 161 2737 236 2789; x_wconf 89' lang='lat' dir='ltr'>Idem</span> <span class='ocrx_word' id='word_1_224' title='bbox 260 2735 340 2788; x_wconf 84' lang='lat' dir='ltr'>Snak.</span> <span class='ocrx_word' id='word_1_225' title='bbox 365 2735 476 2789; x_wconf 80' lang='lat' dir='ltr'>retinuit</span> <span class='ocrx_word' id='word_1_226' title='bbox 504 2738 616 2806; x_wconf 88' lang='lat' dir='ltr'>posthae</span> <span class='ocrx_word' id='word_1_227' title='bbox 643 2739 765 2804; x_wconf 72' lang='lat' dir='ltr'>lbnaini,</span> <span class='ocrx_word' id='word_1_228' title='bbox 802 2737 969 2805; x_wconf 84' lang='lat' dir='ltr'>servavitque</span> <span class='ocrx_word' id='word_1_229' title='bbox 993 2754 1052 2789; x_wconf 90' lang='lat' dir='ltr'>cuin</span> <span class='ocrx_word' id='word_1_230' title='bbox 1069 2737 1181 2808; x_wconf 88' lang='lat' dir='ltr'>reliquis</span> <span class='ocrx_word' id='word_1_231' title='bbox 1201 2746 1296 2802; x_wconf 88' lang='lat' dir='ltr'>etiam</span> <span class='ocrx_word' id='word_1_232' title='bbox 1311 2748 1408 2804; x_wconf 77' lang='lat' dir='ltr'>nodia</span> 
     </span>
     <span class='ocr_line' id='line_1_26' title="bbox 163 2803 1407 2896; baseline 0.01 -40"><span class='ocrx_word' id='word_1_233' title='bbox 163 2806 235 2875; x_wconf 90' lang='lat' dir='ltr'>quod</span> <span class='ocrx_word' id='word_1_234' title='bbox 253 2822 312 2856; x_wconf 90' lang='lat' dir='ltr'>niss.</span> <span class='ocrx_word' id='word_1_235' title='bbox 330 2805 395 2856; x_wconf 90' lang='lat' dir='ltr'>fides</span> <span class='ocrx_word' id='word_1_236' title='bbox 403 2804 531 2874; x_wconf 90' lang='lat' dir='ltr'>postulat,</span> <span class='ocrx_word' id='word_1_237' title='bbox 541 2805 659 2884; x_wconf 88' lang='lat' dir='ltr'>itemque</span> <span class='ocrx_word' id='word_1_238' title='bbox 673 2807 767 2858; x_wconf 82' lang='lat' dir='ltr'>Perse·</span> <span class='ocrx_word' id='word_1_239' title='bbox 801 2803 893 2856; x_wconf 88' lang='lat' dir='ltr'>Prima</span> <span class='ocrx_word' id='word_1_240' title='bbox 923 2822 1037 2875; x_wconf 90' lang='lat' dir='ltr'>persona</span> <span class='ocrx_word' id='word_1_241' title='bbox 1068 2806 1156 2860; x_wconf 87' lang='lat' dir='ltr'>utitur</span> <span class='ocrx_word' id='word_1_242' title='bbox 1191 2815 1320 2896; x_wconf 86' lang='lat' dir='ltr'>scriptor</span> <span class='ocrx_word' id='word_1_243' title='bbox 1359 2815 1407 2869; x_wconf 81' lang='lat' dir='ltr'>aule</span> 
     </span>
     <span class='ocr_line' id='line_1_27' title="bbox 156 2872 1406 2944; baseline 0.006 -18"><span class='ocrx_word' id='word_1_244' title='bbox 156 2874 249 2941; x_wconf 85' lang='lat' dir='ltr'>polim.</span> <span class='ocrx_word' id='word_1_245' title='bbox 268 2872 376 2926; x_wconf 82' lang='lat' dir='ltr'>lamed</span> <span class='ocrx_word' id='word_1_246' title='bbox 395 2889 450 2925; x_wconf 89' lang='lat' dir='ltr'>rein</span> <span class='ocrx_word' id='word_1_247' title='bbox 467 2875 537 2943; x_wconf 90' lang='lat' dir='ltr'>quod</span> <span class='ocrx_word' id='word_1_248' title='bbox 556 2882 682 2943; x_wconf 80' lang='lat' dir='ltr'>pertinet,</span> <span class='ocrx_word' id='word_1_249' title='bbox 702 2874 766 2944; x_wconf 91' lang='lat' dir='ltr'>quid</span> <span class='ocrx_word' id='word_1_250' title='bbox 801 2872 1033 2939; x_wconf 89' lang='lat' dir='ltr'>inconsideratius,</span> <span class='ocrx_word' id='word_1_251' title='bbox 1057 2876 1103 2926; x_wconf 88' lang='lat' dir='ltr'>sed</span> <span class='ocrx_word' id='word_1_252' title='bbox 1126 2876 1198 2932; x_wconf 89' lang='lat' dir='ltr'>nihil</span> <span class='ocrx_word' id='word_1_253' title='bbox 1217 2882 1333 2940; x_wconf 86' lang='lat' dir='ltr'>ahudv</span> <span class='ocrx_word' id='word_1_254' title='bbox 1356 2886 1406 2937; x_wconf 82' lang='lat' dir='ltr'>ebat</span> 
     </span>
     <span class='ocr_line' id='line_1_28' title="bbox 144 2940 1401 3026; baseline 0.007 -33"><span class='ocrx_word' id='word_1_255' title='bbox 144 2949 205 2994; x_wconf 88' lang='lat' dir='ltr'>-est</span> <span class='ocrx_word' id='word_1_256' title='bbox 221 2941 293 3011; x_wconf 86' lang='lat' dir='ltr'>quod</span> <span class='ocrx_word' id='word_1_257' title='bbox 312 2941 420 2995; x_wconf 87' lang='lat' dir='ltr'>Curtius</span> <span class='ocrx_word' id='word_1_258' title='bbox 429 2942 574 3022; x_wconf 74' lang='lat' dir='ltr'>Hydaspen</span> <span class='ocrx_word' id='word_1_259' title='bbox 592 2942 663 2996; x_wconf 90' lang='lat' dir='ltr'>inter</span> <span class='ocrx_word' id='word_1_260' title='bbox 680 2942 766 2995; x_wconf 91' lang='lat' dir='ltr'>muni-</span> <span class='ocrx_word' id='word_1_261' title='bbox 801 2940 888 3021; x_wconf 79' lang='lat' dir='ltr'>dicere</span> <span class='ocrx_word' id='word_1_262' title='bbox 906 2941 968 2994; x_wconf 91' lang='lat' dir='ltr'>nisi:</span> <span class='ocrx_word' id='word_1_263' title='bbox 994 2942 1089 2995; x_wconf 87' lang='lat' dir='ltr'>omissa</span> <span class='ocrx_word' id='word_1_264' title='bbox 1106 2943 1288 3016; x_wconf 86' lang='lat' dir='ltr'>reliquarum</span> <span class='ocrx_word' id='word_1_265' title='bbox 1304 2952 1401 3026; x_wconf 75' lang='lat' dir='ltr'>gentium</span> 
     </span>
     <span class='ocr_line' id='line_1_29' title="bbox 162 3010 942 3079; baseline 0.001 -18"><span class='ocrx_word' id='word_1_266' title='bbox 162 3017 252 3062; x_wconf 88' lang='lat' dir='ltr'>menta</span> <span class='ocrx_word' id='word_1_267' title='bbox 270 3010 345 3079; x_wconf 88' lang='lat' dir='ltr'>regni</span> <span class='ocrx_word' id='word_1_268' title='bbox 363 3010 462 3063; x_wconf 90' lang='lat' dir='ltr'>Persici</span> <span class='ocrx_word' id='word_1_269' title='bbox 481 3020 682 3077; x_wconf 88' lang='lat' dir='ltr'>commemorat,</span> <span class='ocrx_word' id='word_1_270' title='bbox 706 3029 765 3064; x_wconf 88' lang='lat' dir='ltr'>cuni</span> <span class='ocrx_word' id='word_1_271' title='bbox 800 3017 942 3063; x_wconf 80' lang='lat' dir='ltr'>mentione.</span> 
     </span>
     <span class='ocr_line' id='line_1_30' title="bbox 162 3077 1404 3148; baseline 0.006 -16"><span class='ocrx_word' id='word_1_272' title='bbox 162 3077 185 3132; x_wconf 91' lang='lat' dir='ltr'>is</span> <span class='ocrx_word' id='word_1_273' title='bbox 203 3087 265 3148; x_wconf 90' lang='lat' dir='ltr'>post</span> <span class='ocrx_word' id='word_1_274' title='bbox 283 3079 379 3131; x_wconf 88' lang='lat' dir='ltr'>Indum</span> <span class='ocrx_word' id='word_1_275' title='bbox 396 3087 474 3131; x_wconf 88' lang='lat' dir='ltr'>extra</span> <span class='ocrx_word' id='word_1_276' title='bbox 491 3080 555 3131; x_wconf 88' lang='lat' dir='ltr'>fines</span> <span class='ocrx_word' id='word_1_277' title='bbox 573 3079 692 3133; x_wconf 90' lang='lat' dir='ltr'>Persicos</span> <span class='ocrx_word' id='word_1_278' title='bbox 709 3097 765 3132; x_wconf 83' lang='lat' dir='ltr'>uia·</span> <span class='ocrx_word' id='word_1_279' title='bbox 836 3081 858 3145; x_wconf 83' lang='lat'>§.</span> <span class='ocrx_word' id='word_1_280' title='bbox 878 3086 902 3131; x_wconf 80' lang='lat' dir='ltr'>t.</span> <span class='ocrx_word' id='word_1_281' title='bbox 938 3096 966 3131; x_wconf 83' lang='lat' dir='ltr'>se</span> <span class='ocrx_word' id='word_1_282' title='bbox 991 3096 1046 3131; x_wconf 83' lang='lat' dir='ltr'>csse</span> <span class='ocrx_word' id='word_1_283' title='bbox 1068 3090 1209 3138; x_wconf 82' lang='lat' dir='ltr'>ventarum</span> <span class='ocrx_word' id='word_1_284' title='bbox 1273 3093 1311 3145; x_wconf 76' lang='lat' dir='ltr'>Se</span> <span class='ocrx_word' id='word_1_285' title='bbox 1332 3085 1404 3144; x_wconf 84' lang='lat' dir='ltr'>addidi</span> 
     </span>
     <span class='ocr_line' id='line_1_31' title="bbox 162 3145 1404 3231; baseline 0.008 -33"><span class='ocrx_word' id='word_1_286' title='bbox 162 3149 227 3199; x_wconf 75' lang='lat' dir='ltr'>neti</span> <span class='ocrx_word' id='word_1_287' title='bbox 246 3146 318 3200; x_wconf 89' lang='lat' dir='ltr'>Dicit</span> <span class='ocrx_word' id='word_1_288' title='bbox 337 3147 444 3216; x_wconf 89' lang='lat' dir='ltr'>quidem</span> <span class='ocrx_word' id='word_1_289' title='bbox 461 3147 595 3216; x_wconf 81' lang='lat' dir='ltr'>Vergilius</span> <span class='ocrx_word' id='word_1_290' title='bbox 614 3147 711 3216; x_wconf 82' lang='lat' dir='ltr'>Georg.</span> <span class='ocrx_word' id='word_1_291' title='bbox 722 3164 764 3213; x_wconf 87' lang='lat' dir='ltr'>iv,</span> <span class='ocrx_word' id='word_1_292' title='bbox 800 3145 871 3199; x_wconf 84' lang='lat' dir='ltr'>iussu</span> <span class='ocrx_word' id='word_1_293' title='bbox 893 3147 974 3199; x_wconf 86' lang='lat' dir='ltr'>Bern.</span> <span class='ocrx_word' id='word_1_294' title='bbox 998 3147 1136 3217; x_wconf 88' lang='lat' dir='ltr'>utriusque</span> <span class='ocrx_word' id='word_1_295' title='bbox 1161 3161 1193 3206; x_wconf 84' lang='lat' dir='ltr'>et</span> <span class='ocrx_word' id='word_1_296' title='bbox 1244 3157 1299 3213; x_wconf 90' lang='lat' dir='ltr'>lor.</span> <span class='ocrx_word' id='word_1_297' title='bbox 1316 3166 1404 3231; x_wconf 80' lang='lat' dir='ltr'>praeter</span> 
     </span>
     <span class='ocr_line' id='line_1_32' title="bbox 162 3215 1403 3284; baseline 0.006 -16"><span class='ocrx_word' id='word_1_298' title='bbox 162 3221 213 3268; x_wconf 80' lang='lat'>210</span> <span class='ocrx_word' id='word_1_299' title='bbox 231 3215 340 3267; x_wconf 76' lang='lat' dir='ltr'>biedcan</span> <span class='ocrx_word' id='word_1_300' title='bbox 358 3216 519 3283; x_wconf 77' lang='lat' dir='ltr'>Hydaspen,</span> <span class='ocrx_word' id='word_1_301' title='bbox 543 3216 588 3266; x_wconf 89' lang='lat' dir='ltr'>sed</span> <span class='ocrx_word' id='word_1_302' title='bbox 611 3215 716 3284; x_wconf 76' lang='lat' dir='ltr'>poetica</span> <span class='ocrx_word' id='word_1_303' title='bbox 733 3216 765 3267; x_wconf 90' lang='lat' dir='ltr'>li·</span> <span class='ocrx_word' id='word_1_304' title='bbox 800 3215 956 3268; x_wconf 90' lang='lat' dir='ltr'>Iomnium.</span> <span class='ocrx_word' id='word_1_305' title='bbox 993 3215 1074 3268; x_wconf 82' lang='lat' dir='ltr'>Snali.</span> <span class='ocrx_word' id='word_1_306' title='bbox 1097 3217 1131 3268; x_wconf 91' lang='lat' dir='ltr'>de</span> <span class='ocrx_word' id='word_1_307' title='bbox 1149 3221 1208 3274; x_wconf 84' lang='lat' dir='ltr'>suis</span> <span class='ocrx_word' id='word_1_308' title='bbox 1228 3229 1312 3281; x_wconf 77' lang='lat' dir='ltr'>oodd,</span> <span class='ocrx_word' id='word_1_309' title='bbox 1329 3232 1403 3281; x_wconf 78' lang='lat' dir='ltr'>aucta·</span> 
     </span>
     <span class='ocr_line' id='line_1_33' title="bbox 162 3281 1387 3352; baseline 0.007 -17"><span class='ocrx_word' id='word_1_310' title='bbox 162 3283 384 3335; x_wconf 82' lang='lat' dir='ltr'>bertatellleduni</span> <span class='ocrx_word' id='word_1_311' title='bbox 400 3283 433 3334; x_wconf 88' lang='lat' dir='ltr'>de</span> <span class='ocrx_word' id='word_1_312' title='bbox 446 3281 540 3335; x_wconf 87' lang='lat' dir='ltr'>ultimo</span> <span class='ocrx_word' id='word_1_313' title='bbox 554 3282 656 3335; x_wconf 89' lang='lat' dir='ltr'>oriente</span> <span class='ocrx_word' id='word_1_314' title='bbox 675 3284 766 3352; x_wconf 90' lang='lat' dir='ltr'>appel·</span> <span class='ocrx_word' id='word_1_315' title='bbox 800 3300 857 3336; x_wconf 89' lang='lat' dir='ltr'>rem</span> <span class='ocrx_word' id='word_1_316' title='bbox 874 3301 928 3335; x_wconf 91' lang='lat' dir='ltr'>non</span> <span class='ocrx_word' id='word_1_317' title='bbox 946 3293 1133 3338; x_wconf 87' lang='lat' dir='ltr'>commemorat</span> <span class='ocrx_word' id='word_1_318' title='bbox 1151 3288 1207 3343; x_wconf 88' lang='lat' dir='ltr'>nisi</span> <span class='ocrx_word' id='word_1_319' title='bbox 1224 3292 1387 3350; x_wconf 72' lang='lat' dir='ltr'>Leidensem</span> 
     </span>
     <span class='ocr_line' id='line_1_34' title="bbox 162 3348 1356 3434; baseline 0.008 -34"><span class='ocrx_word' id='word_1_320' title='bbox 162 3349 228 3401; x_wconf 87' lang='lat' dir='ltr'>lans.</span> <span class='ocrx_word' id='word_1_321' title='bbox 248 3348 409 3400; x_wconf 90' lang='lat' dir='ltr'>Putamusne</span> <span class='ocrx_word' id='word_1_322' title='bbox 424 3348 541 3401; x_wconf 86' lang='lat' dir='ltr'>Dareum</span> <span class='ocrx_word' id='word_1_323' title='bbox 555 3349 696 3402; x_wconf 89' lang='lat' dir='ltr'>mentitum</span> <span class='ocrx_word' id='word_1_324' title='bbox 710 3368 767 3404; x_wconf 87' lang='lat' dir='ltr'>esse</span> <span class='ocrx_word' id='word_1_325' title='bbox 836 3355 858 3419; x_wconf 83' lang='lat'>§.</span> <span class='ocrx_word' id='word_1_326' title='bbox 888 3360 910 3405; x_wconf 87' lang='grc'>7.</span> <span class='ocrx_word' id='word_1_327' title='bbox 952 3353 1105 3405; x_wconf 75' lang='lat' dir='ltr'>Alexander</span> <span class='ocrx_word' id='word_1_328' title='bbox 1136 3357 1182 3409; x_wconf 80' lang='lat' dir='ltr'>liis</span> <span class='ocrx_word' id='word_1_329' title='bbox 1216 3365 1281 3434; x_wconf 66' lang='lat' dir='ltr'>qua]</span> <span class='ocrx_word' id='word_1_330' title='bbox 1332 3369 1356 3417; x_wconf 81' lang='lat' dir='ltr'><strong>v</strong></span> 
     </span>
     <span class='ocr_line' id='line_1_35' title="bbox 162 3414 1404 3503; baseline 0.01 -36"><span class='ocrx_word' id='word_1_331' title='bbox 162 3415 280 3484; x_wconf 84' lang='lat' dir='ltr'>falsoque</span> <span class='ocrx_word' id='word_1_332' title='bbox 298 3414 454 3483; x_wconf 85' lang='lat' dir='ltr'>gloriatum,</span> <span class='ocrx_word' id='word_1_333' title='bbox 477 3434 510 3468; x_wconf 89' lang='lat' dir='ltr'>an</span> <span class='ocrx_word' id='word_1_334' title='bbox 529 3417 652 3471; x_wconf 86' lang='lat' dir='ltr'>Curtium</span> <span class='ocrx_word' id='word_1_335' title='bbox 669 3419 766 3471; x_wconf 87' lang='lat' dir='ltr'>verita·</span> <span class='ocrx_word' id='word_1_336' title='bbox 801 3419 893 3489; x_wconf 89' lang='lat' dir='ltr'>inepte</span> <span class='ocrx_word' id='word_1_337' title='bbox 916 3422 951 3472; x_wconf 84' lang='lat' dir='ltr'>iis</span> <span class='ocrx_word' id='word_1_338' title='bbox 976 3421 1030 3473; x_wconf 81' lang='lat' dir='ltr'>illis</span> <span class='ocrx_word' id='word_1_339' title='bbox 1052 3423 1112 3488; x_wconf 83' lang='lat' dir='ltr'>qui,</span> <span class='ocrx_word' id='word_1_340' title='bbox 1142 3426 1298 3487; x_wconf 83' lang='lat' dir='ltr'>coniuncta</span> <span class='ocrx_word' id='word_1_341' title='bbox 1320 3426 1404 3503; x_wconf 87' lang='lat' dir='ltr'>daphei</span> 
     </span>
     <span class='ocr_line' id='line_1_36' title="bbox 162 3482 1404 3569; baseline 0.012 -33"><span class='ocrx_word' id='word_1_342' title='bbox 162 3482 198 3536; x_wconf 88' lang='lat' dir='ltr'>tis</span> <span class='ocrx_word' id='word_1_343' title='bbox 216 3498 336 3534; x_wconf 89' lang='lat' dir='ltr'>securum</span> <span class='ocrx_word' id='word_1_344' title='bbox 360 3500 478 3550; x_wconf 90' lang='lat' dir='ltr'>amnem,</span> <span class='ocrx_word' id='word_1_345' title='bbox 500 3483 529 3536; x_wconf 92' lang='lat' dir='ltr'>in</span> <span class='ocrx_word' id='word_1_346' title='bbox 554 3485 627 3538; x_wconf 88' lang='lat' dir='ltr'>euius</span> <span class='ocrx_word' id='word_1_347' title='bbox 653 3487 767 3539; x_wconf 87' lang='lat' dir='ltr'>transitu</span> <span class='ocrx_word' id='word_1_348' title='bbox 802 3488 922 3542; x_wconf 88' lang='lat' dir='ltr'>lectione.</span> <span class='ocrx_word' id='word_1_349' title='bbox 964 3487 1008 3542; x_wconf 87' lang='lat' dir='ltr'>Sic</span> <span class='ocrx_word' id='word_1_350' title='bbox 1036 3496 1125 3542; x_wconf 83' lang='lat' dir='ltr'>tamen</span> <span class='ocrx_word' id='word_1_351' title='bbox 1152 3491 1231 3550; x_wconf 86' lang='lat' dir='ltr'>Flor.</span> <span class='ocrx_word' id='word_1_352' title='bbox 1263 3501 1306 3569; x_wconf 82' lang='lat' dir='ltr'>A,</span> <span class='ocrx_word' id='word_1_353' title='bbox 1338 3494 1404 3553; x_wconf 83' lang='lat' dir='ltr'>ceteri</span> 
     </span>
     <span class='ocr_line' id='line_1_37' title="bbox 162 3549 1047 3625; baseline 0.009 -23"><span class='ocrx_word' id='word_1_354' title='bbox 162 3550 275 3602; x_wconf 89' lang='lat' dir='ltr'>multum</span> <span class='ocrx_word' id='word_1_355' title='bbox 292 3549 424 3605; x_wconf 87' lang='lat' dir='ltr'>laborasse</span> <span class='ocrx_word' id='word_1_356' title='bbox 432 3552 591 3606; x_wconf 86' lang='lat' dir='ltr'>Macedones</span> <span class='ocrx_word' id='word_1_357' title='bbox 609 3553 694 3618; x_wconf 89' lang='lat' dir='ltr'>sciret,</span> <span class='ocrx_word' id='word_1_358' title='bbox 712 3555 765 3608; x_wconf 86' lang='lat' dir='ltr'>iam</span> <span class='ocrx_word' id='word_1_359' title='bbox 801 3559 852 3609; x_wconf 81' lang='lat' dir='ltr'>biis</span> <span class='ocrx_word' id='word_1_360' title='bbox 870 3564 918 3609; x_wconf 86' lang='lat' dir='ltr'>aut</span> <span class='ocrx_word' id='word_1_361' title='bbox 934 3558 976 3609; x_wconf 76' lang='lat' dir='ltr'>aa</span> <span class='ocrx_word' id='word_1_362' title='bbox 995 3559 1047 3625; x_wconf 83' lang='lat' dir='ltr'>qai.</span> 
     </span>
     <span class='ocr_line' id='line_1_38' title="bbox 162 3617 1403 3701; baseline 0.013 -31"><span class='ocrx_word' id='word_1_363' title='bbox 162 3619 213 3670; x_wconf 89' lang='lat' dir='ltr'>hoc</span> <span class='ocrx_word' id='word_1_364' title='bbox 230 3617 288 3670; x_wconf 92' lang='lat' dir='ltr'>loco</span> <span class='ocrx_word' id='word_1_365' title='bbox 307 3617 377 3671; x_wconf 85' lang='lat' dir='ltr'>inter</span> <span class='ocrx_word' id='word_1_366' title='bbox 394 3618 429 3671; x_wconf 91' lang='lat' dir='ltr'>ini</span> <span class='ocrx_word' id='word_1_367' title='bbox 449 3620 581 3674; x_wconf 78' lang='lat' dir='ltr'>adimente</span> <span class='ocrx_word' id='word_1_368' title='bbox 590 3623 764 3692; x_wconf 85' lang='lat' dir='ltr'>expeditionis</span> <span class='ocrx_word' id='word_1_369' title='bbox 834 3635 858 3677; x_wconf 85' lang='lat' dir='ltr'>et</span> <span class='ocrx_word' id='word_1_370' title='bbox 881 3628 952 3693; x_wconf 84' lang='lat' dir='ltr'>quad</span> <span class='ocrx_word' id='word_1_371' title='bbox 974 3635 1052 3678; x_wconf 81' lang='lat' dir='ltr'>totum</span> <span class='ocrx_word' id='word_1_372' title='bbox 1075 3628 1212 3701; x_wconf 81' lang='lat' dir='ltr'>amiserit]</span> <span class='ocrx_word' id='word_1_373' title='bbox 1258 3635 1308 3692; x_wconf 88' lang='lat' dir='ltr'>Sic</span> <span class='ocrx_word' id='word_1_374' title='bbox 1329 3649 1403 3692; x_wconf 86' lang='lat' dir='ltr'>omues</span> 
     </span>
     <span class='ocr_line' id='line_1_39' title="bbox 163 3637 1291 3759; baseline 0.013 -21"><span class='ocrx_word' id='word_1_375' title='bbox 163 3687 396 3740; x_wconf 80' lang='lat' dir='ltr'>commemorasse?</span> <span class='ocrx_word' id='word_1_376' title='bbox 415 3637 460 3741; x_wconf 72' lang='lat' dir='ltr'>sle</span> <span class='ocrx_word' id='word_1_377' title='bbox 476 3689 596 3759; x_wconf 88' lang='lat' dir='ltr'>equidem</span> <span class='ocrx_word' id='word_1_378' title='bbox 608 3693 763 3759; x_wconf 86' lang='lat' dir='ltr'>censuerim,</span> <span class='ocrx_word' id='word_1_379' title='bbox 799 3692 862 3745; x_wconf 89' lang='lat' dir='ltr'>libri</span> <span class='ocrx_word' id='word_1_380' title='bbox 879 3692 979 3757; x_wconf 86' lang='lat' dir='ltr'>nostri;</span> <span class='ocrx_word' id='word_1_381' title='bbox 997 3693 1042 3745; x_wconf 89' lang='lat' dir='ltr'>vul</span> <span class='ocrx_word' id='word_1_382' title='bbox 1062 3712 1078 3747; x_wconf 93' lang='lat' dir='ltr'>o</span> <span class='ocrx_word' id='word_1_383' title='bbox 1097 3695 1236 3753; x_wconf 83' lang='lat' dir='ltr'>omittitur</span> <span class='ocrx_word' id='word_1_384' title='bbox 1256 3716 1291 3758; x_wconf 82' lang='lat' dir='ltr'>et.</span> 
     </span>
     <span class='ocr_line' id='line_1_40' title="bbox 163 3712 1404 3832; baseline 0.015 -27"><span class='ocrx_word' id='word_1_385' title='bbox 163 3771 224 3806; x_wconf 90' lang='lat' dir='ltr'>nam</span> <span class='ocrx_word' id='word_1_386' title='bbox 248 3755 281 3806; x_wconf 90' lang='lat' dir='ltr'>de</span> <span class='ocrx_word' id='word_1_387' title='bbox 303 3755 457 3825; x_wconf 86' lang='lat' dir='ltr'>corrigendo</span> <span class='ocrx_word' id='word_1_388' title='bbox 480 3759 585 3812; x_wconf 91' lang='lat' dir='ltr'>nomine</span> <span class='ocrx_word' id='word_1_389' title='bbox 603 3761 764 3814; x_wconf 88' lang='lat' dir='ltr'>substituen-</span> <span class='ocrx_word' id='word_1_390' title='bbox 832 3761 955 3830; x_wconf 77' lang='lat' dir='ltr'>Lydiam,</span> <span class='ocrx_word' id='word_1_391' title='bbox 964 3712 1404 3832; x_wconf 63' lang='lat' dir='ltr'>laasimonausussumnnram</span> 
     </span>
     <span class='ocr_line' id='line_1_41' title="bbox 162 3822 1404 3900; baseline 0.014 -25"><span class='ocrx_word' id='word_1_392' title='bbox 162 3824 251 3892; x_wconf 89' lang='lat' dir='ltr'>doque</span> <span class='ocrx_word' id='word_1_393' title='bbox 272 3822 390 3892; x_wconf 77' lang='lat' dir='ltr'>Choaspe</span> <span class='ocrx_word' id='word_1_394' title='bbox 409 3826 632 3895; x_wconf 88' lang='lat' dir='ltr'>(quodCellarius</span> <span class='ocrx_word' id='word_1_395' title='bbox 650 3837 764 3900; x_wconf 86' lang='lat' dir='ltr'>tempta·</span> <span class='ocrx_word' id='word_1_396' title='bbox 799 3847 860 3882; x_wconf 89' lang='lat' dir='ltr'>mss.</span> <span class='ocrx_word' id='word_1_397' title='bbox 878 3829 930 3881; x_wconf 91' lang='lat' dir='ltr'>fide</span> <span class='ocrx_word' id='word_1_398' title='bbox 955 3831 1061 3883; x_wconf 87' lang='lat' dir='ltr'>deserta</span> <span class='ocrx_word' id='word_1_399' title='bbox 1078 3832 1186 3886; x_wconf 81' lang='lat' dir='ltr'>Ioniam</span> <span class='ocrx_word' id='word_1_400' title='bbox 1211 3840 1336 3896; x_wconf 83' lang='lat' dir='ltr'>seribere</span> <span class='ocrx_word' id='word_1_401' title='bbox 1357 3856 1404 3895; x_wconf 83' lang='lat' dir='ltr'>eun</span> 
     </span>
     <span class='ocr_line' id='line_1_42' title="bbox 161 3891 1403 3978; baseline 0.019 -35"><span class='ocrx_word' id='word_1_402' title='bbox 161 3891 212 3959; x_wconf 86' lang='lat' dir='ltr'>vit)</span> <span class='ocrx_word' id='word_1_403' title='bbox 227 3892 390 3961; x_wconf 83' lang='lat' dir='ltr'>autIdaspe,</span> <span class='ocrx_word' id='word_1_404' title='bbox 405 3895 476 3964; x_wconf 92' lang='lat' dir='ltr'>quod</span> <span class='ocrx_word' id='word_1_405' title='bbox 491 3906 765 3968; x_wconf 84' lang='lat' dir='ltr'>nomenexeorrupta</span> <span class='ocrx_word' id='word_1_406' title='bbox 799 3897 914 3966; x_wconf 84' lang='lat' dir='ltr'>vulgatis</span> <span class='ocrx_word' id='word_1_407' title='bbox 944 3897 1007 3950; x_wconf 88' lang='lat' dir='ltr'>inde</span> <span class='ocrx_word' id='word_1_408' title='bbox 1033 3917 1049 3950; x_wconf 89' lang='lat' dir='ltr'>a</span> <span class='ocrx_word' id='word_1_409' title='bbox 1072 3899 1150 3952; x_wconf 90' lang='lat' dir='ltr'>Iunio</span> <span class='ocrx_word' id='word_1_410' title='bbox 1177 3905 1241 3959; x_wconf 88' lang='lat' dir='ltr'>edd.</span> <span class='ocrx_word' id='word_1_411' title='bbox 1276 3910 1403 3978; x_wconf 65' lang='lat' dir='ltr'>(Pi-inceps</span> 
     </span>
     <span class='ocr_line' id='line_1_43' title="bbox 162 3959 1404 4043; baseline 0.012 -31"><span class='ocrx_word' id='word_1_412' title='bbox 162 3959 280 4014; x_wconf 91' lang='lat' dir='ltr'>codicum</span> <span class='ocrx_word' id='word_1_413' title='bbox 311 3961 442 4030; x_wconf 89' lang='lat' dir='ltr'>scriptura</span> <span class='ocrx_word' id='word_1_414' title='bbox 470 3978 498 4030; x_wconf 91' lang='lat' dir='ltr'>v,</span> <span class='ocrx_word' id='word_1_415' title='bbox 522 3970 538 4017; x_wconf 86' lang='lat'>8</span> <span class='ocrx_word' id='word_1_416' title='bbox 569 3983 619 4034; x_wconf 93' lang='lat' dir='ltr'>pro</span> <span class='ocrx_word' id='word_1_417' title='bbox 644 3965 765 4036; x_wconf 89' lang='lat' dir='ltr'>Choaspe</span> <span class='ocrx_word' id='word_1_418' title='bbox 800 3965 869 4018; x_wconf 90' lang='lat' dir='ltr'>enim</span> <span class='ocrx_word' id='word_1_419' title='bbox 892 3967 1004 4019; x_wconf 81' lang='lat' dir='ltr'>Ionidas</span> <span class='ocrx_word' id='word_1_420' title='bbox 1047 3968 1131 4021; x_wconf 87' lang='lat' dir='ltr'>Aldus</span> <span class='ocrx_word' id='word_1_421' title='bbox 1159 3970 1273 4043; x_wconf 81' lang='lat' dir='ltr'>Ionas).</span> <span class='ocrx_word' id='word_1_422' title='bbox 1322 3980 1404 4034; x_wconf 75' lang='lat' dir='ltr'>Potest</span> 
     </span>
     <span class='ocr_line' id='line_1_44' title="bbox 162 4027 1403 4119; baseline 0.017 -40"><span class='ocrx_word' id='word_1_423' title='bbox 162 4027 263 4081; x_wconf 86' lang='lat' dir='ltr'>invenit</span> <span class='ocrx_word' id='word_1_424' title='bbox 285 4029 413 4083; x_wconf 87' lang='lat' dir='ltr'>Valehius</span> <span class='ocrx_word' id='word_1_425' title='bbox 439 4030 467 4083; x_wconf 93' lang='lat' dir='ltr'>in</span> <span class='ocrx_word' id='word_1_426' title='bbox 492 4033 595 4111; x_wconf 81' lang='lat' dir='ltr'>epham.</span> <span class='ocrx_word' id='word_1_427' title='bbox 623 4033 675 4086; x_wconf 86' lang='lat' dir='ltr'>litt.</span> <span class='ocrx_word' id='word_1_428' title='bbox 702 4034 765 4087; x_wconf 89' lang='lat' dir='ltr'>Hal.</span> <span class='ocrx_word' id='word_1_429' title='bbox 800 4033 868 4085; x_wconf 92' lang='lat' dir='ltr'>enim</span> <span class='ocrx_word' id='word_1_430' title='bbox 883 4033 964 4086; x_wconf 88' lang='lat' dir='ltr'>etiam</span> <span class='ocrx_word' id='word_1_431' title='bbox 978 4035 1004 4086; x_wconf 91' lang='lat' dir='ltr'>h.</span> <span class='ocrx_word' id='word_1_432' title='bbox 1025 4074 1031 4086; x_wconf 88' lang='lat'><strong>.</strong></span> <span class='ocrx_word' id='word_1_433' title='bbox 1053 4037 1123 4105; x_wconf 92' lang='lat' dir='ltr'>quod</span> <span class='ocrx_word' id='word_1_434' title='bbox 1142 4054 1224 4110; x_wconf 84' lang='lat' dir='ltr'>saepe</span> <span class='ocrx_word' id='word_1_435' title='bbox 1242 4043 1403 4119; x_wconf 71' lang='lat' dir='ltr'>alinigena</span> 
     </span>
     <span class='ocr_line' id='line_1_45' title="bbox 165 4096 1404 4188; baseline 0.019 -41"><span class='ocrx_word' id='word_1_436' title='bbox 165 4096 228 4148; x_wconf 88' lang='lat' dir='ltr'>anni</span> <span class='ocrx_word' id='word_1_437' title='bbox 247 4103 312 4150; x_wconf 78' lang='lat'>1829</span> <span class='ocrx_word' id='word_1_438' title='bbox 331 4116 357 4167; x_wconf 89' lang='lat' dir='ltr'>p.</span> <span class='ocrx_word' id='word_1_439' title='bbox 378 4106 442 4164; x_wconf 83' lang='lat'>139,</span> <span class='ocrx_word' id='word_1_440' title='bbox 462 4099 527 4153; x_wconf 91' lang='lat' dir='ltr'>nihil</span> <span class='ocrx_word' id='word_1_441' title='bbox 545 4110 593 4153; x_wconf 87' lang='lat' dir='ltr'>est.</span> <span class='ocrx_word' id='word_1_442' title='bbox 800 4119 897 4154; x_wconf 88' lang='lat' dir='ltr'>nomen</span> <span class='ocrx_word' id='word_1_443' title='bbox 920 4121 968 4172; x_wconf 92' lang='lat' dir='ltr'>pro</span> <span class='ocrx_word' id='word_1_444' title='bbox 992 4113 1064 4156; x_wconf 82' lang='lat' dir='ltr'>terra</span> <span class='ocrx_word' id='word_1_445' title='bbox 1086 4104 1225 4176; x_wconf 85' lang='lat' dir='ltr'>collocari,</span> <span class='ocrx_word' id='word_1_446' title='bbox 1251 4128 1404 4188; x_wconf 74' lang='lat' dir='ltr'>quamquem</span> 
     </span>
     <span class='ocr_line' id='line_1_46' title="bbox 199 4166 1404 4239; baseline 0.016 -25"><span class='ocrx_word' id='word_1_447' title='bbox 199 4166 254 4230; x_wconf 75' lang='lat' dir='ltr'>§.ta</span> <span class='ocrx_word' id='word_1_448' title='bbox 273 4166 647 4235; x_wconf 59' lang='lat' dir='ltr'>Mediam,Hyrcaniaineetd</span> <span class='ocrx_word' id='word_1_449' title='bbox 667 4169 766 4223; x_wconf 90' lang='lat' dir='ltr'>Omnes</span> <span class='ocrx_word' id='word_1_450' title='bbox 800 4169 877 4222; x_wconf 91' lang='lat' dir='ltr'>huius</span> <span class='ocrx_word' id='word_1_451' title='bbox 913 4170 1019 4239; x_wconf 88' lang='lat' dir='ltr'>quidem</span> <span class='ocrx_word' id='word_1_452' title='bbox 1054 4172 1168 4226; x_wconf 88' lang='lat' dir='ltr'>nominis</span> <span class='ocrx_word' id='word_1_453' title='bbox 1204 4180 1315 4237; x_wconf 87' lang='lat' dir='ltr'>nullum</span> <span class='ocrx_word' id='word_1_454' title='bbox 1352 4178 1404 4237; x_wconf 89' lang='lat' dir='ltr'>mibi</span> 
     </span>
     <span class='ocr_line' id='line_1_47' title="bbox 165 4229 1402 4318; baseline 0.021 -35"><span class='ocrx_word' id='word_1_455' title='bbox 165 4229 226 4284; x_wconf 87' lang='lat' dir='ltr'>libri</span> <span class='ocrx_word' id='word_1_456' title='bbox 252 4250 312 4304; x_wconf 83' lang='lat' dir='ltr'>mss.</span> <span class='ocrx_word' id='word_1_457' title='bbox 338 4242 366 4286; x_wconf 89' lang='lat' dir='ltr'>ct</span> <span class='ocrx_word' id='word_1_458' title='bbox 395 4235 457 4288; x_wconf 91' lang='lat' dir='ltr'>olim</span> <span class='ocrx_word' id='word_1_459' title='bbox 487 4236 553 4287; x_wconf 88' lang='lat' dir='ltr'>editi</span> <span class='ocrx_word' id='word_1_460' title='bbox 582 4238 611 4286; x_wconf 87' lang='lat' dir='ltr'>i&#39;n</span> <span class='ocrx_word' id='word_1_461' title='bbox 636 4237 765 4304; x_wconf 83' lang='lat' dir='ltr'>Mediam,</span> <span class='ocrx_word' id='word_1_462' title='bbox 800 4238 949 4308; x_wconf 88' lang='lat' dir='ltr'>exemplum</span> <span class='ocrx_word' id='word_1_463' title='bbox 967 4240 1087 4310; x_wconf 90' lang='lat' dir='ltr'>suppetit</span> <span class='ocrx_word' id='word_1_464' title='bbox 1104 4250 1217 4310; x_wconf 83' lang='lat' dir='ltr'>praeter</span> <span class='ocrx_word' id='word_1_465' title='bbox 1229 4263 1272 4318; x_wconf 86' lang='lat' dir='ltr'>vi,</span> <span class='ocrx_word' id='word_1_466' title='bbox 1292 4260 1306 4306; x_wconf 85' lang='lat'><strong>7</strong></span> <span class='ocrx_word' id='word_1_467' title='bbox 1324 4255 1402 4314; x_wconf 76' lang='lat' dir='ltr'>loia,</span> 
     </span>
     <span class='ocr_line' id='line_1_48' title="bbox 164 4300 1228 4380; baseline 0.016 -30"><span class='ocrx_word' id='word_1_468' title='bbox 164 4300 210 4351; x_wconf 91' lang='lat' dir='ltr'>sed</span> <span class='ocrx_word' id='word_1_469' title='bbox 234 4309 346 4380; x_wconf 87' lang='lat' dir='ltr'>apparet</span> <span class='ocrx_word' id='word_1_470' title='bbox 368 4319 427 4355; x_wconf 88' lang='lat' dir='ltr'>eam</span> <span class='ocrx_word' id='word_1_471' title='bbox 449 4302 672 4372; x_wconf 87' lang='lat' dir='ltr'>praepositionem</span> <span class='ocrx_word' id='word_1_472' title='bbox 698 4304 766 4358; x_wconf 90' lang='lat' dir='ltr'>inse·</span> <span class='ocrx_word' id='word_1_473' title='bbox 801 4307 935 4359; x_wconf 85' lang='lat' dir='ltr'>Aeolidem</span> <span class='ocrx_word' id='word_1_474' title='bbox 953 4311 1058 4362; x_wconf 80' lang='lat' dir='ltr'>seruitio</span> <span class='ocrx_word' id='word_1_475' title='bbox 1076 4313 1228 4369; x_wconf 76' lang='lat' dir='ltr'>exanimus.</span> 
     </span>
     <span class='ocr_line' id='line_1_49' title="bbox 164 4368 1405 4456; baseline 0.019 -39"><span class='ocrx_word' id='word_1_476' title='bbox 164 4377 256 4436; x_wconf 88' lang='lat' dir='ltr'>quenti</span> <span class='ocrx_word' id='word_1_477' title='bbox 287 4368 379 4422; x_wconf 85' lang='lat' dir='ltr'>littera</span> <span class='ocrx_word' id='word_1_478' title='bbox 404 4391 429 4424; x_wconf 76' lang='lat' dir='ltr'>aa</span> <span class='ocrx_word' id='word_1_479' title='bbox 454 4380 544 4424; x_wconf 88' lang='lat' dir='ltr'>natam</span> <span class='ocrx_word' id='word_1_480' title='bbox 575 4387 639 4424; x_wconf 86' lang='lat' dir='ltr'>esse.</span> <span class='ocrx_word' id='word_1_481' title='bbox 682 4372 766 4428; x_wconf 88' lang='lat' dir='ltr'>Paulo</span> <span class='ocrx_word' id='word_1_482' title='bbox 835 4380 860 4441; x_wconf 67' lang='grc' dir='ltr'>δ.</span> <span class='ocrx_word' id='word_1_483' title='bbox 879 4382 903 4430; x_wconf 90' lang='grc'>8.</span> <span class='ocrx_word' id='word_1_484' title='bbox 922 4394 979 4429; x_wconf 85' lang='lat' dir='ltr'>cam</span> <span class='ocrx_word' id='word_1_485' title='bbox 997 4379 1122 4431; x_wconf 81' lang='lat' dir='ltr'>transiret</span> <span class='ocrx_word' id='word_1_486' title='bbox 1140 4386 1229 4456; x_wconf 87' lang='lat' dir='ltr'>mare]</span> <span class='ocrx_word' id='word_1_487' title='bbox 1259 4389 1405 4445; x_wconf 69' lang='lat' dir='ltr'>Transisset</span> 
     </span>
    </p>
   </div>
   <div class='ocr_carea' id='block_1_6' title="bbox 0 0 1499 5176">
    <p class='ocr_par' dir='ltr' id='par_1_6' title="bbox 0 0 1499 5176">
     <span class='ocr_line' id='line_1_50' title="bbox 0 0 1499 5176; baseline 0 0"><span class='ocrx_word' id='word_1_488' title='bbox 0 0 1499 5176; x_wconf 95' lang='lat' dir='ltr'> </span> 
     </span>
    </p>
   </div>
  </div>
 </body>
</html>
