2926 5174
203 284 277 355 402
671 306 705 368 o.
733 306 861 359 aaran
885 307 971 360 narr

151 487 199 556 34
302 486 414 582 Igitur
427 486 636 561 Alexandro
662 489 750 563 fines
771 489 893 565 Indiae
918 493 1081 589 ingresso
1110 492 1285 590 gentium
1310 513 1457 567 suaruml

200 599 314 696 reguli
333 609 575 689 occurrerunt,
601 600 775 698 imperata
788 603 926 694 facturi,
951 604 1050 676 illum
1071 603 1232 674 tertium
1249 602 1336 678 Iove
1358 607 1430 702 geni·

199 720 277 780 tum
303 708 351 781 ad
376 710 472 808 ipsos
499 712 705 809 pervenisse
731 725 987 789 memorantes:
1022 714 1180 787 Patrem
1208 714 1374 789 Liberum
1393 729 1429 789 at

199 845 268 916 que
302 819 494 895 Herculem
537 824 632 895 fama
667 825 829 922 cognitos
863 851 955 916 esse,
998 827 1121 924 ipsum
1164 851 1293 898 coram
1330 827 1428 900 adesse

199 933 374 1030 cernique.
429 934 507 1007 Rex
533 936 685 1032 benigne
713 948 883 1036 exceptos
910 938 1009 1033 sequi
1034 937 1167 1028 iussit,
1195 936 1327 1010 iisdem
1349 940 1446 1012 itiner

198 1067 278 1115 rum
297 1044 445 1117 ducibus
467 1071 607 1119 usurus.
645 1044 813 1120 Ceterum
832 1074 912 1120 cum
933 1049 1085 1146 amplius
1103 1073 1218 1121 nemo
1241 1061 1427 1140 occurreret,

196 1153 499 1253 Hephaestionem
526 1169 563 1231 et
588 1158 776 1233 Perdicam
802 1186 883 1233 cum
909 1161 1092 1257 copiarum
1126 1172 1238 1259 parte
1270 1162 1426 1261 praemisit

197 1266 244 1339 ad
297 1268 529 1367 subigendos,
584 1271 644 1367 qui
701 1283 953 1345 aversarentur
1001 1272 1218 1369 imperium:
1280 1274 1425 1370 iussitque

197 1378 244 1451 ad
268 1380 401 1454 flumen
426 1380 556 1453 Indum
581 1383 793 1480 procedere,
826 1394 863 1456 et
888 1383 1029 1480 navigia
1053 1384 1197 1476 facere,
1232 1386 1312 1482 quis
1336 1386 1368 1457 in
1389 1385 1423 1456 ul·

196 1491 328 1565 teriora
358 1494 595 1591 transportari
626 1505 751 1591 posset
777 1495 964 1567 exercitus.
1024 1493 1100 1584 Illi,
1136 1496 1224 1593 quia
1256 1499 1357 1594 plura
1377 1495 1440 1568 lla-³

195 1603 292 1676 mina
318 1604 522 1701 superanda
548 1615 665 1696 erant,
693 1607 743 1678 sic
768 1607 918 1680 iunxere
943 1629 1072 1696 natea,
1107 1617 1153 1679 ut
1181 1608 1323 1680 solutae
1348 1608 1421 1705 plau·

195 1715 260 1788 tris
299 1716 382 1789 vehi
420 1727 587 1814 possent,
627 1737 821 1814 rursusque
860 1716 1035 1814 coniungi.
1096 1717 1193 1791 Post
1233 1745 1273 1791 se
1300 1717 1437 1792 Oratam

195 1851 277 1899 cum
303 1827 479 1927 phalange
505 1829 603 1902 iusso
630 1829 747 1925 sequi,
783 1830 981 1927 equitatum
1006 1853 1046 1898 aa
1074 1827 1200 1901 levem
1228 1841 1418 1903 armaturam

195 1939 331 2031 eduxit,
358 1966 500 2037 eosque,
528 1941 588 2038 qui
614 1951 853 2031 occurrerant,
879 1941 950 2013 levi
975 1938 1115 2037 proelio
1143 1940 1184 2012 in
1211 1942 1338 2015 urbem
1359 1966 1416 2039 pro

193 2050 328 2122 ximam
363 2053 543 2149 compulit.
600 2051 677 2124 lam
711 2061 969 2149 supervenerat
1000 2048 1187 2124 Craterus.
1243 2052 1362 2151 Itaque
1390 2062 1435 2122 ut⁵

192 2163 364 2260 principio
378 2170 565 2235 'terrorem
591 2165 766 2235 incuteret
787 2164 885 2260 genti
904 2161 1063 2235 nondum
1087 2187 1194 2235 arma
1207 2163 1416 2238 Macedonum

194 2284 382 2369 expertae,
422 2275 611 2372 praecipit,
651 2300 697 2348 ne
724 2275 780 2346 cui
805 2285 1028 2372 parceretur,
1067 2274 1309 2348 munimentis
1333 2273 1415 2359 urbis,

194 2409 300 2479 quam
326 2385 529 2478 obsidebat,
564 2387 728 2460 incensis.
782 2383 949 2459 Ceterum
980 2383 1066 2456 dum
1094 2386 1290 2484 obequitat-
1313 2383 1434 2458 moeni-l

193 2494 277 2585 bus,
305 2496 436 2592 sagitta
461 2497 552 2571 ictus
580 2508 644 2572 est.
699 2495 802 2595 Cepit
826 2506 948 2568 tamen
974 2495 1175 2592 oppidum,
1205 2509 1254 2589 et,
1280 2497 1414 2572 omnibus

191 2605 314 2679 incolis
341 2607 416 2680 eius
443 2609 647 2700 trucidatis,
675 2610 782 2682 etiam
807 2608 844 2680 in
870 2619 966 2681 tecta
992 2608 1176 2681 saevitum
1205 2621 1272 2683 est.

142 2718 188 2788 35
293 2717 382 2792 Inde
410 2718 545 2792 donata
571 2721 718 2818 ignobili
736 2729 854 2818 gente,
882 2718 929 2791 ad
941 2717 1078 2818 Nysam
1106 2720 1242 2793 urbem
1268 2717 1431 2820 pervenit?

189 2827 218 2900 F
220 2841 297 2903 orte
323 2831 449 2903 castris
477 2842 560 2904 ante
586 2833 664 2931 ipsa
685 2832 826 2904 moenia
852 2831 888 2902 in
914 2830 1068 2903 silvestri
1095 2833 1345 2930 locopositis,
1371 2853 1413 2901 na

98 2970 102 2976 ·
191 2956 357 3015 cturnum
383 2942 494 3040 frigus
510 2943 757 3018 vehementius
784 2968 891 3039 quam
918 2942 1003 3016 alias
1029 2942 1187 3017 horrore
1215 2968 1361 3044 corpora
1380 2938 1412 3011 al·

188 3055 287 3146 fecit,
320 3065 634 3153 opportunumque
661 3053 858 3127 remedium
884 3054 975 3151 ignis
1002 3054 1172 3128 ablatum
1198 3066 1266 3130 est.
1319 3049 1430 3128 tussi

190 3166 321 3264 quippe
348 3167 446 3239 silvis
472 3166 653 3240 flammam
680 3166 945 3256 excitaverunt,
973 3189 1078 3262 quae,
1107 3166 1187 3264 igni
1214 3170 1317 3258 alita,
1341 3159 1411 3261 appi·

225 3330 290 3401 Cap.
310 3340 357 3400 34,
386 3336 408 3401 §-
428 3339 450 3387 1.
476 3334 549 3400 fines
571 3335 676 3400 Indiae]
712 3332 793 3386 Bern.
829 3332 950 3385 omnibus
966 3349 1026 3384 mss.
1043 3338 1099 3383 tem
1121 3350 1154 3385 us
1173 3352 1303 3406 praesens
1321 3332 1410 3398 sitrot-

188 3399 215 3450 A
232 3399 302 3453 Flor.
319 3404 346 3455 A
363 3401 438 3454 Leid.
456 3402 534 3456 Voss.
554 3410 566 3455 1
576 3405 655 3470 finis.
827 3409 954 3454 rexerunt
984 3400 1022 3453 illi
1046 3398 1091 3475 qui
1113 3418 1158 3454 em
1190 3405 1357 3475 obequitabat.
1383 3392 1410 3448 cf·

223 3473 245 3534 ξ.
263 3475 287 3521 2.
314 3480 498 3523 aversarentur
512 3473 547 3523 im
566 3474 656 3538 ertum]
693 3471 793 3523 Adver-
827 3471 861 3522 ad
879 3485 925 3537 1v,
944 3476 991 3543 32,
1009 3475 1050 3523 30.
1096 3469 1155 3522 Sed
1175 3483 1215 3526 eet
1234 3474 1310 3526 abest
1326 3465 1410 3538 aplffl·

189 3547 311 3590 serentur
346 3539 417 3593 Flor.
451 3489 620 3593 Bnaslsffl
656 3538 736 3591 Bern.
768 3539 791 3591 B
827 3538 875 3590 mis
893 3546 921 3591 et
938 3537 1044 3608 optimis
1061 3536 1147 3606 libris,
1168 3541 1280 3595 videtur
1295 3548 1410 3594 tmana-

189 3604 300 3659 Voss.2
352 3616 448 3677 rpetua
465 3608 630 3674 confusione,
657 3609 720 3678 quia
738 3624 793 3659 aer·
827 3606 920 3660 cidisse
942 3607 1031 3678 potius
1059 3623 1142 3675 quam
1171 3627 1203 3662 su
1225 3610 1347 3679 plendum
1366 3614 1409 3659 eut

189 3625 407 3730 serenturssern.
417 3676 442 3727 A
458 3694 499 3746 pr.
509 3695 543 3730 m.
561 3679 631 3730 unde
646 3675 793 3746 explicatur
827 3685 855 3728 et
872 3684 947 3729 extat
964 3676 991 3728 in
1009 3674 1078 3728 Flor.
1099 3675 1180 3730 CEH
1199 3629 1283 3732 Rern.
1300 3678 1330 3732 B.

188 3741 353 3815 Flor.Aqui
362 3755 537 3798 versarentur.
556 3745 596 3799 cf.
607 3746 640 3798 ad
650 3759 701 3809 vn,
712 3752 737 3812 4,
748 3751 790 3798 29.
861 3743 927 3815 Cap.
937 3751 979 3808 35,
998 3746 1021 3812 ξ.
1032 3750 1054 3795 7.
1081 3755 1145 3798 ante
1164 3748 1228 3816 ipsa
1246 3744 1353 3814 moenia]
1366 3737 1408 3815 11⁰·c

220 3817 241 3877 §.
259 3820 283 3864 4.
310 3832 402 3884 eosque
420 3815 466 3884 qui
478 3817 656 3881 uocauerant]
694 3813 791 3865 Occur-
824 3814 907 3866 verba
923 3813 1013 3867 ordine
1023 3811 1196 3868 collocantur
1212 3815 1241 3869 in
1251 3814 1324 3870 codd.
1339 3815 1407 3865 nam

184 3890 243 3932 rent
260 3880 330 3936 Flor.
348 3885 374 3935 A
395 3882 470 3934 Leid.
487 3885 564 3935 Voss.
584 3890 596 3935 1
617 3882 689 3934 Bern
707 3882 732 3933 A
769 3900 790 3933 r.
826 3881 960 3949 omnibus,
996 3881 1060 3933 item
1091 3881 1237 3952 aliquanto
1266 3890 1325 3955 post
1351 3876 1406 3931 iiten

184 3965 227 4011 m.,
244 3961 407 4004 recurrerent
421 3950 526 4004 moal)
545 3961 713 4004 accurrerunt
755 3947 789 4015 G,
825 3959 900 4002 erant
911 3952 1005 4020 facta,
1024 3967 1072 4019 pro
1089 3950 1166 4022 vulg.
1178 3953 1263 4022 facta
1280 3958 1359 4015 mat,
1375 3942 1406 3995 l*

119 4044 127 4059 .
184 4029 352 4073 recurrerunt
370 4019 390 4072 Ι.
419 4019 473 4071 Sed
490 4027 607 4089 praestat
628 4016 790 4087 reliquorum
824 4017 906 4087 nique
924 4022 963 4072 ad
978 4019 1065 4072 urbem
1082 4021 1173 4089 ursos,
1205 4020 1278 4091 quod
1292 4018 1362 4088 vulgo
1377 4015 1405 4064 “i

187 4084 343 4154 scripturam
361 4087 518 4157 exprimere,
536 4104 598 4139 nam
616 4097 789 4154 accurrerent,
825 4089 898 4155 ipsos
916 4090 953 4141 ad
969 4089 1064 4140 artem.
1369 4151 1374 4164 .
1400 4145 1404 4155 ,

185 4154 358 4232 quodmalles
373 4157 484 4210 fortasse
497 4171 533 4208 ex
547 4154 651 4226 optimis
669 4153 787 4208 illiscor·
858 4159 882 4221 S.
901 4162 926 4209 8.
950 4172 1014 4235 qaae
1032 4155 1089 4235 igni
1114 4157 1195 4226 alita]
1235 4159 1348 4212 Flamma
1365 4163 1403 4231 ψ*

184 4236 277 4290 rigere,
297 4224 421 4294 quoniam
436 4225 469 4276 de
486 4243 539 4278 uno
553 4220 676 4278 conflictu
688 4222 787 4276 dictum
822 4225 888 4277 alita
905 4232 960 4277 non
976 4241 1070 4277 mruna
1086 4222 1213 4279 Fabrum
1230 4224 1348 4289 offendit,
1367 4226 1402 4271 1*

184 4296 236 4353 est,
255 4293 381 4346 sermonis
399 4294 471 4364 leges
489 4311 544 4346 non
562 4293 660 4345 ferunt.
822 4309 873 4373 que
891 4295 971 4363 liquis
985 4293 1049 4346 alita
1059 4294 1224 4349 emendavit.
1250 4295 1401 4349 Pomm

203 4359 243 4474 ἶ.
263 4366 285 4412 t.
305 4365 365 4414 dum
383 4363 512 4430 obequitat
529 4394 564 4402 --
581 4364 647 4414 ictus
665 4362 713 4430 est]
737 4359 787 4412 Fe·
822 4380 831 4413 t
850 4363 880 4413 ni
893 4364 967 4428 alito,
986 4369 1067 4431 atque
1084 4360 1124 4414 sic
1142 4361 1204 4485 ipise
1221 4352 1400 4416 edidumolie

184 4419 253 4475 fel't
281 4428 397 4483 editores
423 4429 555 4498 latinitas,
582 4448 643 4482 nam
669 4444 728 4480 cum
759 4428 787 4482 in
843 4431 876 4482 ed
901 4429 1007 4484 videtur
1032 4429 1082 4483 alia
1101 4448 1155 4502 exp
1177 4431 1248 4487 catio
1263 4431 1291 4485 in
1313 4436 1400 4484 aaut
