2926 5174
125 314 196 386 162
621 331 655 395 Q.
683 332 807 384 curru
831 332 916 385 eurr

122 514 212 584 Prope
235 513 328 566 urbem
350 528 446 582 agmen
468 510 493 564 ei
517 510 624 565 obviam
649 512 723 566 venit
747 512 910 567 Graecomm
933 510 1111 581 captivomm,
1134 507 1255 562 aPersis
1275 508 1340 562 foede

120 590 309 658 mutilatomm,
328 590 423 661 quibus
441 608 499 643 cum
516 605 565 641 rex
581 589 715 659 pollicitus
734 597 819 659 esset,
837 590 864 642 in
881 587 995 659 patriam
1012 587 1127 641 reditum
1144 603 1204 639 sese
1221 585 1342 656 expeditu·

121 685 192 735 rum,
221 669 280 736 (18)
303 667 342 720 illi
360 666 430 720 inter
447 683 476 718 se
501 666 696 736 deliberamnt,
721 665 786 738 quid
803 684 819 720 a
836 682 900 736 rege
917 666 1063 735 petendum
1079 663 1230 718 videretur:
1255 669 1282 714 et
1298 661 1342 714 aliis

122 743 230 815 quidem
247 743 275 796 in
291 743 357 798 Asia
374 744 578 812 remanendum,
606 746 664 814 (19)
683 743 742 797 aliis
767 741 974 813 quamprimum
991 741 1158 794 redeundum
1175 739 1203 793 in
1221 738 1343 794 Graeciam

122 820 300 889 censentibus,
318 820 382 875 vicit
398 819 590 875 remanentium
607 820 748 875 sententia.
774 821 812 874 Et
829 821 923 873 horum
942 818 1049 889 quidem
1065 819 1190 871 fortunae
1208 817 1344 870 Alexander

122 897 269 953 liberaliter
286 897 424 952 consuluit.
460 900 519 967 (20)
538 897 609 950 Tum
625 896 793 968 Persepolim
809 893 923 967 ingressi
940 897 1103 951 Macedones
1121 895 1194 949 iussu
1212 894 1280 964 regis
1297 893 1345 945 din-

122 984 238 1046 puemnt
254 993 285 1029 ac
301 983 444 1028 vastamnt.
470 973 530 1028 Illic
548 982 576 1027 et
592 974 752 1046 Persagadis
772 984 899 1046 quantum
914 972 1043 1045 pecuniae
1063 982 1171 1044 captum
1189 971 1224 1026 sit
1240 973 1344 1025 refertur.

122 1056 182 1121 (21)
203 1054 335 1106 Interiora
355 1051 474 1105 Persidis
495 1052 630 1123 feramque
655 1061 763 1123 gentem
785 1053 942 1106 Mardomm
967 1051 1044 1104 unius
1072 1052 1134 1109 fere,
1152 1049 1250 1104 mensis
1274 1049 1344 1120 spatio

122 1130 180 1201 ipse
206 1131 361 1184 Alexander
388 1127 490 1182 domuit
516 1128 620 1200 sibique
646 1147 742 1200 parere
768 1128 864 1200 coegit.
891 1130 975 1198 (Vere
997 1130 1063 1182 onai
1086 1147 1113 1184 o.
1141 1128 1205 1181 Otr.
1230 1137 1283 1180 not.
1299 1134 1344 1181 333.

124 1208 223 1277 Olymp.
248 1215 304 1272 112,
328 1211 363 1274 1.)
400 1209 459 1274 (22)
477 1206 646 1278 Persepolim
669 1224 803 1273 reversus,
831 1213 940 1260 auctore
959 1206 1064 1260 Thaide
1081 1204 1237 1272 meretrice,
1261 1203 1343 1273 regiam

120 1285 251 1353 incendit,
280 1286 340 1355 (23)
357 1285 470 1354 posthac
487 1303 541 1338 non
559 1284 729 1339 restitutam·
760 1284 827 1339 Sera
847 1282 1015 1354 poenitentia
1035 1292 1124 1337 motus
1141 1280 1263 1336 Mediam
1283 1279 1343 1351 petit,

120 1363 240 1417 Dareum
256 1370 452 1432 persecuturus.

191 1442 249 1510 (24)
267 1438 330 1506 eri,
348 1437 479 1510 longioris
497 1439 576 1509 fugae
595 1438 706 1493 consilio
724 1437 845 1506 abiecto,
867 1457 925 1494 cum
945 1436 978 1492 iis
997 1455 1062 1509 quas
1078 1436 1200 1493 babebat
1216 1434 1296 1506 copiis
1310 1434 1342 1487 de·

121 1525 224 1572 certare
242 1515 343 1584 statuit,
354 1524 382 1569 et
400 1514 521 1569 oratioue
540 1515 640 1584 habita,
654 1525 797 1588 postquam
815 1536 922 1571 suorum
939 1515 1066 1569 virtutem
1083 1516 1217 1585 fidemque
1237 1511 1340 1576 laudavit,

121 1596 180 1664 (25)
198 1610 246 1647 eos
264 1593 421 1646 adhortatur
438 1599 466 1644 ct
484 1601 550 1655 orat,
570 1602 599 1646 ut
616 1594 699 1646 semel
716 1612 775 1648 cum
792 1593 913 1647 mutabili
931 1592 1039 1647 fortuna
1055 1592 1215 1663 transigant.
1242 1593 1296 1662 (23)
1305 1589 1340 1643 Ge·

121 1681 240 1726 teromm
261 1687 397 1724 assensum
414 1670 563 1724 Artabazus
581 1669 721 1740 exprimit,
748 1671 796 1724 sed
818 1671 1008 1740 Nabarzanes,
1032 1670 1186 1741 Hyrcaniae
1204 1671 1340 1740 praefectus.

123 1747 235 1803 consilio
254 1756 315 1801 ante
334 1766 393 1802 cum
409 1747 505 1816 Besso,
524 1748 726 1802 Bactrianorum
743 1757 884 1818 praetore,
902 1746 984 1816 inito,
1004 1747 1131 1818 speciosis
1149 1746 1242 1801 verbis
1260 1745 1339 1808 suadet

120 1834 150 1879 ut
158 1824 199 1878 illi
215 1842 265 1896 per
282 1823 392 1895 aliquod
409 1832 513 1894 tempus
531 1826 635 1879 Dareus
653 1825 792 1897 imperium
809 1826 906 1879 tradat.
942 1828 1000 1894 (21)
1019 1825 1080 1878 Rex
1097 1824 1137 1878 ira
1156 1823 1265 1892 exarsit,
1282 1836 1339 1892 aegre

121 1904 156 1956 ab
174 1903 310 1957 Artabazo
328 1902 463 1973 mitigatus
481 1904 654 1957 tabernaculo
673 1920 701 1957 se
720 1902 834 1958 inclusit.
869 1902 1009 1957 Exercitus
1032 1903 1206 1973 perturbatus
1228 1901 1257 1954 in
1272 1906 1338 1971 partes

121 1978 256 2034 dividitur.
301 1981 361 2052 (28)
383 1981 482 2034 Bessus
506 1989 534 2034 et
557 1981 745 2049 Nabarzanes,
772 1982 899 2053 quoniam
923 1981 1013 2051 palam
1036 1979 1177 2035 consilium
1194 1977 1289 2050 exequi
1301 1992 1340 2028 non

118 2066 241 2128 possunt,
260 2058 324 2110 dolo
342 2077 422 2129 agere
440 2067 568 2126 statuunt,
584 2077 615 2112 ac
632 2060 691 2128 (23)
710 2057 831 2112 simulata
847 2056 1023 2130 poenitentia,
1034 2056 1165 2111 Artabazi
1183 2074 1266 2127 opera
1282 2053 1339 2108 etim

119 2154 179 2189 cum
196 2151 269 2205 rege,
287 2135 395 2190 homine
413 2135 534 2207 simplici,
552 2135 580 2189 in
598 2135 709 2206 gratiam
726 2138 847 2189 redeunt.
880 2138 939 2207 (30)
958 2135 1019 2199 Qua
1036 2136 1129 2188 fraude
1147 2133 1291 2200 intellecta,
1304 2129 1339 2183 Pu

119 2221 196 2279 tron,
225 2213 279 2265 dux
302 2211 465 2268 Graecomm
486 2215 720 2281 mercenariorum,
748 2232 839 2284 regem
859 2221 931 2282 orat,
957 2220 988 2266 ut
1011 2212 1130 2283 corporis
1158 2212 1199 2266 sui
1218 2208 1340 2270 custodiam

121 2286 231 2343 Graecis
240 2290 397 2360 committat,
417 2294 476 2362 (31)
494 2309 586 2345 remur
599 2292 713 2359 Dareus,
723 2291 769 2363 qui
785 2293 899 2344 humano
918 2289 1029 2344 consilio
1047 2289 1148 2344 servari
1165 2290 1295 2361 nequiret,
1307 2301 1340 2340 ne·

119 2375 166 2437 gat
189 2384 218 2419 se
236 2385 252 2420 a
268 2369 438 2438 popularibus
461 2369 514 2423 suis
538 2386 711 2422 recessumm.
747 2371 806 2439 (32)
824 2368 936 2435 Bessus,
960 2366 1012 2420 iam
1030 2375 1117 2421 certus
1135 2367 1243 2421 consilii
1260 2360 1341 2428 need,

118 2463 211 2517 regem
227 2453 318 2500 tamen
334 2448 429 2500 fallere
445 2446 544 2518 pergit,
562 2446 681 2518 quamvis
699 2465 792 2517 pamm
809 2446 899 2500 lateat.
937 2446 996 2515 (33)
1014 2445 1066 2498 Ille
1083 2443 1267 2511 nihilominus,
1284 2441 1343 2496 etim

117 2523 247 2578 Artabazi
265 2522 375 2578 oonsilio
395 2532 496 2595 spreto,
514 2523 566 2577 iam
582 2523 690 2579 relictus
708 2543 724 2578 a
741 2523 867 2580 custodiis
885 2521 953 2576 mori
969 2522 1085 2590 mavult,
1104 2540 1186 2593 quam
1203 2521 1302 2576 unicam
1314 2535 1344 2571 sa·

118 2600 181 2654 lutis
200 2600 269 2654 viam
286 2609 426 2671 temptare.
462 2603 520 2671 (34)
540 2602 610 2655 Tum
627 2620 687 2655 eum
704 2603 804 2656 Bessus
821 2598 1009 2670 Bactrianique
1026 2599 1156 2667 vinciunt,
1166 2617 1198 2654 ac
1216 2616 1300 2653 seeum
1313 2611 1344 2650 ce·

119 2678 168 2732 leri
187 2680 249 2750 fuga
267 2677 408 2749 abripiunt,
427 2678 600 2750 sequentibus
617 2679 717 2749 Persis,
737 2681 799 2733 dum
817 2676 913 2734 Graeci
931 2686 960 2731 et
975 2677 1126 2730 Artabazus
1141 2676 1304 2730 Parthienen
1316 2670 1345 2726 di·

118 2773 197 2809 verso
216 2754 311 2809 itinere
329 2764 433 2826 petunt.

188 2836 247 2905 (35)
265 2834 421 2888 Alexander
439 2833 522 2888 Tahis
546 2835 580 2886 de
602 2833 720 2904 periculo
738 2832 821 2888 Darei
843 2832 936 2887 nuntio
955 2838 1080 2902 accepto,
1105 2829 1234 2884 celeriter
1251 2824 1348 2901 inaequi-

118 2919 171 2980 tur,
191 2910 287 2965 deinde
304 2911 388 2979 audit,
405 2910 458 2964 iam
475 2920 580 2982 captum
598 2927 655 2966 esse
673 2911 754 2965 illum.
781 2914 840 2982 (36)
859 2910 926 2964 Aliis
944 2916 1024 2979 atque
1042 2905 1100 2960 aliis
1118 2902 1268 2980 transfugis
1284 2907 1348 2960 adre-

118 2988 267 3056 nientibus,
289 2989 411 3044 breviore
432 2989 528 3044 itinere
550 3009 609 3045 cum
631 2989 727 3060 exigua
749 3007 856 3043 suorum
875 3006 954 3040 manu
972 2986 1084 3040 Bessum
1110 2986 1271 3056 assequitur.
1303 2985 1348 3053 (31)

117 3068 213 3137 Itaque
231 3067 273 3122 hic
291 3087 349 3123 cum
367 3067 454 3138 sociis,
472 3085 566 3139 regem
582 3066 723 3138 captivum,
741 3073 883 3138 postquam
898 3080 1065 3134 permovere,
1078 3070 1109 3116 ut
1126 3079 1200 3134 equo
1219 3081 1305 3118 secum
1318 3059 1348 3113 fu·

117 3152 208 3215 geret,
226 3143 418 3214 nequiverunt,
443 3145 660 3199 convulneratum
678 3147 775 3214 (medio
797 3162 866 3198 onao
889 3161 914 3196 α.
936 3142 996 3195 Cbr.
1018 3149 1072 3193 aut.
1091 3145 1154 3208 330,
1174 3141 1264 3195 Attico
1280 3152 1350 3194 meast

118 3222 349 3289 Hecatomboeoae,
370 3224 469 3292 Olymp.
489 3229 548 3290 112,
567 3230 592 3278 3.
613 3224 743 3276 Arcboute
761 3223 958 3291 Aristophonte)
975 3217 1143 3288 relinquunt,
1162 3215 1223 3287 ipsi‘
1236 3219 1350 3272 civeram

120 3299 211 3368 fugam
231 3297 380 3351 intendunt.
415 3297 514 3352 Relicti
531 3316 547 3351 a
563 3298 647 3351 multo
665 3298 834 3368 paucioribus
851 3295 1045 3351 Macedonibus
1068 3301 1115 3347 aut
1132 3297 1294 3362 caeduntur,
1314 3298 1351 3345 aa

120 3374 267 3443 capiuntur.
303 3376 361 3444 (39)
379 3374 432 3428 Via
456 3375 598 3428 devertens
620 3392 687 3428 unus
705 3376 884 3432 Macedonum
905 3375 976 3428 forte
994 3371 1145 3428 vehiculum
1170 3372 1310 3445 conspicit,
1328 3367 1350 3423 in

120 3467 174 3521 quo
192 3451 296 3511 Dareus
315 3450 455 3506 semivivus
473 3453 524 3506 fuit
540 3459 554 3489 *
570 3453 584 3484 *
601 3453 625 3508 *.

70 3741 89 3812 1
223 3668 353 3813 Quae
393 3742 536 3815 interim
576 3741 688 3816 ductu
726 3741 944 3840 imperioque
987 3737 1192 3812 Alexandri
1235 3738 1292 3812 vel
1319 3732 1370 3805 inr

52 3852 54 3857 ’
118 3845 272 3945 Graecis,
299 3855 359 3927 vel
384 3853 512 3954 Illyriis
540 3879 581 3927 ac
608 3853 759 3927 Thracia
785 3862 1011 3951 gestarunt,
1039 3851 1068 3923 si
1095 3850 1172 3965 suis
1201 3867 1347 3947 quaeque

150 4052 251 4109 Liber
267 4070 296 4123 V,
316 4055 381 4125 Cap.
398 4064 422 4123 1,
441 4058 465 4123 §.
484 4048 519 4109 1.'
544 4058 622 4109 ductu
639 4057 719 4126 impe·
753 4057 893 4110 vcrbomm
911 4058 1118 4127 perscrutatores
1137 4051 1187 4122 qui
1205 4049 1280 4122 quasi
1290 4042 1346 4117 capl-

116 4124 206 4192 rioque
224 4126 386 4195 Alexandra]
422 4126 525 4178 Auctor
541 4124 627 4177 minus
643 4142 719 4178 aecu-
754 4125 807 4178 tale
832 4125 898 4178 illud
925 4121 1055 4192 flagitium
1084 4127 1195 4191 putent.
1245 4117 1344 4193 Videaqi

115 4199 174 4245 rate
199 4193 304 4247 locutus
336 4209 392 4246 esse
423 4193 480 4246 iure
511 4201 645 4254 censetur,
692 4193 719 4246 ui
753 4193 857 4247 Livium
866 4200 970 4261 v111,31
986 4198 1014 4244 et
1031 4197 1063 4245 33
1082 4188 1129 4243 ubi
1147 4187 1270 4260 magistri
1285 4200 1342 4255 οφ·

117 4263 220 4313 ductum
236 4261 383 4315 Alexandri
408 4262 489 4316 etiam
509 4261 584 4314 illum
601 4212 718 4342 appella·
752 4270 811 4315 tum
841 4261 916 4315 Fabii
938 4265 1016 4315 ductu
1043 4260 1225 4340 oreqriciieque
1247 4245 1342 4310 Romani

116 4327 193 4395 verit,
212 4347 271 4383 cum
288 4332 337 4383 sub
354 4330 409 4384 eius
427 4331 518 4402 procul
536 4332 652 4383 absentrs
672 4349 718 4382 au·
752 4330 844 4384 vicisse
853 4330 984 4395 dicuntur,
1003 4327 1049 4398 qui
1065 4338 1192 4381 vicerunt
1203 4325 1243 4380 illi
1255 4322 1342 4399 quidet!

77 4447 80 4453 .
117 4396 201 4466 spiciis
234 4398 285 4452 alio
307 4399 386 4467 duce,
412 4400 557 4470 Antipatro
584 4398 716 4466 nimirum,
753 4401 834 4453 ductu
851 4399 927 4463 illius,
945 4400 991 4452 sed
1003 4394 1125 4467 auspiciis
1133 4394 1280 4450 dictatoris.
1295 4387 1343 4444 Al!

116 4481 159 4518 res
181 4474 272 4536 gestae
294 4475 364 4520 sunt.
399 4467 453 4522 Sed
475 4467 551 4521 nimis
568 4485 640 4522 acres
658 4476 721 4522 sunt
754 4484 797 4522 res
815 4475 868 4537 est,
887 4467 932 4522 ubi
948 4484 990 4522 res
1007 4471 1098 4538 gestae
1114 4481 1173 4519 nou
1189 4460 1342 4536 comproben-
