2926 5174
487 311 536 361 nn
564 312 690 364 ansus
717 313 826 363 anax.
853 315 903 382 rv,
929 311 973 363 ro.
1304 300 1352 370 89

92 496 267 584 traditur,
309 495 471 568 cultores
503 495 578 568 eius
610 497 765 594 fatigati,
798 522 894 569 nova
926 506 964 569 et
995 507 1147 570 externa
1177 498 1355 573 domicilia

93 609 192 680 armis
214 605 377 678 sibimet
404 630 573 702 quaerere
600 607 830 703 cogebantur.
868 605 991 679 Multis
1018 633 1104 707 ergo
1131 610 1272 682 casibus
1292 609 1350 682 de·

92 719 221 806 firnata,
243 726 287 788 et
302 726 397 814 post
408 714 587 788 excidium
597 729 733 807 renata,
746 741 842 788 nunc
856 726 977 789 tamen
993 720 1102 818 longa
1113 746 1202 819 pace
1223 735 1354 796 cuncta

93 829 302 916 refovente,
350 828 420 900 sub
453 828 567 899 tutela
601 827 786 901 Romanae
825 829 1109 902 mansuetudinis
1149 834 1350 929 acquiescit

99 1006 105 1010 .
189 936 341 1011 Iisdem
374 938 487 1011 ferme
522 937 648 1010 diebus
674 937 784 1012 Darei
811 940 953 1012 litterae
978 940 1109 1014 allatae
1138 953 1239 1034 sunt,
1273 946 1400 1017 tan-21

95 1050 168 1124 dem
203 1059 250 1121 ut
285 1048 371 1145 regi
405 1048 568 1145 scriptae.
620 1047 789 1140 Petebat,
817 1050 869 1123 uti
895 1049 1005 1121 filiam
1032 1076 1150 1143 suam,
1178 1050 1350 1151 (Statirae

96 1170 164 1234 erat
196 1157 385 1256 nomem)
428 1160 561 1256 nuptiis
595 1158 805 1233 Alexander
845 1160 912 1231 sibi
956 1160 1183 1259 adiungeret:
1228 1165 1349 1237 dotem

98 1272 164 1344 lore
188 1295 348 1343 omnem
375 1268 560 1366 regionem
584 1271 679 1343 inter
696 1269 970 1368 Hellespontum
997 1279 1034 1342 et
1059 1269 1181 1370 Halyn
1207 1299 1350 1346 amnem

105 1383 212 1471 sitam,
248 1380 348 1452 inde
384 1376 570 1452 Orientem
610 1381 857 1477 spectantibus
897 1382 1002 1453 terris
1041 1393 1252 1456 contentum
1293 1385 1349 1481 (se

105 1491 190 1590 fore.)
226 1489 267 1564 Si
296 1491 404 1562 forte
431 1488 613 1563 dubitaret
638 1490 735 1587 quod
749 1491 938 1563 offerretur
957 1495 1136 1591 accipere:
1163 1520 1349 1593 nunquam

103 1603 150 1676 diu
179 1602 316 1676 eodem
353 1601 511 1697 vestigio
550 1611 647 1675 stare
680 1603 881 1690 fortunam,
923 1627 1134 1701 semperque
1174 1607 1348 1696 homines,

99 1724 419 1810 quantamcunque
445 1711 650 1784 felicitatem
675 1711 843 1802 habeant,
870 1711 1042 1785 invidiam
1068 1725 1189 1787 tamen
1216 1718 1349 1790 sentire

95 1825 267 1897 maiorem.
330 1820 468 1894 Vereri
494 1846 548 1911 se,
575 1848 621 1894 ne
648 1822 769 1894 avium
795 1820 920 1911 modo,
948 1849 1036 1919 quas
1063 1827 1237 1898 naturalis
1264 1829 1349 1904 levi-

91 1946 136 2008 tas
159 1945 295 2034 ageret
326 1932 381 2004 ad
411 1931 536 2022 sidera,
550 1933 648 2004 inani
674 1957 716 2004 ac
741 1933 868 2029 puerili
893 1934 1023 2005 mentis
1050 1934 1182 2006 affectu
1209 1938 1350 2010 efferre-

91 2058 145 2119 tur.
194 2045 307 2118 Nihil
347 2041 528 2114 difficilius
555 2067 651 2133 esse,
688 2068 796 2140 quam
827 2044 863 2114 in
895 2044 956 2115 illa
983 2053 1101 2117 aetate
1127 2056 1266 2118 tantam
1293 2074 1348 2120 ca·

90 2185 160 2257 pere
199 2160 422 2230 fortunam.
488 2150 622 2224 Multas
660 2177 699 2225 se
734 2154 852 2227 adhuc
887 2155 1053 2252 reliquias
1089 2155 1237 2248 habere,
1281 2185 1348 2232 nec

91 2296 214 2369 semper
243 2270 360 2341 inter
390 2264 574 2359 angustias
601 2288 710 2361 posse
736 2263 970 2362 deprehendi:
998 2266 1257 2339 transeundum
1271 2295 1350 2344 esse

91 2379 297 2466 Alexandro
331 2373 561 2470 Euphraten,
589 2373 794 2472 Tigrimque
820 2386 857 2448 et
883 2376 1051 2469 Araxen,
1078 2389 1115 2450 et
1140 2376 1350 2478 Hydaspen,

91 2634 142 2687 tam
156 2651 172 2687 a
186 2652 230 2704 pr.
251 2649 293 2684 m.
316 2628 418 2680 furerat
435 2623 463 2676 in
476 2624 547 2677 Flor.
556 2625 590 2677 A.
612 2628 712 2677 Verum
745 2645 774 2680 se
791 2647 824 2681 ae
842 2628 904 2697 (nisi
922 2631 995 2700 quod
1012 2633 1087 2683 Voss.
1107 2637 1121 2683 2
1140 2630 1221 2684 Bern.
1237 2631 1261 2683 B
1279 2632 1352 2686 Flor.

91 2704 135 2754 riae
153 2706 201 2772 pro
224 2699 309 2768 vulg.
342 2712 396 2748 seu
419 2710 473 2745 non
493 2693 577 2772 modo·
593 2693 712 2746 codicum
747 2695 800 2749 GH
828 2715 856 2750 se
887 2715 915 2750 se
941 2716 973 2750 ae
1004 2698 1133 2765 habent);
1167 2708 1225 2752 tum
1254 2703 1348 2754 mentis

92 2779 229 2825 nostrorum
260 2779 442 2828 consensus,
469 2762 516 2814 sed
541 2768 622 2813 etum
648 2761 712 2814 scri·
745 2768 854 2834 afferret
869 2765 950 2819 Bern.
969 2767 994 2819 A
1012 2784 1086 2836 apr.
1104 2784 1138 2818 m.
1157 2766 1227 2819 Flor.
1246 2769 1272 2819 A
1295 2769 1351 2820 sine

93 2839 164 2909 pteris
178 2857 241 2892 usus
260 2831 407 2908 postulat
424 2837 455 2881 nt
474 2829 610 2882 scribatur.
745 2835 827 2886 verbo
845 2836 950 2902 affecta,
969 2836 1040 2905 quod
1057 2834 1137 2886 etiam
1150 2851 1165 2886 a
1180 2834 1254 2887 Leid.
1276 2839 1350 2889 Voss.

122 2910 189 2975 §.tt
202 2925 280 2960 nane
292 2899 412 2968 tamen]
434 2899 550 2950 Tandem
558 2897 612 2968 legi
620 2897 710 2951 volue-
748 2908 760 2953 1
772 2909 801 2954 et
809 2902 895 2954 Medii
905 2902 997 2956 Calon.
1009 2904 1099 2955 abesse
1108 2902 1233 2969 traditur,
1245 2905 1352 2971 efferre

96 2983 149 3027 runt
161 2976 220 3028 olim
228 2967 420 3042 Bongarsius
434 2965 600 3032 acSebisius,
625 2983 711 3036 nuper
745 2971 789 3022 bat
811 2969 883 3022 Flor.
902 2970 944 3036 H,
964 2972 1099 3038 afferretur
1121 2970 1203 3024 Bern.
1223 2971 1255 3022 B.
1291 2971 1352 3025 Hoc

98 3040 189 3096 Hirtius
208 3052 236 3096 et
253 3034 446 3113 Niebuhrius'
466 3034 494 3086 in
511 3034 710 3087 commentatio·
744 3037 854 3107 probavi
877 3045 905 3089 et
928 3037 1034 3106 recepi,
1062 3036 1180 3106 quamvis
1198 3037 1351 3091 coniectura

101 3107 168 3162 nibus
181 3111 212 3163 de
228 3118 326 3164 aetate
351 3102 456 3158 Curtii.
743 3104 842 3157 veteris
858 3105 959 3158 librarii
976 3113 1069 3157 natum
1085 3104 1229 3171 videretur,
1249 3107 1295 3157 sed
1309 3108 1348 3158 fa-

133 3175 190 3248 Cap.
211 3185 258 3245 21,
284 3181 312 3246 §-
348 3183 375 3225 l.
417 3172 534 3223 Statirae
559 3188 656 3225 nomen
681 3172 710 3223 in
744 3174 793 3227 cile
810 3181 900 3226 tamen
917 3191 948 3227 ac
965 3190 1043 3243 saepe
1066 3172 1094 3226 in
1117 3171 1348 3226 terminationibus

104 3244 166 3298 codd.
185 3246 252 3300 var-ie
278 3246 471 3310 corruptum:
493 3240 573 3292 Bern.
596 3240 623 3292 A
646 3242 710 3294 stati
744 3243 886 3295 verborum
908 3242 1064 3295 adffibenda.
1100 3241 1220 3294 Eandem
1243 3241 1350 3295 Freins-

96 3311 356 3382 perardum
378 3309 455 3361 Stati
466 3319 591 3375 praeerat
608 3325 709 3375 nomen,
744 3310 844 3363 hemius
862 3312 1069 3382 excogitaverat,
1088 3327 1246 3381 quamquam
1264 3317 1351 3363 trans-

98 3379 151 3434 Dlt
164 3385 287 3455 Statrprre
310 3387 390 3442 erat,
411 3376 437 3428 E
457 3379 574 3444 Staptt'ae
592 3386 663 3443 erat,
684 3376 709 3430 G
743 3379 901 3450 positionem
938 3380 1125 3433 vocabulorum
1155 3396 1188 3430 ae
1215 3397 1243 3432 se
1266 3379 1350 3450 magis

98 3449 213 3520 Serranae,
233 3453 266 3506 H
282 3448 446 3515 Statrpere‚
464 3444 575 3497 Bernss
589 3447 708 3514 etatripe,
763 3448 875 3502 robavit
915 3452 1020 3519 Affecta
1043 3456 1132 3500 autem
1160 3447 1287 3500 excidisse
1321 3447 1349 3501 in

96 3519 131 3570 ted
144 3539 192 3592 quo
208 3523 283 3575 haec
303 3513 410 3571 omnia
427 3511 579 3581 pertineant
600 3513 710 3566 dubium
743 3467 817 3569 libris
835 3516 869 3569 ali
905 3517 950 3569 ain
968 3517 1056 3586 probis
1065 3523 1177 3587 propter
1185 3515 1349 3570 vicinitatem

96 3601 138 3640 aare
156 3609 209 3643 non
233 3593 353 3662 potest.
398 3581 468 3633 Mox
497 3584 558 3649 alyn
579 3581 661 3634 Bern.
683 3582 710 3634 A
744 3585 834 3637 similis
851 3601 898 3637 rer
917 3585 926 3637 i
942 3586 1056 3638 videtur.
1082 3585 1195 3638 Prorsus
1205 3584 1348 3672 ineptiunt

95 3650 148 3710 Flor.
163 3659 225 3725 AB,
246 3657 346 3710 halim
367 3650 393 3702 F
394 3648 445 3701 lor.
455 3647 500 3715 FI,
519 3651 582 3702 altra
599 3649 710 3702 Flor.H
745 3653 803 3706 Pal.
824 3661 835 3705 l
857 3652 919 3705 olim
937 3654 1046 3707 collatus
1064 3661 1092 3706 et
1109 3652 1180 3705 Flor.
1194 3652 1283 3705 DEM
1302 3652 1348 3722 qui

96 3719 156 3779 Rern.
172 3727 207 3794 B,
227 3727 296 3779 alin
317 3718 404 3773 Flor.
425 3715 458 3769 G.
745 3739 793 3791 pro
819 3721 906 3774 verbis
932 3726 970 3776 ad
995 3725 1084 3774 sidera
1108 3723 1185 3774 taoni
1202 3739 1234 3774 ac
1246 3723 1349 3789 puerili

121 3806 262 3849 aurearum
302 3792 353 3860 (se
379 3786 474 3855 fore)]
515 3788 605 3840 Verba
636 3787 711 3839 uncis
745 3792 838 3842 mentis
856 3792 952 3858 affecta
967 3791 1141 3843 haechabent
1155 3807 1185 3840 ea
1204 3806 1270 3857 quae
1283 3807 1348 3856 pos-

97 3854 174 3916 indnsa
201 3859 330 3916 Modius
362 3855 399 3906 de
424 3853 574 3906 coniectura
600 3855 710 3922 addidit,
745 3861 849 3910 sederat
883 3860 1006 3911 inanibus
1038 3876 1070 3911 aa
1091 3858 1241 3926 puerilibus
1268 3857 1348 3907 tinia-

97 3941 142 3982 nan
156 3933 257 3986 desunt
278 3929 313 3981 in
335 3919 467 3976 omnibus
485 3921 557 3974 libris
575 3930 603 3976 et
617 3940 711 3975 manu·
745 3928 847 3994 mentis,
868 3943 936 3995 quae
953 3934 1042 3979 tamen
1060 3923 1207 3977 nihilaliud
1223 3930 1285 3974 sunt
1298 3922 1348 3974 nisi

98 3996 179 4069 taiptis
196 4009 226 4054 et
253 4003 332 4050 ante
364 3990 445 4043 illum
461 3991 581 4043 excussis.
616 3991 711 4061 Neque
745 4012 843 4046 vanum
860 3995 1070 4064 experimentum
1088 3991 1137 4044 loci
1155 3989 1251 4042 omisso
1265 3991 1348 4042 verbo

99 4076 134 4132 ³3⁰
148 4069 176 4122 iis
194 4081 300 4122 carere
321 4076 381 4114 nos
400 4073 480 4126 posse
502 4075 607 4126 censeo;
630 4059 710 4112 immo
745 4066 841 4132 affecta
858 4063 976 4133 corrupti
993 4058 1158 4115 restituendi.

97 4133 213 4190 tedrhnile
233 4143 283 4189 est
305 4123 465 4184 omittendi
482 4127 712 4195 opportunitatem
779 4135 802 4199 §.
827 4138 852 4184 4.
895 4133 962 4183 inter
992 4129 1141 4198 anpastr'as]
1183 4125 1228 4178 Sic
1257 4144 1348 4180 omnes

99 4195 176 4258 ledere
192 4221 269 4278 quae
291 4199 462 4266 sequuntur
477 4196 502 4245 si
509 4199 591 4261 forta
744 4198 805 4252 libri
822 4218 896 4251 mss:
918 4200 999 4268 vulgo
1017 4195 1082 4249 editi
1099 4196 1127 4245 ia
1146 4197 1286 4261 anqustiis.

122 4271 140 4336 §-
153 4281 175 4327 3.
209 4271 311 4327 vereri
333 4280 369 4318 se
388 4262 583 4334 rae-efferretur]
619 4264 710 4333 Vulgo
778 4269 947 4336 Euphraten,
974 4266 1089 4334 Tiprr'm,
1116 4263 1234 4328 Araxen,
1247 4264 1348 4329 ⁴Hyda-

100 4341 210 4398 rutlun.
230 4358 271 4395 ae
293 4330 468 4390 ge-meatis
485 4332 579 4398 ‘nfecta
596 4336 709 4402 efferret,
744 4353 807 4404 spen
843 4335 934 4404 scripsi
967 4334 1035 4386 sicut
1069 4328 1230 4398 optimorum
1267 4329 1348 4382 libro-

102 4404 198 4464 Eldedd.
214 4403 380 4483 principes
401 4402 433 4447 et
450 4397 522 4449 codd·
540 4418 599 4454 mss.
619 4417 709 4453 omnes
743 4422 802 4456 rum
820 4422 880 4456 mss.
902 4405 967 4455 fides
984 4398 1110 4471 postulat.
1147 4396 1260 4450 Constat
1278 4397 1348 4452 enim
