2926 5174
191 285 265 355 504
657 299 691 361 o.
719 296 842 349 curru
867 294 952 347 sum

187 484 300 536 abducto
318 480 435 534 exercitu
455 479 512 531 fera
529 493 593 547 gens
610 476 788 530 obedientiam
806 482 923 528 exueret.
958 473 1042 527 Motis
1061 473 1126 527 inde
1144 473 1256 540 castris,
1279 482 1308 528 ut
1322 474 1408 528 militen

189 559 356 629 expeditione
373 555 474 610 recenti
491 555 587 607 fessum
605 553 738 619 reficeret,
757 552 830 605 lento
847 552 950 622 agmine
968 550 1140 621 Babylonem
1156 552 1328 621 procedebat.
1356 552 1410 605 lam-

188 652 239 706 que
256 635 301 687 vix
318 631 429 702 triginta
447 633 480 684 ab
498 632 564 684 urbe
582 629 671 683 stadiis
689 632 792 695 aberat,
811 646 869 682 cum
882 627 1020 691 Nearchus
1039 628 1169 694 occurrit,
1189 645 1269 698 quem
1286 644 1330 698 per
1345 628 1411 682 Oeca-

190 729 252 764 num
269 718 297 764 et
314 708 459 778 Euphratis
477 707 545 761 ostia
562 707 728 777 Babylonem
744 705 926 775 praemiserat:
950 706 1114 775 orabatque,
1143 721 1179 757 ne
1197 703 1305 758 fatalem
1324 705 1365 759 sibi
1378 725 1411 758 ur·

188 789 249 840 bem
258 786 340 838 vellet
348 784 459 853 ingredi.
490 783 660 853 Compertum
678 784 705 836 id
722 782 772 836 sibi
786 798 820 834 ex
830 781 976 847 Chaldaeis,
995 781 1042 851 qui
1052 782 1147 835 multis
1161 781 1216 834 iam
1229 782 1412 852 praedictionum

189 863 325 917 eventibus
343 861 406 914 artis
424 877 486 914 suae
504 861 689 914 certitudinem
706 860 811 913 abunde
829 858 1019 929 probavissent.
1056 859 1134 926 Rex,
1153 859 1227 911 fama
1244 876 1333 912 eorum
1348 858 1412 912 honi-

189 960 251 994 num
269 938 453 1008 constantique
471 937 666 991 asseveratione
688 945 790 1002 motus,
817 936 927 990 dimissis
952 935 980 988 in
997 937 1097 989 urbem·
1120 936 1271 990 amicorum
1295 935 1412 1007 plerisque,

189 1017 241 1069 alia
258 1015 300 1068 via
318 1023 424 1084 praeter
441 1013 606 1083 Babylonem
624 1013 713 1081 ducit,
742 1030 773 1067 ac
791 1013 908 1067 ducentis
925 1012 988 1064 inde
1015 1012 1108 1065 stadiis
1137 1013 1238 1066 stativa
1263 1012 1338 1066 locat
1371 1011 1412 1064 Sed

188 1094 222 1145 ab
250 1092 407 1146 Anaxarcho
433 1090 588 1161 philosopho
615 1091 737 1156 edoctus,
765 1089 919 1160 contemptis
947 1088 1146 1142 Chaldaeorum
1175 1089 1298 1157 monitis,
1324 1106 1414 1159 quorum

188 1165 353 1237 disciplinam
373 1166 477 1220 inanem
494 1174 540 1220 aut
561 1183 749 1237 supervacuam
766 1166 957 1231 arbitrabatur,
980 1166 1074 1218 urbem
1097 1165 1194 1220 intrat.
1230 1167 1378 1236 Legationes
1391 1181 1414 1217 eo

189 1262 223 1298 ex
239 1242 361 1296 universo
379 1243 459 1296 ferme
477 1244 541 1296 orbe
558 1245 749 1297 confluxerant.
786 1242 888 1306 Quibus
911 1259 959 1312 per
975 1241 1130 1312 complures
1155 1242 1213 1296 dies
1231 1243 1343 1297 studiose
1358 1241 1415 1296 audi-

188 1321 236 1387 tis,
259 1319 381 1388 deinceps
401 1321 435 1372 ad
453 1319 655 1389 Hephaestionis
672 1319 798 1388 exequias
820 1318 914 1372 adiecit
931 1317 1054 1371 animum.
1092 1317 1174 1383 Quae
1201 1338 1305 1374 summo
1321 1319 1415 1372 omnium

189 1397 275 1452 studio
293 1396 332 1448 ita
354 1395 500 1450 celebratae
527 1404 600 1462 sunt,
627 1404 658 1449 ut
683 1395 779 1448 nullius
799 1398 833 1449 ad
858 1396 885 1448 id
902 1402 1003 1464 tempus
1030 1399 1104 1464 regis
1132 1396 1230 1450 feralia
1256 1394 1415 1466 magnitudine

190 1481 343 1543 sumptuum
360 1481 557 1544 apparatusque
579 1473 731 1526 celebritate
748 1490 802 1526 non
819 1471 934 1526 vicerint.
968 1471 1036 1524 Post
1053 1472 1123 1525 haec
1141 1473 1243 1543 cupido
1261 1472 1360 1527 incessit
1372 1470 1415 1540 regi

189 1568 237 1621 per
253 1549 422 1618 Pallacopam
439 1566 543 1602 amnem
560 1551 594 1602 ad
619 1551 738 1602 Arabum
755 1549 868 1604 confinia
891 1548 1044 1617 navigandi3
1074 1565 1130 1618 quo
1149 1549 1272 1617 delatus,
1298 1549 1353 1602 urbi
1367 1565 1415 1600 con·

189 1628 293 1681 dendae
310 1627 447 1679 commoda
463 1626 525 1678 sede
542 1635 661 1696 reperta,
680 1625 843 1680 Graecorum
860 1632 944 1679 aetate
961 1633 1007 1677 aut
1024 1624 1188 1678 vulneribus
1206 1626 1349 1692 invalidos,
1365 1623 1415 1678 etsi

189 1704 235 1775 qui
252 1710 348 1772 sponte
364 1710 563 1766 remanserant,
580 1703 617 1756 ibi
636 1703 755 1757 collocat.
793 1702 894 1766 Quibus
912 1701 1098 1755 exsertantia
1116 1703 1263 1772 perfectis,
1290 1703 1339 1756 iam
1353 1701 1415 1755 hcm

189 1797 295 1834 securus
314 1778 461 1832 Chaldaeos
478 1778 619 1847 irridebat,
646 1781 718 1850 quod
734 1779 895 1848 Babylonem
913 1796 965 1831 non
986 1778 1126 1848 ingressus
1145 1787 1257 1833 tantum
1283 1787 1347 1834 esset
1361 1779 1415 1832 inco·

189 1857 279 1922 lumis‚
297 1872 388 1908 verum
406 1855 485 1908 ctiam
502 1856 662 1909 excessisset.
695 1855 838 1909 Enimvero
855 1854 994 1908 revertenti
1011 1871 1062 1924 per
1079 1854 1215 1925 paludes,
1235 1875 1303 1928 quas
1318 1856 1415 1926 Euphra·

189 1940 231 1987 tes
257 1933 286 1985 in
302 1932 470 2001 Pallacopam
493 1933 589 1985 effirsus
606 1932 699 1999 efficit,
727 1932 834 1985 foedum
852 1949 928 1986 omen
944 1931 1063 1985 oblatum
1090 1940 1142 1986 est.
1186 1933 1295 2005 Quippe
1311 1932 1368 1986 rami
1382 1933 1415 1984 de·

189 2027 268 2080 super
284 2009 465 2078 impendentes
484 2008 634 2062 detractum
652 2008 733 2079 capiti
750 2009 823 2078 regio
847 2008 965 2061 diadema
981 2007 1159 2078 proiecerunt
1182 2010 1212 2062 in
1230 2011 1334 2065 fluctus.
1365 2008 1415 2063 Cum

190 2087 284 2139 deinde
302 2085 353 2138 alia
370 2101 449 2156 super
466 2083 518 2136 alia
535 2086 685 2157 prodigiosa
702 2093 730 2138 et
746 2085 858 2138 minacia
875 2083 1070 2153 nuntiarentur,
1089 2087 1273 2156 procurandis
1290 2087 1320 2140 iis
1336 2085 1415 2140 Graeco

189 2163 265 2216 simul
281 2162 449 2231 barbaroque
467 2160 519 2213 ritu
538 2163 662 2216 continua
678 2179 753 2215 sacra
770 2162 841 2215 facta
858 2168 926 2214 sunt.
960 2160 1061 2231 Neque
1085 2170 1183 2217 tamen
1201 2163 1305 2235 expiari
1321 2171 1415 2235 praeter·

190 2258 269 2310 quam
290 2246 376 2292 morte
403 2237 472 2309 regis
497 2244 621 2306 potuere.
659 2239 713 2302 Qui
737 2256 797 2292 cum
814 2238 963 2291 Nearchum
986 2239 1140 2308 excepisset
1169 2241 1309 2310 convivio,
1333 2240 1415 2309 iamque

188 2315 305 2369 cubitum
321 2314 405 2368 iturus
422 2322 505 2379 esset,
532 2313 615 2367 Medii
633 2313 762 2367 Larissaei
778 2315 882 2368 obnixis
899 2314 1020 2384 precibus
1037 2316 1132 2383 dedit,
1160 2325 1194 2378 ut
1211 2320 1248 2372 ad
1271 2335 1329 2372 cum
1344 2316 1415 2372 cumb

189 2399 275 2444 satum
292 2391 402 2444 veniret.
438 2389 492 2444 Ubi
510 2398 650 2461 postquam
667 2398 727 2444 tota
744 2399 821 2445 nocte
837 2398 1018 2461 perpotasset,
1046 2392 1120 2444 male
1140 2394 1247 2448 habere
1265 2395 1355 2466 coepit.
1383 2398 1415 2446 Iu·

190 2483 345 2536 gravescens
364 2467 457 2519 deinde
475 2468 582 2520 morbus
601 2470 668 2522 adeo
685 2483 775 2520 omnes
796 2467 865 2522 vires
883 2468 952 2520 intra
969 2476 1079 2520 sextum
1098 2467 1175 2523 diem
1193 2472 1329 2540 exhausit,
1352 2479 1378 2524 ut
1391 2486 1415 2522 ue

189 2542 261 2595 vocis
279 2543 385 2612 quidem
401 2551 518 2614 potestas
536 2552 614 2598 esset.
639 2546 745 2598 Interea
761 2543 865 2609 milites,
883 2542 1060 2598 sollicitudine
1079 2545 1274 2619 desiderioque
1290 2548 1341 2601 eius
1352 2545 1414 2611 anxii,

190 2636 346 2689 quamquam
363 2619 556 2675 obtestantibus
573 2622 696 2685 ducibus,
715 2636 749 2673 ne
766 2620 943 2675 valetudinem
960 2620 1030 2690 regis
1050 2633 1218 2694 onerarent,
1243 2629 1414 2694 expresserunt

189 2694 265 2748 utin
283 2706 454 2768 conspectum
472 2696 526 2750 eius
544 2698 765 2768 admitterentur]

92 2825 94 2829 ’
142 2839 189 2908 14
292 2836 516 2912 Intuentibus
548 2840 713 2911 lacrimae
753 2837 901 2911 obortae
935 2837 1138 2934 praebuere
1177 2845 1334 2941 speciem
1360 2843 1443 2914 iamt

189 2974 262 3021 non
297 2974 433 3047 regem,
478 2949 541 3021 sed
575 2952 681 3023 funus
723 2949 798 3021 eius
833 2948 979 3021 visentis
1025 2951 1225 3026 exercitus.
1297 2952 1433 3027 Maeror!

189 3067 310 3131 tamen
345 3060 646 3133 circumstantium
680 3060 812 3132 lectum
854 3059 1047 3132 eminebat:
1098 3088 1194 3159 quos
1239 3078 1281 3138 ut
1320 3085 1414 3160 respe

189 3169 262 3258 xit,
297 3169 487 3261 Invenietis,
522 3171 650 3266 inquit,
694 3194 770 3242 caat
803 3173 981 3261 eaeeaserO,
1016 3171 1164 3270 depacta
1201 3177 1322 3251 talibas
1350 3172 1414 3249 airis

188 3281 320 3378 repeat?
385 3279 592 3354 Incredibile
642 3281 740 3353 dictu
788 3281 997 3378 audituque,
1045 3283 1084 3355 in
1130 3287 1267 3361 eodem
1312 3285 1432 3360 habitat

191 3391 364 3486 corporis,
398 3392 435 3462 in
470 3417 575 3487 quem
614 3417 653 3464 se
680 3402 946 3488 composuerat,
981 3417 1064 3465 cum
1091 3394 1323 3472 admissurus
1367 3393 1413 3466 mi·

188 3499 268 3571 lites
295 3511 399 3590 esset,
435 3500 601 3593 durasse,
636 3501 751 3575 donec
785 3513 910 3575 atoto
945 3504 1108 3577 exercitu
1144 3508 1240 3582 illud
1275 3509 1413 3582 ultimiuu

188 3610 428 3707 persalutatus
475 3623 549 3685 est:
602 3612 838 3710 dimissoque,
862 3615 986 3711 vulg0,
1035 3615 1141 3689 velut
1191 3621 1291 3693 omni
1336 3612 1413 3691 'viae

224 3851 288 3932 (Jap.
308 3859 349 3918 14,
368 3858 390 3920 §.
408 3860 433 3908 2.
468 3870 532 3925 quos
548 3864 577 3909 at
593 3858 717 3925 respexit]
745 3856 789 3911 Sic
823 3856 895 3926 vulg.
921 3873 938 3908 a
960 3865 1009 3909 toto
1036 3860 1157 3912 exeritu
1184 3863 1235 3916 illo
1262 3867 1301 3919 ad
1323 3863 1414 3917 ultim

188 3919 262 3973 Lerd.
279 3925 355 3976 Voss.
376 3931 388 3975 1
416 3922 495 3976 Bern.
513 3925 538 3977 A
555 3924 626 3977 Flor.
643 3926 669 3977 A
695 3933 723 3977 et
744 3942 788 3978 ve·
841 3927 997 3978 creatuturas
1015 3935 1054 3986 est
1072 3926 1208 3983 exhibent
1227 3933 1298 3986 illud
1313 3933 1413 3987 aaran

188 4006 245 4067 rum
261 3998 346 4067 puto,
378 3992 448 4060 quod
470 3991 632 4060 significatur
656 3992 788 4047 inclinatio
817 3943 894 4047 ham
911 3995 955 4046 illo
972 3993 1041 4045 male
1058 3995 1191 4064 abundat,
1211 4007 1256 4067 ct,
1275 3997 1414 4071 quamvittt

188 4065 280 4124 capitis
306 4059 340 4110 ad
365 4075 420 4111 rem
446 4060 558 4113 maxime
584 4062 787 4128 accommodata,
823 4065 937 4116 ultimum
963 4067 990 4113 et
1007 4065 1045 4114 ad
1070 4064 1196 4118 altimum
1222 4076 1301 4122 recte
1325 4067 1414 4126 duur,

189 4123 313 4201 quoniam
330 4126 503 4204 directoante
520 4128 590 4199 regis
603 4129 693 4187 oculos
710 4147 787 4198 prae·
822 4131 907 4184 multo
924 4138 1011 4184 tamen
1034 4130 1143 4184 mollius
1163 4141 1193 4186 et
1219 4138 1257 4188 ad
1275 4136 1415 4192 comniseu·

188 4192 306 4244 tenbant
314 4193 417 4247 milite.
443 4196 531 4266 Vulgo
548 4213 583 4250 ex
598 4197 703 4268 reliquis
713 4198 786 4251 codd.
822 4199 922 4252 tionem
947 4197 1033 4266 aptius
1060 4199 1131 4252 illud
1158 4204 1284 4258 damam
1301 4207 1328 4259 h.
1344 4205 1360 4258 l.
1380 4205 1415 4254 etl·

190 4273 252 4324 quoa
269 4269 297 4311 at
314 4278 361 4313 rea
379 4266 488 4330 aspecit.
821 4267 920 4320 Vertas
941 4264 1029 4318 Germ.
1057 4269 1156 4323 ronuta
1184 4285 1241 4339 gum
1268 4275 1348 4346 {eyter
1367 4267 1414 4329 Bal

192 4388 207 4401 ..
225 4327 247 4390 ἓ.
257 4334 281 4379 3.
291 4329 359 4405 illud
367 4333 483 4384 ultimam
514 4333 573 4387 Hoc
582 4349 645 4386 vero
654 4332 788 4402 praeclare
822 4335 877 4388 sive
902 4343 933 4387 ut
954 4333 1038 4386 nostri
1063 4334 1121 4388 fere
1156 4338 1289 4396 dicerent
1314 4358 1363 4399 aaa
1379 4348 1416 4408 31¹³

190 4389 268 4444 udern
289 4394 328 4446 rlh
349 4396 409 4449 libri
434 4407 462 4453 et
502 4401 550 4455 lor.
568 4400 615 4455 BC
642 4402 715 4471 quod
738 4419 787 4471 pro
823 4403 988 4474 [cytealllob
1009 4402 1118 4472 dequo
1137 4421 1192 4459 usu
1209 4405 1416 4478 pronominist'lt
