2984 5176
438 307 488 357 00
515 304 642 356 000010
668 306 779 358 anax.
805 308 857 376 rv,
880 306 924 360 ar.
1267 292 1314 364 at

63 494 291 566 occasionem
325 491 404 563 rati.
470 485 542 561 Sed
581 489 697 562 acrius
738 517 846 587 quam
880 496 1104 567 constantius
1140 497 1317 594 proelium

61 605 239 677 inierunt:
267 603 398 698 quippe
424 611 467 672 ut
492 598 730 673 Macedonum
755 604 858 701 signa
882 605 1075 703 circumagi
1100 606 1235 696 videre,
1263 632 1316 680 re·

62 726 174 814 pente
201 716 333 786 sistunt
358 711 522 809 gradum.
575 710 721 809 lamque
747 713 794 785 ad
819 739 941 813 regem
965 718 1217 813 proeliantium
1245 718 1314 790 cla·

62 852 145 900 mor
170 833 396 924 pervenerat,
424 848 506 895 curn
532 822 732 896 denuntiati
756 825 905 922 periculi
928 827 1025 900 haud
1052 855 1137 904 sane
1163 854 1313 918 memor,

62 938 213 1009 loricam
237 951 377 1024 tamen,
404 959 512 1029 quam
537 959 621 1006 raro
646 933 834 1025 induebat,
858 936 980 1010 amicis
1006 942 1190 1015 orantibus
1217 966 1313 1013 sum·

10 1066 42 1115 ts
64 1049 149 1146 psit,
162 1057 200 1120 et
214 1045 262 1118 ad
287 1046 404 1142 prima
431 1043 532 1139 signa
556 1046 731 1141 pervenit
772 1041 853 1132 Quo
878 1060 1069 1145 conspecto
1088 1051 1206 1125 Arabs
1234 1051 1308 1148 qui·

65 1158 153 1230 dam
167 1157 279 1229 Darei
303 1157 416 1243 miles,
443 1155 556 1227 maius
582 1156 729 1228 fortuna
755 1181 820 1227 sua
843 1156 980 1230 facinus
1007 1183 1125 1251 ausus,
1152 1160 1311 1258 gladium

65 1271 198 1366 clypeo
233 1277 376 1364 tegens,
421 1266 520 1361 quasi
561 1266 749 1363 transfuga
786 1267 938 1364 genibus
972 1269 1066 1366 regis
1098 1271 1312 1344 advolvitur.

10 1399 46 1446 1c
67 1377 135 1450 Ille
170 1404 355 1476 assurgere
389 1378 600 1475 supplicem,
636 1378 817 1474 recipique
851 1379 945 1450 inter
979 1404 1064 1452 suos
1098 1382 1211 1455 iussit.
1263 1382 1314 1455 At

69 1490 245 1562 barbarus
270 1489 388 1586 gladio
414 1499 558 1562 strenue
584 1489 622 1560 in
650 1487 817 1562 dextram
842 1491 1028 1580 translato,
1048 1494 1225 1567 cervicem
1251 1518 1312 1591 ap·

64 1602 160 1699 petit
190 1602 301 1697 regis:
335 1601 396 1696 qui
428 1599 559 1696 exigua
593 1601 752 1696 corporis
785 1601 1021 1676 declinatione
1057 1605 1193 1679 evitato
1225 1606 1309 1695 ictu,

59 1712 101 1782 in
134 1736 267 1783 vanum
299 1735 446 1782 manum
477 1711 621 1783 barbari
652 1712 790 1808 lapsam
816 1723 981 1810 amputat
1005 1713 1141 1810 gladio,
1174 1717 1309 1791 denun-

60 1824 155 1896 tiato
180 1824 217 1894 in
241 1824 341 1895 illum
368 1822 463 1895 diem
489 1823 658 1919 periculo,
670 1833 713 1894 ut
739 1824 982 1896 arbitrabatur
1007 1825 1094 1921 ipse,
1108 1825 1308 1903 defunctus

10 1957 37 2002 ‚r
59 1933 155 2025 Sed,
189 1946 231 2008 ut
257 1935 402 2031 opinor,
437 1934 642 2006 inevitabile
675 1944 732 2005 est
756 1935 881 2006 fatum.
936 1930 1078 2033 Quippe
1105 1936 1191 2008 dum
1217 1936 1311 2008 inter

58 2048 238 2144 primores
264 2046 466 2143 promptius
493 2043 648 2134 dimicat,
662 2046 791 2142 sagitta
816 2045 908 2118 ictus
936 2058 1008 2118 est:
1036 2070 1146 2143 quam
1170 2072 1236 2145 per
1261 2049 1311 2119 10-

56 2159 174 2229 ricam
200 2157 380 2245 adactam,
415 2164 571 2227 stantem
596 2155 634 2226 in
659 2156 809 2230 humero
835 2155 995 2231 medicus
1021 2156 1098 2233 eius
1123 2156 1309 2255 Philippus

10 2288 40 2336 re
60 2270 193 2342 evellit.
246 2267 425 2339 Plurimus
462 2266 590 2339 deinde
626 2269 772 2366 sanguis
806 2294 952 2344 manare
979 2268 1308 2369 coepit,01nnibus

58 2381 212 2470 territis,
240 2381 438 2478 quianon,
474 2404 581 2475 quam
607 2380 679 2452 alte
704 2390 930 2478 penetrasset
955 2381 1085 2471 telum,
1110 2380 1220 2453 lorica
1247 2381 1308 2454 ob·

60 2501 198 2580 stante,
232 2500 485 2588 cognoverant.
538 2488 636 2587 lpse,
668 2516 714 2563 ne
742 2491 813 2564 oris
840 2489 984 2587 quidem
1010 2493 1129 2563 colore
1155 2501 1306 2581 mutato,

13 2620 41 2670 n
60 2602 235 2699 supprimi
268 2602 478 2699 sanguinem
513 2611 550 2674 et
580 2601 712 2675 vulnus
753 2602 902 2699 obligari
942 2602 1054 2675 iussit.
1116 2601 1188 2675 Diu
1222 2613 1306 2676 ante

58 2714 139 2810 ipsa
165 2714 266 2810 signa
292 2714 351 2785 vel
378 2712 610 2802 dissimulato,
625 2715 682 2786 vel
698 2714 793 2785 victo
819 2712 943 2786 dolore
970 2715 1196 2812 perstiterat3
1225 2739 1307 2786 eum

59 2850 273 2921 suppressus
305 2826 412 2922 paulo
445 2835 529 2898 ante
556 2826 701 2922 sanguis
734 2823 1014 2914 medicamento,
1046 2852 1117 2922 quo
1145 2832 1307 2896 retentus

93 2994 117 3058 ς.
138 2998 178 3044 15.
212 2993 331 3060 91001000
354 2994 446 3061 clypea
468 3001 556 3059 tepens
575 3007 665 3043 omnes
701 2990 914 3060 quandoquidem
932 2991 1002 3044 haud
1023 2992 1103 3044 dubie
1125 2991 1205 3045 etiam
1222 2990 1306 3045 occidi

58 3058 121 3110 libri
130 3068 244 3126 veteres,
262 3060 343 3130 vulgo
353 3063 440 3129 clypeo
448 3061 568 3129 gladium
578 3070 665 3127 tepens
701 3058 818 3112 homines
846 3059 894 3111 teli
916 3059 970 3112 ictu
997 3059 1068 3112 soliti
1094 3068 1164 3113 sunt.
1208 3060 1306 3129 Itaque

59 3127 131 3179 Item
159 3134 236 3197 paulo
263 3137 323 3199 post
355 3140 383 3181 ot
416 3129 548 3181 barbaras
573 3129 666 3196 plodio
700 3127 811 3196 vulgata
836 3127 966 3197 scriptura
993 3129 1118 3181 damnata
1145 3128 1205 3181 dedi
1235 3129 1307 3199 qnod

59 3195 140 3265 longe
158 3197 253 3250 rectius
272 3216 350 3268 quarn
366 3199 440 3266 plari.
452 3197 533 3248 barb.
700 3196 827 3249 librorum
853 3196 968 3267 alioquin
994 3196 1237 3267 probatissimorum
1260 3216 1306 3248 au-

95 3268 118 3332 5.
139 3272 179 3317 18.
196 3269 258 3334 qnia
276 3285 328 3318 non
342 3284 420 3334 quam
430 3267 482 3318 alte
489 3264 663 3334 penetrasset]
700 3265 825 3318 ctoritate
848 3265 964 3319 fulcitur.
1000 3270 1032 3318 In
1053 3284 1106 3336 quo
1129 3266 1150 3318 si
1167 3269 1236 3319 torte
1254 3284 1306 3318 non

58 3333 170 3404 Optime
196 3334 233 3387 sic
254 3352 312 3387 cum
335 3334 410 3387 Leid.
434 3332 581 3386 Florentini
603 3333 662 3400 AB,
699 3334 775 3386 nimis
801 3333 882 3404 longo
904 3333 990 3405 spatio
1013 3336 1128 3387 avcrbo
1146 3335 1306 3405 diremptum

57 3421 74 3455 0
95 3421 149 3482 qua
171 3402 283 3456 lectione
308 3422 363 3456 non
386 3402 499 3456 multum
525 3401 664 3454 discedunt
698 3403 888 3472 reprehendas,
921 3402 1017 3456 similes
1040 3403 1104 3456 alios
1131 3403 1202 3456 locos
1226 3404 1306 3457 eolle-

57 3470 86 3523 hi
110 3490 137 3522 m
164 3471 260 3540 quibus
286 3490 419 3540 nunqnam
447 3502 481 3514 -
498 3480 662 3540 penetrasset
698 3481 755 3524 etos
773 3489 789 3524 0
807 3470 945 3525 Miitzellio
963 3472 1052 3524 confer
1070 3487 1111 3537 ιν,
1131 3479 1173 3541 62,
1193 3479 1238 3539 24;
1251 3488 1304 3535 vn,

57 3538 662 3608 (1110οΗ8000.Β)Μο0110001100000(1.
699 3547 742 3604 20,
760 3547 808 3607 243
827 3555 881 3606 vn,
900 3547 943 3606 28,
962 3547 1005 3593 at.
1039 3545 1108 3593 Item
1125 3556 1168 3604 111,
1187 3549 1219 3595 32
1239 3543 1306 3593 ntntt

55 3618 163 3662 secutus
186 3610 249 3676 qnia
275 3628 352 3677 qnam
374 3612 426 3662 otte
446 3618 664 3678 penetrasset-
698 3611 742 3662 itte
769 3619 906 3678 conspectu
933 3619 985 3662 tam
1011 3612 1129 3678 primum
1156 3628 1173 3662 0
1200 3629 1227 3662 se
1254 3611 1305 3662 visi

56 3694 110 3729 000
133 3687 304 3745 cognocerent
326 3676 423 3742 edidit,
450 3677 663 3729 emendationem
698 3680 862 3730 conterritus.

57 3763 133 3797 suam
146 3745 284 3797 venditans
318 3747 369 3798 uod
385 3764 436 3815 ego
449 3745 476 3798 in
493 3744 662 3798 sionnam
732 3763 764 3798 ne
790 3748 845 3798 oris
867 3748 970 3815 quidem
992 3764 1082 3800 omnes
1104 3746 1165 3800 libri
1191 3752 1304 3812 veteres,

56 3763 660 3883 100001.00100000100010000000010000Βο00.
697 3815 744 3866 sed
765 3814 846 3866 etiam
872 3814 935 3867 edit.
957 3834 1017 3885 pr.,
1045 3825 1076 3868 ut
1101 3813 1216 3867 nesciam
1234 3815 1305 3865 unde

57 3885 84 3935 A
94 3885 188 3935 Vossl
200 3883 223 3934 F
225 3883 292 3936 lorE
302 3901 318 3935 a
327 3902 366 3953 pr.
373 3902 406 3935 m.
413 3882 463 3936 dici
474 3883 575 3952 nequit,
585 3882 661 3952 quip-
696 3883 809 3936 Aldinus
826 3883 914 3936 editor
932 3884 1004 3953 quod
1018 3885 1112 3936 deinde
1126 3888 1304 3951 propagatum

56 3950 278 4022 peinquibussit
300 3953 343 4005 010
372 3971 430 4005 000
440 3955 493 4005 alte
499 3962 661 4019 penetrasset
696 3960 737 4003 est
754 3952 854 4022 ceperit
876 3970 922 4004 nee
945 3954 999 4004 oris
1019 3955 1135 4020 quidem,
1155 3948 1205 3999 nisi
1223 3947 1304 4001 fuerit

56 3971 351 4089 -copnnverant(l‘lor.
387 4019 661 4090 capnorerant)omis-
696 4019 723 4072 in
746 4020 834 4074 codice
859 4020 944 4090 qualis
966 4028 1008 4072 est
1027 4021 1101 4072 Voss.
1120 4016 1202 4079 alter,
1244 4031 1304 4068 uem

56 4107 87 4142 00
100 4107 161 4141 non.
180 4088 259 4152 Quod
269 4089 348 4158 vulgo
357 4089 516 4158 editur-qtae
530 4106 663 4154 nunqnam
697 4083 1239 4142 0001100010800100001100001100010001ιο
1273 4102 1302 4137 rc

56 4169 110 4211 tam
128 4160 182 4210 alte
194 4168 348 4227 penetrasse
365 4190 399 4198 —-
413 4167 585 4226 capnoeernnt
603 4175 662 4208 eum
697 4176 751 4210 nec.
787 4160 826 4211 At
844 4157 949 4210 Modius
968 4160 1127 4209 correxerat.

55 4245 111 4280 000
129 4226 231 4279 sitnisi
252 4226 279 4278 in
301 4225 503 4293 00011000,
527 4236 584 4278 tum
606 4225 663 4294 ipsa
731 4229 755 4294 ᾖ.
783 4235 822 4281 19.
863 4245 912 4296 quo
944 4233 1057 4277 retentus
1088 4229 1160 4284 erat,
1193 4239 1303 4274 manare

10 4354 15 4367 ,
54 4295 191 4349 sententia
208 4314 300 4365 parum
321 4296 527 4348 commendatur.
562 4293 662 4357 Quidni
696 4297 800 4364 1000100
818 4296 911 4364 coepit]
947 4290 1064 4345 Restitui
1086 4290 1211 4342 librorum
1229 4299 1303 4341 vete·

10 4384 19 4421 r
55 4362 129 4417 enim
149 4364 213 4416 alias
239 4363 322 4417 telum
354 4364 408 4416 alte
437 4363 464 4416 in
493 4381 588 4433 corpus
615 4379 663 4431 per
696 4381 756 4415 rum
773 4363 939 4433 scripturam,
958 4378 1037 4431 quam
1050 4358 1130 4429 primi
1143 4358 1234 4410 statim
1247 4357 1303 4410 edi·

10 4428 19 4479 l
54 4430 166 4487 loricam
183 4434 305 4486 adactum
318 4431 434 4485 viderint
447 4440 476 4485 et
488 4432 567 4486 altius
580 4430 664 4498 etiam
697 4440 768 4484 tores
795 4431 835 4483 ita
860 4437 1033 4485 correxerunt
1063 4437 1094 4481 ut
1121 4446 1171 4498 pro
1198 4428 1303 4496 1009100
