2926 5174
176 302 224 373 42
647 317 681 380 o.
710 315 835 368 suarm
860 316 946 367 aum

173 502 408 590 admonebat,
448 500 494 573 ab
534 500 590 572 his
624 499 791 597 gentibus
832 498 932 571 illata
970 494 1140 573 Graeciae
1182 496 1282 570 bella
1312 494 1408 572 Darei

173 615 283 712 prius,
310 609 439 684 deinde
464 607 597 684 Xerxis
623 609 822 699 insolentia,
847 633 978 705 aquam
1003 609 1099 706 ipsos
1126 618 1335 704 terramque
1359 635 1408 706 po

98 722 100 727 ’
174 722 369 796 scentium:
404 732 446 794 ut
476 744 592 816 neque
623 720 777 793 fontium
801 719 972 791 haustum
997 743 1064 791 nec
1090 718 1215 791 solitos
1245 717 1345 791 cibos
1368 744 1411 793 re·

173 834 376 930 linquerent
407 829 548 905 deditis.
600 830 659 904 Ab
692 830 748 903 his
781 829 916 926 templa
947 829 1058 902 ruinis
1094 838 1132 903 et
1162 827 1311 925 ignibus
1346 849 1433 905 essee

175 941 312 1032 deleta,
340 942 447 1015 urbes
475 965 598 1014 eorum
626 948 869 1039 expugnatas,
895 937 1041 1011 foedera
1067 937 1179 1012 divini
1205 939 1413 1038 humanique

174 1052 261 1125 iuris
288 1053 432 1144 violata,
458 1051 646 1125 referebat.
699 1050 839 1150 Illyrios
865 1075 954 1123 vero
980 1059 1017 1123 et
1043 1049 1214 1141 Thracas,
1241 1060 1350 1148 rapto
1373 1052 1413 1125 vi·

173 1188 260 1236 vere
287 1173 466 1253 assuetae,
506 1161 618 1233 aciem
649 1161 809 1234 hostium
841 1185 931 1233 auro
964 1185 1195 1258 purpuraque
1227 1160 1415 1258 fulgentem

176 1273 307 1347 intueri
331 1274 494 1363 iubebat,
518 1272 708 1370 praedam,
740 1296 815 1345 non
840 1296 941 1343 arma
965 1279 1178 1367 gestantem.
1236 1269 1360 1363 irent,
1387 1281 1447 1345 etn

174 1383 375 1459 imbellibus
401 1383 541 1457 feminis
568 1407 696 1455 aurum
727 1381 796 1454 viri
822 1382 1010 1479 eriperent.
1071 1380 1215 1478 Aspera
1249 1384 1416 1457 montium

175 1520 323 1568 suorum
347 1494 448 1590 iuga,
480 1491 667 1590 nudasque
700 1493 823 1583 calles,
859 1501 896 1564 et
927 1501 1102 1590 perpetuo
1136 1491 1301 1588 rigentes
1336 1495 1415 1593 gelu,

175 1603 309 1678 ditibus
334 1602 528 1695 Persarum
554 1603 688 1700 campis
715 1602 880 1700 agrisque
906 1612 1096 1675 mutarent.

125 1715 173 1787 26
279 1713 356 1788 Iam
381 1713 429 1786 ad
455 1714 517 1787 teli
542 1713 676 1786 iactum
702 1723 953 1811 pervenerant,
980 1738 1062 1785 curn
1072 1712 1272 1787 Persarum
1292 1716 1448 1813 equasu

175 1826 341 1900 ferociter
365 1825 403 1897 in
428 1826 573 1898 laevum
599 1851 712 1899 cornu
736 1823 895 1897 hostium
920 1823 1052 1897 invecti
1079 1834 1184 1898 sunt:
1212 1825 1415 1924 quippeDa-

174 1962 258 2010 reus
285 1937 442 2035 equestri
458 1937 593 2034 proelio
620 1935 813 2009 decernere
840 1935 1000 2032 optabat,
1024 1935 1244 2032 phalangem
1265 1935 1415 2011 Macedo·

177 2048 249 2120 nici
275 2049 453 2121 exercitus
487 2047 599 2120 robur
634 2071 712 2120 esse
744 2045 957 2118 coniectans.
1016 2044 1162 2140 Iamque
1196 2047 1311 2121 etiam
1344 2046 1415 2119 dex·

178 2174 277 2229 trum
309 2155 509 2232 Alexandri
547 2183 660 2230 cornu
699 2156 960 2229 circumibatur.
1027 2153 1134 2244 Quod
1172 2158 1240 2233 ubi
1280 2154 1435 2230 Macedot

180 2269 378 2364 conspexit,
405 2265 544 2338 duabus
559 2267 623 2340 alis
645 2267 805 2364 equitum
831 2265 878 2339 ad
904 2267 1027 2364 iugum
1052 2266 1185 2338 montis
1213 2267 1322 2340 iussis
1348 2265 1414 2339 sub·

180 2376 316 2467 sistere,
343 2386 481 2471 ceteros
507 2376 544 2448 in
569 2377 729 2450 medium
747 2377 832 2450 belli
854 2375 1042 2450 discrimen
1068 2385 1216 2450 strenue
1244 2378 1412 2451 transfert

180 2559 310 2629 scriptura
328 2559 492 2627 (insolentie)
517 2557 649 2612 diversum
665 2567 783 2627 notatim,
819 2559 934 2626 iectura,
961 2577 1022 2611 nam
1043 2556 1144 2612 codices
1162 2559 1275 2628 quidem
1293 2576 1377 2614 omnes
1392 2562 1413 2610 et

180 2629 228 2680 sed
253 2629 325 2698 quod
350 2627 385 2679 ad
411 2626 486 2679 illum
517 2627 624 2696 quidem
658 2628 714 2681 anti
733 2628 785 2681 uis·
819 2628 883 2680 edit.
901 2647 940 2697 pr.
959 2630 1134 2695 relinquerent
1161 2627 1224 2690 (vel
1243 2631 1413 2698 relinqueret).

180 2695 274 2749 simum
312 2695 410 2748 librum
439 2694 555 2762 attinet,
599 2697 690 2749 obstat
742 2696 785 2750 uic
820 2698 908 2749 dedito
919 2697 957 2748 eis
967 2698 1070 2775 templa.
1093 2694 1173 2758 Quod
1193 2713 1257 2749 cum
1276 2704 1414 2768 corruptum

180 2762 285 2817 silentio
311 2763 427 2816 eiusdem
453 2763 547 2817 codicis
574 2764 645 2818 facta
669 2765 703 2817 ab
724 2763 785 2818 Nic.
819 2780 876 2816 esse
901 2763 1091 2829 intellexisset,
1125 2762 1214 2816 Aldus
1242 2769 1412 2834 relinquerent.

180 2831 291 2885 Heinsio
317 2831 430 2886 collatio.
492 2831 571 2884 Bern.
597 2833 622 2885 B
649 2833 678 2885 in
696 2831 785 2885 eninm
819 2833 890 2886 Dein
909 2833 1086 2900 deumtempta
1104 2838 1166 2900 apte
1184 2833 1305 2902 quidem,
1324 2833 1365 2887 sed
1379 2846 1413 2884 re·

180 2916 306 2970 agnoscas
320 2900 395 3021 quod
412 2901 552 2953 insolenter
569 2898 657 2954 habet.
708 2900 785 2953 einde
818 2899 915 2953 motius
932 2917 949 2952 a
966 2900 1039 2952 codd.
1057 2898 1170 2952 lectione
1194 2902 1249 2954 scri
1270 2902 1317 2969 sit,
1341 2912 1412 2967 eaque

180 2984 271 3022 omnes
289 2986 319 3022 oo
339 2970 363 3036 d,
382 2986 479 3036 aquom
496 2970 568 3038 ipsos
579 2980 725 3039 terramque
735 2987 784 3038 po·
817 2968 927 3037 vulgata
944 2967 1022 3021 lentio
1048 2968 1118 3019 facta
1143 2974 1193 3020 est.
1266 2970 1335 3024 odius
1349 2964 1410 3037 qnod

180 3038 305 3090 scentiam
323 3045 429 3108 praeter
445 3037 517 3090 Flor.
531 3038 557 3090 A
574 3039 634 3091 etB
653 3047 681 3091 et
698 3037 784 3091 Modii
818 3037 871 3090 iam
888 3036 1026 3106 legebatur
1050 3035 1079 3087 in
1103 3035 1226 3104 margine
1244 3037 1362 3091 Iuniana
1375 3049 1410 3084 tt·

181 3104 424 3186 Siegebergensem,
451 3105 496 3176 qui
512 3105 574 3159 libri
591 3108 686 3176 ipsum,
713 3107 784 3176 quod
818 3107 973 3173 linquerent.
1010 3105 1099 3156 dedite
1126 3105 1183 3156 deis
1212 3110 1312 3176 tempto
1340 3101 1411 3167 dedit,

180 3173 242 3226 inde
255 3175 423 3228 andelino
432 3181 584 3228 constanter
593 3174 689 3240 editur,
708 3191 783 3244 prae-
817 3173 890 3296 quod
916 3180 985 3225 essct
1010 3189 1059 3243 pro
1085 3186 1116 3224 eo
1133 3172 1207 3250 quqd
1236 3184 1280 3228 est
1298 3174 1412 3228 dedicata.

180 3248 252 3294 stare
268 3241 400 3294 dicuntur.
432 3240 486 3294 Sed
504 3241 584 3294 etiam
600 3243 626 3294 h.
644 3243 662 3295 l.
680 3242 784 3294 Heinsii
845 3240 951 3310 quidem
968 3241 1001 3292 ub
1019 3242 1070 3306 liis,
1088 3247 1204 3292 oratorie
1222 3243 1349 3312 positum,
1365 3254 1413 3293 cum

181 3308 288 3362 collatio
304 3309 376 3362 Flor.
394 3309 421 3359 A
443 3326 503 3361 cum
528 3308 626 3377 nostris
652 3309 783 3378 excerptis
818 3308 939 3381 proximo
947 3308 1034 3378 priore
1043 3307 1170 3360 vocabulo
1179 3311 1411 3379 concrevisseputo.

181 3382 302 3444 pugnat,
328 3393 378 3429 nec
386 3392 509 3494 Bpeossum
534 3393 589 3428 non
610 3378 681 3445 ipsos
700 3376 784 3430 tutius
854 3378 938 3429 divini
955 3377 1110 3443 humanique
1127 3377 1217 3445 iuris]
1256 3378 1304 3432 Sic
1329 3377 1412 3430 dudum

182 3441 340 3494 existimare.
429 3445 515 3495 fertur
531 3443 609 3513 paulo
627 3444 734 3498 liberius
751 3446 785 3497 ad
819 3452 877 3498 erat
895 3444 1062 3497 scribendum
1079 3461 1127 3513 pro
1144 3443 1229 3514 milg,
1256 3447 1330 3516 quod
1353 3441 1412 3497 nulla

181 3525 362 3588 praegressam
381 3510 538 3577 Graeciam,
566 3519 594 3564 et
612 3509 728 3566 Graecae
745 3512 784 3565 di·
818 3513 947 3566 librorum
963 3530 1024 3565 mss.
1035 3510 1193 3565 auctoritate
1212 3513 1312 3568 nititur
1320 3509 1413 3567 tomani

182 3578 259 3630 cendi
276 3577 373 3630 rationi
391 3578 482 3629 αἰτεῖν
492 3595 572 3630 τινα
588 3576 665 3653 ὕδωρ
676 3586 723 3632 καὶ
730 3587 784 3660 γῆν
818 3581 952 3648 divinique
970 3582 1046 3633 iuris.
1077 3578 1176 3633 Merito
1194 3582 1269 3635 enim
1290 3582 1328 3635 dii
1343 3576 1412 3634 homi·

182 3645 239 3712 (ex.
262 3661 301 3713 gr.
330 3645 401 3698 sud
426 3645 583 3699 Aeschinem
610 3647 639 3699 in
665 3648 739 3703 Ctesi
757 3649 784 3702 h.
818 3648 895 3702 nibus
918 3648 1086 3713 antecedunt,
1110 3663 1160 3700 nec
1177 3649 1260 3704 aliter
1277 3651 1363 3704 solent
1377 3661 1412 3700 ve·

183 3715 207 3779 ὅ.
227 3719 274 3766 132
300 3713 341 3765 Be
380 3717 405 3779 .)
431 3715 580 3784 respondet.
615 3714 678 3769 Sine
704 3667 784 3770 dubio
817 3724 890 3770 teres
907 3716 1046 3786 scriptores
1063 3715 1183 3768 Romani.

182 3787 273 3832 autem
303 3781 465 3850 poscentium
500 3783 693 3837 restituendum
727 3793 783 3853 est,
854 3787 877 3862 ς.
897 3790 936 3836 10.
955 3787 1090 3851 nudusque
1108 3785 1198 3851 colles]
1229 3778 1411 3840 Siculosne

184 3847 441 3919 quippeinsolentiae
450 3849 532 3919 magis
541 3851 696 3904 conveniens
706 3870 785 3923 quam
817 3851 893 3906 Lerd.
910 3852 1012 3905 Vossl
1032 3852 1095 3904 edit.
1112 3850 1255 3920 Modiana3
1274 3871 1346 3922 vere,
1363 3866 1412 3904 nam

176 3919 388 3986 postulantium,
415 3918 486 3986 quod
509 3919 589 3988 vulgo
607 3920 695 3972 editur
711 3929 784 3990 post-
818 3918 975 3973 vocabulum
992 3920 1043 3973 hoc
1058 3936 1113 3972 non
1130 3920 1212 3971 semel
1231 3922 1335 3976 aLivio
1352 3921 1412 3974 femi·

182 4002 262 4055 quam
271 3985 356 4038 Aldus
374 3985 412 4038 sic
428 3984 492 4038 edit.
510 4005 549 4056 pr.
568 3986 723 4058 scripturam
732 4007 785 4067 po·
817 3988 881 4042 nino
908 4003 1006 4056 genere
1031 3986 1093 4057 poni
1119 3986 1210 4039 docuit
1235 3989 1371 4042 Drakenb.
1386 3982 1413 4037 td

177 4055 329 4121 putantium
363 4052 485 4106 oorrexit.
528 4054 619 4124 Atque
653 4054 785 4108 invemtur
818 4069 894 4119 xxm
911 4061 943 4106 14
960 4055 1044 4122 med,
1063 4062 1091 4106 et
1107 4055 1178 4123 apud
1196 4053 1326 4110 Curtium
1342 4057 1413 4127 ipsum

177 4123 341 4187 poscentium
363 4121 390 4173 in
413 4120 532 4174 omnibus
555 4140 615 4174 mss.
633 4123 683 4175 nisi
701 4123 722 4176 si
757 4124 785 4178 ui
818 4124 912 4177 eodem
935 4124 1014 4175 modo
1040 4121 1137 4191 legitur
1160 4136 1201 4188 1v,
1223 4129 1257 4176 55
1283 4133 1312 4178 et
1335 4126 1413 4191 v,1t‚

177 4197 325 4255 poscentes,
345 4189 416 4259 quod
434 4189 488 4241 adi
506 4207 549 4242 sos
566 4192 720 4258 referretur,
739 4141 785 4244 de-
818 4191 865 4244 ubi
881 4189 941 4242 vide
959 4198 1042 4244 notas.

182 4255 289 4321 derunt,
307 4255 377 4308 Flor.
396 4255 492 4309 EFG.
855 4260 952 4311 ditibus
970 4259 1115 4310 Persarum
1133 4260 1246 4326 campis]
1285 4259 1361 4314 Solet
1375 4257 1414 4309 hm

218 4325 241 4389 ξ.
261 4330 284 4376 9.
328 4326 502 4392 relinquerent
528 4326 632 4377 deditis.
677 4327 719 4378 Ab
743 4328 784 4380 liis
819 4324 1001 4381 contractione
1018 4326 1058 4378 uti
1073 4323 1180 4379 Curtius
1198 4325 1228 4378 in
1246 4343 1328 4379 sensu
1345 4331 1415 4380 men·

184 4392 329 4457 templu-
348 4394 442 4459 deletu]
475 4391 519 4445 Sic
537 4392 655 4445 dedimus
673 4394 706 4446 de
723 4411 784 4448 con·
819 4393 934 4466 phorico.
954 4391 999 4445 Sic
1012 4399 1076 4447 c.28
1095 4401 1183 4446 costra
1202 4397 1277 4448 omni
1295 4392 1416 4465 opulentia
