2984 5176
455 299 504 350 ns
532 298 659 350 snsrrs
685 299 795 351 snex.
821 301 872 368 rx,
888 296 929 347 1⁶.
1225 290 1301 362 447

61 483 224 556 amnium
249 494 373 558 coetus
399 483 583 557 maritimis
616 483 746 557 similes
777 483 907 557 fluctus
938 494 1077 574 movet3
1118 489 1300 585 multoque

59 621 106 668 ac
132 594 277 669 turbido
303 595 398 686 limo,
425 594 521 695 quod
547 620 720 691 aquarum
747 619 921 667 concursu
947 593 1097 669 subinde
1124 597 1300 689 turbatur,

10 727 41 776 ιο
59 707 142 798 iter,
170 732 240 803 qua
264 717 386 779 meant
411 707 563 805 navigia,
589 707 626 779 in
652 717 796 780 tenuem
819 708 962 780 alveum
984 706 1132 804 cogitur.
1174 707 1300 806 ltaque

60 844 146 892 oum
178 818 293 892 crebri
326 819 456 892 fluctus
484 844 523 892 se
547 818 773 910 inveherent,
808 829 845 892 et
876 816 1022 892 navium
1052 818 1135 891 hinc
1165 844 1301 916 proras,

58 930 146 1003 hinc
182 930 297 1003 latera
334 931 536 1029 pulsarent,
577 927 776 1003 subduccre
814 939 945 1003 nautae
979 931 1062 1004 vela
1096 941 1299 1027 coeperunt.

60 1039 136 1115 Sed
162 1042 358 1115 ministeria
384 1067 507 1115 eorum
532 1041 615 1113 hinc
641 1051 756 1131 coetu,
782 1041 865 1112 hinc
890 1039 1102 1139 praerapida
1120 1043 1301 1117 celeritate

10 1174 35 1219 ιι
58 1153 250 1227 fluminum
275 1165 504 1254 occupantur.
556 1151 598 1226 In
624 1151 734 1226 oculis
761 1152 919 1224 omnium
946 1152 1017 1225 duo
1043 1152 1179 1228 maiora
1203 1153 1300 1226 navi·

59 1405 114 1453 c.4
132 1405 162 1452 et
180 1404 195 1453 5
213 1405 319 1452 secutus
336 1405 384 1466 est,
407 1399 498 1451 eadem
515 1397 549 1451 de
565 1397 665 1468 impetu
699 1402 798 1448 terram
815 1404 842 1449 et
859 1396 957 1451 siecum
978 1396 1053 1450 littus
1071 1415 1174 1451 sursum
1191 1397 1300 1449 trahun-

58 1466 180 1522 Aeesiuis
189 1476 218 1522 et
227 1467 360 1538 Hydaspis
372 1466 561 1521 confluentium
578 1468 665 1537 prius·
698 1472 759 1532 tur,
786 1464 919 1519 reficiendi
944 1465 1098 1536 plerumque
1124 1483 1218 1531 causa,
1249 1465 1301 1518 hoc

58 1554 141 1606 quam
162 1553 222 1590 cum
243 1537 312 1590 lndo
334 1534 522 1603 miscerentur,
549 1537 665 1589 tradide-
698 1541 786 1586 tamen
804 1551 891 1604 neque
908 1542 1005 1587 nautae
1026 1535 1112 1589 faeere
1135 1542 1246 1605 possunt
1267 1534 1301 1585 de

57 1613 131 1658 runt.
167 1605 234 1658 Inde
256 1604 336 1658 etiam
361 1604 518 1675 Oxydracae
540 1612 568 1657 et
589 1605 665 1658 Malli
699 1601 819 1670 navibus,
837 1621 886 1658 nec
899 1602 1006 1657 omnino
1019 1603 1088 1656 ratio
1103 1612 1160 1656 erat
1178 1602 1300 1669 faciendi,

58 1673 93 1726 ab
128 1672 244 1728 Arriano
277 1673 347 1727 intra
376 1673 523 1743 Hydaspen
552 1673 664 1726 Acerina
699 1686 759 1723 cum
789 1671 930 1742 superandi
959 1679 1032 1725 certe
1061 1680 1148 1725 essent
1179 1671 1300 1724 vertices.

58 1749 168 1795 auctum
189 1750 219 1796 et
234 1741 376 1812 Hyarotim
397 1741 573 1808 collocantur,
597 1759 664 1822 quae
698 1739 892 1809 Nonxpossuns
909 1749 998 1794 autem
1014 1748 1073 1793 tuto
1092 1740 1223 1820 superari,
1250 1739 1301 1792 nisi

57 1817 155 1930 pentes
172 1812 314 1865 secundum
330 1811 478 1871 Diodorum
496 1817 524 1863 et
543 1810 663 1864 Curtium
698 1807 763 1860 velis
781 1809 939 1877 contractis,
964 1817 1011 1862 aut
1029 1809 1147 1862 deductis
1166 1808 1220 1861 sive
1238 1808 1301 1860 sub-

68 1897 84 1932 o
169 1873 253 1950 magis
285 1881 319 1934 ad
349 1879 489 1934 Meridiem
556 1887 663 1933 nuntur.
698 1875 792 1943 ductis,
812 1878 936 1947 quoniam
944 1879 1134 1931 subvertuntur
1147 1893 1227 1930 naves
1246 1894 1301 1930 non

57 1947 94 2001 Vi
114 1964 129 2000 e
147 1947 309 2002 Schmiederi
326 1956 417 2002 notam
434 1949 468 2002 sd
486 1897 555 2000 bl0
698 1953 760 2025 tam·
774 1946 909 2016 gurgitum
931 1947 1049 2017 ipsorum
1070 1945 1110 2013 vi,
1137 1964 1215 2017 quam
1237 1962 1300 1998 con-

92 2018 117 2084 §.
136 2025 161 2069 9.
196 2019 311 2071 uranium
332 2028 416 2070 coetus
436 2049 471 2056 —
492 2018 584 2086 movet]
620 2016 664 2070 Sie
696 2021 778 2066 trano
803 2014 904 2084 impetu
925 2023 953 2068 et
975 2023 1114 2068 ventorum
1134 2013 1199 2067 velis
1221 2013 1300 2067 colle-

57 2101 119 2138 mss.
132 2083 183 2139 nisi
199 2086 271 2155 quod
284 2085 312 2139 in
325 2086 414 2139 multis
429 2086 506 2140 solita
519 2085 664 2156 diphthon-
698 2090 800 2136 storum
818 2092 847 2137 et
863 2083 1005 2137 fluminum.
1040 2083 1135 2154 ltaque
1152 2086 1208 2136 uela
1224 2082 1300 2135 resti-

57 2170 155 2222 gorum
172 2154 324 2208 confusione
342 2166 411 2208 cetus
432 2154 539 2225 legitur.
573 2154 663 2207 Etiam
697 2151 804 2217 tuimus,
818 2170 880 2205 nam
889 2154 922 2206 de
931 2152 1064 2206 latinitate
1072 2151 1212 2206 locutionis
1222 2167 1298 2204 nemo

57 2222 119 2275 edd.
136 2231 242 2276 veteres
261 2234 346 2277 coetus
361 2223 497 2290 exhibent,
516 2241 575 2276 cum
584 2224 611 2276 in
620 2240 661 2276 re-
696 2228 769 2273 certe
787 2221 908 2274 dubitare
925 2230 1023 2292 potest,
1041 2239 1100 2274 cum
1114 2220 1149 2274 sit
1166 2219 1300 2290 scriptoris

59 2289 309 2346 certioribuseoitus
323 2291 479 2362 corrigatur.
506 2292 559 2346 Sed
573 2309 661 2345 exem·
696 2288 883 2358 elegantissimi
902 2291 1022 2344 debello
1039 2289 1116 2343 Alex.
1139 2289 1184 2342 ubi
1203 2287 1300 2358 legitur

58 2358 162 2430 plorum
179 2368 220 2413 est
238 2361 356 2430 abunde,
375 2378 442 2431 quae
459 2363 587 2482 probent,
606 2379 662 2414 coe·
696 2374 717 2410 c.
728 2364 760 2410 45
784 2361 899 2412 celeriter
923 2362 978 2413 vela
1002 2361 1126 2426 subduci,
1154 2360 1300 2428 dominique

59 2438 113 2480 trun
136 2426 189 2481 dici
212 2446 261 2500 pro
278 2445 323 2495 eo,
351 2431 421 2499 quod
443 2429 509 2500 peri
529 2447 562 2482 ue
583 2430 661 2483 hodie
695 2437 824 2480 antennas
841 2430 917 2482 iubet.

57 2494 143 2549 velint
165 2496 252 2551 dicere
273 2499 375 2551 coitum.
411 2498 455 2552 Sic
477 2448 659 2566 Gil1.x1v,1
729 2497 789 2549 line
807 2500 888 2566 coetu]
924 2497 1022 2551 Moneo
1038 2496 1066 2549 in
1084 2514 1144 2549 mss.
1159 2512 1215 2549 esse
1233 2505 1298 2562 cetu,

59 2565 203 2619 Stellarum
234 2576 319 2619 coetus
346 2577 370 2620 et
399 2569 575 2621 discessiones.
620 2567 660 2621 Cf.
695 2565 728 2617 ab
744 2564 888 2620 editoribus
901 2574 989 2619 autem
1002 2564 1192 2620 recentioribus
1210 2562 1299 2684 {Iunio

57 2632 139 2686 etism
158 2632 238 2688 Oonr.
248 2634 436 2688 Schneiderum
452 2635 480 2689 in
496 2636 580 2689 Elem.
589 2635 620 2688 L.
630 2635 661 2688 L.
695 2632 792 2703 primo)
817 2633 918 2687 editum
940 2651 998 2687 esse
1021 2645 1088 2687 melu
1109 2640 1202 2687 eontra
1229 2632 1300 2686 ibro-

57 2720 82 2771 p.
94 2707 127 2755 78
145 2710 174 2755 et
192 2719 271 2772 quem
286 2703 377 2757 laudat
390 2703 517 2757 Vinetum
534 2705 568 2758 ad
577 2704 662 2758 Auso·
696 2719 754 2754 rum
764 2702 958 2769 auctoritatem,
973 2703 1023 2755 nisi
1033 2703 1102 2755 forte
1111 2701 1176 2754 illud
1184 2701 1211 2753 in
1220 2702 1298 2754 Voss.

57 2770 130 2822 nium
138 2769 284 2841 Epignll,
300 2778 323 2824 1.
359 2771 483 2826 Ceterum
501 2783 599 2826 movent
616 2774 663 2825 ad·
699 2769 794 2829 1fuii‚
824 2771 857 2823 de
874 2771 945 2824 cuius
963 2770 1094 2840 scriptura
1111 2768 1176 2823 nihil
1195 2768 1299 2821 disertis

56 2839 109 2892 bue
117 2838 246 2892 editiones
255 2857 364 2894 numero
397 2840 483 2909 luruli,
499 2851 594 2895 contra
602 2860 662 2894 mss.
696 2838 782 2891 verbis
800 2837 983 2909 Snakenburg.
1001 2838 1112 2892 notavit.
1147 2838 1210 2890 Non
1232 2846 1298 2916 puto

109 2925 145 2961 ua
167 2918 254 2962 meuul
277 2859 397 2980 ansigisi
432 2910 476 2963 Sic
498 2910 578 2980 vulgo
601 2910 663 2962 inde
696 2916 764 2959 metu
780 2906 844 2958 ferri
861 2924 952 2978 posse,
979 2926 1040 2960 nam
1059 2907 1134 2959 deest
1156 2905 1298 2974 genitivus,

56 2993 73 3028 a
122 2975 195 3044 odio,
214 2977 261 3030 sed
278 2995 338 3031 mss.
356 2988 430 3031 ment.
465 2979 503 3031 Et
516 2979 587 3032 Flor.
606 2978 662 3048 qui-
697 2974 769 3027 euius
784 2983 868 3028 metus
883 2976 973 3043 fuerit,
987 2992 1038 3028 nec
1052 2985 1212 3043 occupantur
1225 2982 1298 3025 metu

50 3045 118 3096 dem
127 3043 177 3097 AB
188 3057 316 3115 quameat
329 3048 445 3116 naupli,
463 3046 543 3100 Bern.
554 3046 661 3100 ALeid.
697 3042 815 3110 consilia,
834 3044 881 3096 sed
899 3044 1085 3115 impediuntur,
1107 3042 1153 3095 ubi
1171 3041 1236 3095 nihil
1254 3059 1298 3095 eo-

54 3113 164 3166 Voss.l
184 3112 248 3167 edit.
266 3131 307 3184 pr.
325 3133 377 3186 qua
394 3125 463 3169 meat
479 3117 603 3186 nauigiis,
621 3133 663 3169 re-
696 3129 756 3164 rum
773 3112 829 3182 agis
847 3129 914 3183 quae
928 3131 995 3184 opus
1010 3112 1071 3165 sint.
1097 3112 1217 3164 Verbum
1226 3121 1299 3164 coetu

54 3179 124 3251 liqui
142 3181 213 3235 Flor.
232 3189 260 3235 et
277 3183 390 3236 BernB
407 3184 508 3238 Voss2
528 3202 577 3254 quo
595 3193 663 3237 meat
696 3180 773 3233 facile
795 3181 962 3252 coniungitur
988 3199 1048 3235 cum
1064 3181 1220 3250 fluminum,
1250 3179 1299 3232 sed

54 3251 181 3319 nauigiis.
205 3250 301 3320 Itaque
315 3251 400 3305 Aldus
418 3270 469 3322 quo
487 3264 573 3306 meaut
590 3256 663 3306 navi·
697 3248 900 3319 explicationem
908 3251 1017 3304 haerere
1025 3251 1120 3316 fateor,
1137 3266 1188 3319 qua
1197 3247 1299 3302 ratione

53 3318 119 3439 gis,
138 3317 230 3371 Iunius
239 3331 385 3390 quumuuet
398 3324 512 3390 nauigiis
527 3322 663 3375 dederant.
698 3319 731 3371 ab
745 3336 797 3371 una
814 3327 891 3389 parte
905 3331 999 3386 coetus,
1019 3320 1052 3372 ab
1067 3318 1151 3371 altera
1165 3319 1298 3385 rapiditas

85 3385 240 3466 einsiusquc
249 3391 468 3470 meaturucvipiis
474 3389 551 3444 scribi
563 3389 663 3470 maluit.
695 3388 832 3469 fluminum
846 3387 897 3441 diei
909 3389 998 3469 possit·
1005 3403 1145 3466 occupasse
1159 3394 1299 3439 nautarum

55 3455 194 3576 astilit
211 3455 665 3598 sttrt‘tttdttttt
698 3457 947 3595 wilibaldi
963 3455 1299 3595 bullitum

56 3593 135 3672 limo)
154 3592 277 3660 sustulit,
288 3595 387 3665 iterque
404 3595 515 3666 scripsit,
553 3614 586 3649 ua
604 3612 664 3648 cor·
697 3593 810 3646 Interim
827 3594 928 3648 restitui
947 3596 1019 3676 quod
1036 3593 1064 3647 in
1081 3592 1155 3647 libris
1173 3610 1236 3645 mss.
1249 3600 1297 3646 est.

55 3669 178 3714 rectione
194 3661 258 3731 quid
270 3662 384 3716 voluerit
395 3663 496 3733 ignoro.
546 3683 581 3735 go
595 3667 666 3733 quod
749 3670 811 3715 .1r.
845 3665 880 3716 In
897 3666 980 3717 oculis
998 3665 1109 3716 omnium
1127 3663 1178 3714 duo
1196 3662 1298 3713 maiora

55 3746 108 3800 pro
126 3731 190 3798 quic
211 3729 328 3800 positum
346 3731 399 3786 suri
419 3732 455 3796 io,
479 3730 663 3803 adiectumque
698 3732 818 3802 nauigia]
855 3732 966 3785 Secutus
984 3749 1041 3785 sum
1057 3728 1170 3784 Acidalii
1192 3737 1298 3781 senten·

55 3805 127 3868 puto
143 3804 176 3850 ut
193 3814 240 3852 eur
257 3801 375 3854 turbidus
412 3800 496 3855 ‘catur
512 3801 599 3870 limus,
617 3818 663 3854 ex·
697 3799 771 3863 tiam,
789 3817 882 3853 vocem
896 3803 1007 3854 omnium
1024 3806 1087 3870 post
1105 3800 1134 3850 iu
1154 3799 1234 3850 oeulis
1252 3814 1299 3866 po-

55 3864 181 3936 plieetur.
698 3869 812 3920 nendum
828 3885 898 3935 esse,
926 3886 981 3922 non
1003 3868 1071 3922 sicut
1092 3866 1177 3918 adhue
1199 3864 1299 3917 editum

94 3936 119 4003 5.
139 3940 179 3988 10.
213 3937 355 3990 subducere
376 3948 472 3991 naulae
497 3940 553 3991 vela
576 3956 663 4008 coepe·
699 3943 741 3988 est
758 3944 821 4007 post
838 3939 948 3990 maiora.
983 3936 1054 3988 Nam
1068 3937 1169 3987 maiora
1185 3935 1298 3986 omnium

55 4003 134 4072 runt]
170 4001 291 4057 Medium
313 4008 369 4059 vela
391 4006 557 4060 omittentem
573 4023 664 4060 recen·
699 4007 821 4074 occipio,
856 4004 1036 4076 comparativo
1061 4021 1111 4073 pro
1138 4000 1298 4072 superlativo

56 4069 142 4124 tiores
159 4070 277 4125 editores
295 4073 379 4127 secuti
396 4082 471 4143 sunt,
495 4075 665 4144 suffraganti·
698 4073 800 4142 posito,
827 4091 905 4128 nemo
928 4073 991 4126 mihi
1012 4070 1182 4153 persuadebit
1199 4089 1214 4123 a
1233 4088 1298 4140 quo·

56 4140 111 4193 bus
128 4139 219 4210 paucis
236 4140 378 4210 oodierbus,
396 4143 467 4197 Flor.
485 4145 591 4212 quidem
601 4142 665 4195 DFI
699 4159 777 4212 quam
794 4144 879 4195 bonae
896 4142 1032 4196 latinitatis
1047 4150 1155 4194 auctore
1169 4139 1235 4207 dici3
1254 4138 1297 4206 (of.

57 4215 90 4260 et
105 4209 178 4279 quod
195 4207 284 4276 miror,
312 4227 360 4265 nee
377 4212 454 4265 facile
471 4213 550 4266 credo
567 4211 595 4264 in
613 4212 665 4264 dis·
699 4227 730 4262 ea
747 4212 780 4263 de
798 4227 827 4262 re
843 4211 963 4264 Freinsh.
981 4210 1093 4264 indicem
1111 4227 1131 4261 s.
1140 4226 1165 4287 y.
1174 4211 1296 4278 magnus)

56 4292 139 4330 sensu
150 4276 313 4347 reliquorum
324 4279 440 4333 eiusdem
450 4280 573 4347 familiae,
584 4280 664 4333 Bern.
699 4287 791 4333 contra
813 4282 840 4331 in
862 4282 944 4334 oculis
965 4279 1071 4333 videtur
1087 4277 1234 4347 genitivum
1251 4277 1298 4329 ad-

58 4345 93 4399 A.
115 4340 215 4416 Neque
224 4355 299 4400 recte
308 4347 382 4401 illum
391 4348 483 4404 fecisse
492 4366 594 4416 censeo,
604 4367 665 4402 nam
699 4347 784 4401 ditum
808 4349 951 4418 postulare.
986 4348 1019 4400 In
1045 4365 1106 4400 mss.
1133 4354 1180 4399 aut
1205 4347 1298 4400 eodem
1332 4352 1335 4365 ’

56 4414 179 4487 quamvis
196 4416 304 4470 subduci
319 4435 399 4471 neves
417 4417 546 4487 dicantur,
565 4436 624 4473 cum
637 4417 664 4470 in
698 4417 791 4470 ordine
808 4420 891 4472 verba
907 4417 1077 4483 collocantur,
1095 4432 1148 4488 quo
1161 4415 1189 4470 in
1206 4415 1298 4488 vulga-
