2926 5174
400 323 449 374 nn
477 322 603 374 cnsrrs
629 322 739 378 anax.
766 327 803 393 a,
820 321 861 370 n.
907 372 910 379 ,
1203 312 1274 381 501

44 508 176 582 rabiem
201 507 254 579 ira
278 517 501 605 pervenerat.
554 504 678 603 Itaque
704 531 828 579 rursus
856 506 954 606 (nam
987 534 1179 607 parumper
1206 487 1280 608 qui·¹

44 620 108 692 bus
133 619 347 716 imperatum
374 628 451 691 erat
477 617 755 714 dubitaverant)
791 620 902 716 mergi
927 621 963 691 in
991 645 1146 710 amnem,
1187 623 1278 696 sicut

15 730 151 803 svincti
177 740 288 820 erant,
321 729 449 801 iussit.¹
487 727 540 802 Ne
566 729 634 801 hoc
661 729 804 826 quidem
831 731 1041 828 supplicium
1068 731 1278 805 seditionem

40 842 191 914 militum
216 842 337 912 movit.
390 838 552 937 Namque
574 840 755 937 copiarum
773 840 882 914 duces
909 851 1017 938 atque
1043 841 1175 915 amicos
1202 845 1278 918 eius

40 952 211 1049 manipuli
237 949 370 1023 adeunt
396 961 578 1047 petenteS,
613 961 655 1023 ut
682 952 711 1023 si
738 977 827 1048 quos
855 951 972 1023 adhuc
1006 951 1155 1049 pristina
1181 980 1279 1030 noxa

38 1063 213 1136 iudicaret
239 1085 315 1134 esse
343 1071 539 1153 contactae,
566 1062 706 1136 iuberet
731 1062 891 1152 interfici,
920 1063 1048 1136 offerre
1070 1089 1109 1136 se
1128 1090 1279 1163 corpora

39 1176 121 1264 irae,
150 1170 345 1258 trucidaret
370 1172 393 1215 *
419 1174 442 1217 *
467 1174 490 1217 *

106 1313 245 1385 [Tandem
266 1329 330 1382 prae
351 1312 444 1367 dolore
465 1313 511 1366 vix
533 1313 629 1366 mentis
653 1320 788 1384 compotes
808 1313 923 1366 universi
941 1321 1100 1368 concurrunt
1117 1317 1152 1368 ad
1168 1316 1277 1386 regiam,

39 1391 170 1462 armisque
188 1397 251 1443 ante
268 1389 336 1442 fores
353 1389 494 1460 proiectis,
519 1389 629 1443 tunicati
647 1397 777 1456 astantes,
795 1389 866 1442 nuda
883 1399 911 1443 et
928 1390 1043 1444 obnoxia
1059 1392 1150 1460 poenis
1167 1411 1278 1464 corpora

38 1465 139 1522 admitti
158 1466 254 1518 flentes
271 1466 387 1519 orabant.
422 1466 486 1520 Non
504 1483 532 1519 se
550 1466 698 1536 deprecari,
728 1465 792 1537 quin
815 1465 948 1536 suppliciis
966 1467 1080 1520 sontium
1097 1468 1277 1539 expiarentur,

39 1561 103 1616 quae
132 1560 186 1614 per
212 1542 402 1596 contumaciam
423 1542 604 1613 deliquissent.
647 1541 729 1612 Regis
760 1542 922 1596 iracundiam
947 1543 996 1597 sibi
1023 1552 1108 1597 morte
1134 1546 1278 1601 tristiorem

37 1638 98 1675 esse
145 1619 269 1689 Cumque
294 1618 349 1672 dies
381 1627 524 1690 noctesque
556 1626 619 1672 ante
650 1618 750 1689 regiam
775 1618 959 1689 persistentes,
994 1620 1135 1674 miserabili
1164 1623 1278 1678 clamore

36 1697 183 1768 habituque
207 1695 397 1766 poenitentiam
419 1714 493 1749 suam
515 1696 707 1766 approbarent3
735 1695 843 1748 biduum
864 1704 953 1750 tamen
975 1699 1099 1751 adversus
1121 1699 1277 1754 humillimas

36 1793 140 1829 suonam
164 1788 257 1845 preces
279 1771 413 1826 iracundia
434 1773 504 1843 regis
527 1772 640 1825 duravit.
677 1771 771 1825 Tertio
793 1772 836 1826 die
859 1773 946 1826 victus
965 1775 1113 1828 constantia
1131 1776 1277 1846 supplicum

35 1850 178 1922 processit,
206 1849 377 1919 incusataque
403 1848 500 1902 leniter
526 1848 654 1902 exereitus
680 1848 855 1916 immodestia,
887 1868 940 1904 non
962 1851 1017 1903 sine
1039 1851 1128 1904 multis
1151 1853 1276 1923 utrinque

35 1927 162 1993 lacrimis,
189 1924 219 1978 in
241 1924 352 1994 gratiam
376 1942 403 1979 se
426 1944 485 1980 cum
507 1925 570 1995 ipsis
592 1924 678 1978 redire
699 1925 832 1995 professus
854 1932 903 1978 est.
938 1924 1027 1994 Digna
1049 1935 1139 1981 tamen
1160 1946 1202 1982 res
1219 1929 1277 1983 visa

34 2013 83 2073 est,
107 2019 181 2074 quae
205 2000 347 2055 maioribus
369 2003 463 2056 hostiis
486 2001 646 2072 expiaretur.
681 2001 776 2072 Itaque
798 2001 925 2054 sacrificio
947 2003 1085 2072 magnifice
1108 2012 1275 2074 perpetrato,

33 2082 215 2135 Macedonum
232 2078 309 2132 simul
325 2078 518 2150 Persarumque
540 2077 667 2148 primores
693 2076 815 2130 invitavit
837 2079 871 2130 ad
892 2077 990 2146 epulas.
1024 2079 1128 2134 Novem
1149 2080 1275 2135 miliaco

34 2157 153 2213 convivio
175 2156 325 2226 excepisse,
352 2156 489 2227 proditum
510 2162 551 2207 est
572 2154 728 2221 memoriae,
755 2172 851 2225 eosque
878 2170 967 2207 omnes
993 2154 1124 2210 invitante
1149 2173 1214 2227 rege
1241 2174 1276 2211 cx

33 2237 122 2289 eodem
141 2241 251 2289 cratere
267 2232 400 2301 h‘bavisse,
428 2231 536 2286 Graecis
553 2230 724 2302 barbarisque
741 2231 846 2284 vatibus
868 2238 925 2284 tum
943 2231 994 2285 alia
1011 2234 1097 2287 fausta
1114 2241 1181 2287 vota
1198 2251 1276 2303 prae·

32 2311 171 2379 euntibus,
199 2318 260 2363 tum
281 2308 400 2379 inprimis
421 2319 452 2363 ut
474 2327 506 2362 ea
529 2306 664 2378 utriusque
685 2307 789 2378 imperii
807 2308 834 2360 in
851 2309 921 2361 idem
939 2327 1034 2381 corpus
1052 2310 1148 2365 coalita
1165 2311 1275 2365 societas

30 2397 161 2460 perpetua
178 2387 261 2440 foret.
294 2387 431 2440 Maturata
448 2386 543 2439 deinde
561 2391 602 2437 est
618 2383 715 2450 missio,
734 2392 762 2438 et
776 2384 965 2439 infirmissimus
978 2387 1089 2458 quisque
1103 2389 1275 2442 exauctorati.

29 2465 185 2520 Amicorum
205 2480 310 2534 quoque
328 2463 458 2517 seniorum
476 2462 632 2534 quibusdam
650 2469 825 2515 commeatum
843 2463 924 2516 dedit.
952 2464 995 2517 Ex
1011 2465 1068 2536 quis
1078 2465 1162 2519 Clitus
1176 2483 1275 2536 cogno-

28 2550 116 2597 mento
145 2540 238 2594 Albus
261 2539 425 2610 Gorgiasque
451 2548 480 2593 et
501 2538 658 2608 Polydamas
684 2546 712 2592 et
733 2537 878 2608 Antigenes
906 2540 987 2594 fuere.
1022 2541 1192 2595 Abeuntibus
1220 2560 1275 2595 non
1375 2560 1377 2564 ·

28 2621 104 2674 modo
132 2615 277 2690 praeteriti
297 2617 422 2686 temporis
446 2615 578 2686 stipendia
599 2632 658 2668 cum
679 2616 731 2668 fide
754 2616 897 2686 persolvit,
924 2633 1015 2670 verum
1041 2617 1121 2670 etiam
1146 2618 1276 2672 talentum

28 2696 122 2752 adiecit
140 2695 173 2748 in
192 2693 310 2763 singulos
327 2693 433 2761 milites,
451 2691 540 2746 viatici
557 2693 672 2745 nomine.
708 2691 788 2745 Filios
806 2707 840 2744 ex
853 2692 977 2754 Asiaticis
994 2694 1122 2747 uxoribus
1139 2703 1275 2764 susceptos

28 2773 74 2839 (ad
89 2773 191 2825 decem
209 2768 283 2822 milia
299 2770 378 2823 fuisse
395 2771 547 2834 traduntur)
566 2769 637 2837 apud
654 2784 682 2821 se
699 2766 812 2838 relinqui
829 2767 913 2835 iussit,
932 2785 966 2821 ne
978 2770 1200 2824 inMacedoniam
1215 2786 1275 2823 cum

26 2849 188 2920 parentibus
211 2847 381 2916 transgressi,
409 2854 436 2900 et
454 2845 609 2916 coniugibus
626 2843 766 2916 liberisque
783 2843 914 2914 prioribus
931 2845 1071 2914 permixti,
1094 2846 1204 2899 familias
1223 2846 1274 2899 sin-

59 2989 117 3055 §.a
147 2985 214 3038 Nec
232 2985 279 3036 boc
288 2984 401 3054 quidem]
427 2983 523 3037 Adhuc
540 2981 640 3034 editum
674 2979 828 3046 secessisse,
855 2979 1006 3047 omisimus,
1032 2981 1274 3035 Freinshemianum

30 3063 79 3123 est,
97 3055 177 3127 quod
196 3059 227 3105 et
243 3069 302 3104 mss.
320 3051 400 3106 libros
418 3068 507 3105 omnes
526 3068 592 3103 occu
611 3067 639 3102 a·
674 3049 714 3101 ele
733 3048 820 3101 antius
846 3055 874 3101 et
900 3049 1046 3102 accuratius
1073 3050 1213 3120 scriptum,
1240 3067 1274 3103 ne

24 3124 64 3178 vit
72 3125 132 3178 Nec
152 3125 206 3176 hoc
226 3121 335 3188 quidem.
354 3119 408 3174 Sed
426 3119 536 3190 copulae
553 3068 640 3170 nulius
673 3124 716 3170 stu
737 3117 789 3169 'um
807 3115 933 3170 historiae
955 3119 1150 3187 cognoscendae
1171 3119 1274 3171 fallere·

24 3209 132 3262 prorsus
148 3191 179 3243 h.
189 3189 209 3241 l.
220 3205 282 3240 usus
295 3196 343 3254 est,
362 3206 410 3242 nec
419 3187 553 3242 dubitabis
566 3187 639 3257 quod
673 3195 733 3251 tur,
769 3185 918 3238 adiecimus.
970 3185 1151 3266 Reprehendit
1185 3195 1274 3240 autem

25 3261 126 3314 totiens
146 3255 338 3312 adiuvantibus
360 3256 433 3311 libris
456 3273 517 3309 mss.
535 3254 637 3320 feceris,
672 3253 880 3307 Freinshemium
912 3253 1053 3308 Tellierrus
1085 3257 1173 3326 quod,
1214 3274 1274 3309 cum

24 3328 174 3399 aliquando
195 3322 280 3378 etiam
295 3325 380 3378 facere
396 3323 597 3394 refragantibus.
673 3338 708 3374 ex
729 3322 843 3376 Arriano
865 3337 922 3390 vn,
945 3329 960 3376 8
987 3331 1093 3377 constet
1119 3324 1273 3378 seditionem

56 3416 128 3451 noxa
148 3425 188 3435 -
208 3395 351 3472 contactos]
379 3393 454 3447 Libri
472 3394 528 3446 fere
546 3408 636 3445 omnes
672 3389 783 3444 militmn
800 3391 878 3444 firisse
896 3392 930 3444 ad
947 3393 1040 3445 urbem
1051 3393 1132 3463 Opim
1147 3393 1173 3446 in
1184 3393 1273 3463 Tigris

24 3475 190 3529 contractos,
221 3477 312 3513 verum
337 3479 365 3514 rn
391 3461 446 3516 solo
473 3460 578 3532 quidem
604 3459 637 3512 de
670 3459 728 3528 ripa
745 3459 831 3526 sitam,
849 3458 894 3512 ille
910 3460 938 3512 in
956 3461 1138 3531 supplemento
1156 3463 1273 3515 Alexan·

23 3534 86 3588 mais
103 3533 185 3587 Flor.
196 3527 226 3583 G
242 3536 321 3582 extat
671 3528 755 3593 drum,
780 3528 955 3581 reconciliatis
973 3530 1078 3582 demum
1096 3531 1273 3584 Macedonum

57 3605 157 3673 fferre
187 3615 219 3652 se
246 3615 290 3650 cor
309 3616 356 3652 ora
384 3601 455 3665 irae,
483 3597 635 3677 trucidaret]
671 3594 772 3661 animis,
791 3596 864 3649 Susis
881 3599 1029 3667 profectum
1047 3599 1191 3670 scripserit.
1218 3600 1272 3652 Ve-

24 3669 67 3725 Sie
91 3669 205 3741 primus
234 3665 275 3718 edi
295 3666 315 3718 it
341 3667 447 3721 Medius
474 3683 488 3719 e
514 3682 576 3717 mss.
598 3672 636 3716 utr
670 3683 728 3717 rum
747 3665 940 3719 Freinshemius
963 3666 991 3719 in
1013 3683 1044 3719 ea
1065 3683 1094 3719 re
1111 3674 1214 3720 secutus
1231 3673 1272 3719 est

25 3738 95 3806 dicit,
110 3737 223 3810 priores
238 3734 297 3786 edd.
311 3737 367 3788 irae
380 3735 532 3789 omiserunt.
551 3732 636 3786 codd.
671 3732 818 3786 Diodorum
842 3752 864 3786 c.
880 3741 928 3788 109
951 3743 978 3786 et
1001 3752 1041 3805 sq.
1066 3752 1224 3804 quamquam
1245 3741 1272 3785 et

25 3807 131 3877 quidem
155 3800 249 3857 nostri
273 3819 362 3856 omnes
384 3821 495 3872 corporo
522 3803 565 3853 ira
595 3819 636 3854 re·
670 3801 726 3871 ipse
743 3801 864 3855 existimo
883 3801 1002 3855 Curtium
1025 3803 1100 3854 aliter
1120 3819 1176 3855 rem
1198 3800 1272 3853 insti·

25 3878 189 3940 lucidaret,
219 3869 283 3922 edit.
308 3872 391 3940 princ.
417 3879 445 3924 et
462 3872 567 3924 Vocat
594 3872 635 3922 ira
671 3869 753 3923 tuisse
778 3877 806 3923 et
836 3870 973 3941 aliquanto
1005 3877 1084 3936 ante,
1116 3869 1161 3921 ubi
1187 3869 1272 3938 prima

25 3938 184 3998 tmcidnret.
225 3937 281 3990 Sed
297 3947 367 3993 recta
384 3940 498 3993 Modius.
670 3955 766 4018 magna
783 3939 876 3992 lacuna
893 3945 953 4008 post
966 3945 1174 4007 caputncstrum
1186 3944 1208 3990 t.
1219 3943 1270 4003 cst,

55 4012 113 4066 lam
132 4006 265 4078 sequitur
282 4008 437 4077 amplissima
448 4007 549 4070 lacuna,
569 4022 636 4075 quae
671 4007 704 4059 dc
722 4007 754 4060 ris
777 4024 845 4077 quae
866 4024 914 4059 rex
931 4005 1004 4058 Susis
1028 4006 1113 4074 egerit
1134 4004 1271 4075 imprimis-

25 4077 212 4135 ineodicibus
232 4074 327 4128 nostris
344 4084 391 4130 aut
408 4094 491 4146 parvo
509 4074 636 4128 autnullo
672 4091 723 4145 que
746 4076 779 4127 de
801 4074 900 4144 nuptiis
925 4072 1072 4143 principum
1095 4073 1271 4126 Macedonian

25 4145 168 4204 intervallo
193 4141 370 4211 significatur,
397 4143 521 4215 quoniam
546 4159 636 4195 veram
671 4161 730 4196 cum
739 4143 843 4196 Asianis
856 4141 1006 4194 mulieribus
1024 4142 1167 4211 scripsisse,
1186 4141 1271 4208 (cuius

26 4214 73 4272 eius
100 4208 314 4293 longitudinem
344 4212 443 4266 librarii
470 4210 558 4264 satio
585 4210 637 4263 iam
666 4211 710 4264 rei
727 4214 851 4264 admonet
868 4209 964 4263 milites
982 4218 1094 4279 capla,
1114 4212 1159 4278 12)
1178 4227 1208 4262 ac
1226 4211 1271 4262 de-

25 4284 392 4357 nonexprrmerepoterant.
410 4230 636 4350 supplementum,
671 4279 733 4333 inde
756 4278 951 4350 navigationem
974 4286 1001 4329 et
1022 4277 1072 4331 iter
1093 4278 1162 4347 regis
1189 4295 1272 4348 usque

40 4355 88 4409 uod
108 4346 638 4424 primumrnBasil.editione1545a
672 4350 705 4400 ad
723 4349 816 4401 urbem
834 4347 914 4416 Opim
931 4362 1058 4399 narrasse.
1094 4347 1227 4399 Diodorus
1244 4346 1272 4399 in

24 4367 153 4476 brunone
184 4412 340 4468 confectum
357 4416 574 4486 Snakenburgius
600 4417 638 4469 ait
672 4417 721 4470 hac
738 4424 815 4486 parte
833 4413 955 4468 historiae
972 4413 1042 4467 iusto
1060 4415 1167 4469 brevior
1184 4421 1232 4467 est.
