2984 5176
527 286 579 337 nn
605 285 733 337 nusrrs
759 286 868 337 Arar.
896 289 932 357 v,
959 287 1005 340 ao.
1323 271 1395 343 199

151 472 289 573 gadum
315 471 443 546 urbem
468 467 692 562 condiderat,
726 496 832 569 quam
858 468 1067 546 Alexandro
1094 474 1295 572 praefectus
1321 474 1396 548 eius

153 583 320 661 Gobares
344 580 503 657 tradidit

102 717 131 763 11
258 694 341 770 Rex
365 719 485 769 arcem
510 693 730 790 Persepolis,
756 717 810 766 111
835 693 976 769 milibus
1003 694 1240 770 Macedonum
1264 697 1445 795 pransi-21

151 808 215 882 dio
242 808 394 898 relictis,
425 803 660 880 Nicarchiden
687 803 779 877 tueri
804 806 921 878 iubet:
959 806 1107 881 Tiridati
1142 834 1301 906 quoque,
1337 811 1396 906 qui

151 944 284 1019 gazam
308 916 521 1009 tradiderat,
549 925 713 991 servatus
741 925 797 989 est
822 916 956 1010 honos,
983 946 1088 1017 quem
1114 919 1211 1017 apud
1236 919 1394 996 Dareum

150 1032 349 1105 habuerat:
391 1055 592 1128 magnaque
628 1028 805 1101 exercitus
840 1039 943 1125 parte
979 1041 1015 1103 et
1049 1030 1311 1127 impedimentis
1346 1033 1396 1106 ibi

102 1163 132 1211 ιι
150 1142 299 1233 relictis,
325 1140 563 1215 Parmeniona
583 1137 840 1236 Craterumque
866 1142 1045 1236 praefecit.
1085 1140 1167 1240 Ipse
1194 1169 1275 1215 cum
1301 1145 1395 1219 mille

149 1252 334 1352 equitibus
359 1252 591 1351 peditumque
617 1248 786 1349 expedita
811 1277 921 1324 manu
937 1253 1142 1327 interiorem
1161 1253 1317 1328 Persidis
1342 1281 1396 1328 re·

150 1364 299 1464 gionem
324 1366 392 1439 suh
417 1366 536 1463 ipsum
561 1363 800 1460 Vergiliarum
832 1363 930 1438 sidus
961 1365 1082 1465 petiit,
1117 1367 1308 1464 multisque
1333 1368 1395 1440 im·

151 1476 281 1550 bribus
306 1487 345 1551 et
375 1491 487 1576 prope
521 1474 735 1549 intolerabili
760 1486 974 1574 tempestate
1000 1487 1170 1570 vexatus,
1202 1479 1396 1576 procedere

102 1610 133 1659 ιι
151 1598 289 1681 tamen,
315 1615 387 1686 quo
411 1587 629 1678 intenderat,
661 1591 914 1685 perseveravit.
966 1589 1125 1664 Ventum
1152 1602 1231 1665 erat
1255 1591 1303 1665 ad
1326 1593 1395 1666 iter

151 1701 338 1801 perpetuis
364 1702 521 1776 obsitum
547 1701 699 1791 nivibus,
726 1726 814 1797 quas
840 1703 980 1800 frigoris
1006 1702 1061 1774 vis
1086 1705 1170 1800 gelu
1196 1703 1394 1778 adstrinxe-

151 1822 222 1887 rat
274 1811 453 1887 Locorum
478 1813 623 1911 squalor
649 1822 686 1886 et
711 1813 918 1887 solitudines
949 1815 1066 1888 inviae
1092 1816 1281 1912 fatigatum
1306 1817 1393 1888 mili-

151 1936 230 1999 tem
255 1925 456 2016 terrebant,
490 1925 727 1996 humanarum
758 1948 878 1996 rerum
911 1927 1082 1999 terminos
1108 1951 1147 2001 se
1173 1926 1296 2002 videre
1322 1952 1394 2001 ere·

153 2036 312 2114 dentem.
352 2032 483 2110 Omnia
507 2046 613 2110 vasta
639 2046 747 2133 atque
774 2036 849 2111 sine
876 2039 948 2111 ullo
974 2038 1120 2111 humani
1146 2038 1262 2114 cultus
1288 2040 1394 2114 vesti·

151 2282 329 2352 Pereaqadas
345 2296 380 2335 en
395 2280 553 2351 Pereayada
566 2280 684 2334 nomines
701 2297 761 2352 per·
795 2283 882 2348 tidem,
900 2289 962 2352 post
979 2283 1171 2337 Nicarchiden.
1202 2282 1286 2339 codd.
1304 2286 1397 2357 optimi

149 2349 215 2406 inde
231 2349 348 2405 ridetur.
365 2349 437 2403 Nam
453 2349 499 2403 lib.
516 2364 546 2416 x,
568 2350 760 2419 4Persayada
794 2350 901 2471 quidem
922 2352 1117 2421 Nichartiden,
1145 2351 1190 2406 alii
1214 2354 1396 2421 Niarchidem,

152 2418 260 2475 codices
277 2417 414 2487 exhibent,
432 2417 500 2472 sieut
509 2416 679 2471 Ptolemaeus
689 2417 759 2472 Geo·
818 2418 866 2474 lor.
885 2420 910 2473 B
928 2421 1126 2488 Nicarthidem,
1149 2421 1220 2476 Flor.
1240 2421 1261 2477 0
1280 2426 1307 2476 in
1329 2423 1396 2477 Oar-

151 2488 272 2560 grnpbus
287 2487 406 2559 appellnt
427 2484 641 2560 (Πασαργαὸα),
663 2505 722 2541 cum
744 2505 760 2541 a
795 2490 902 2556 thidcm,
924 2491 995 2543 Mod.
1012 2489 1078 2544 edit,
1093 2491 1279 2545 Nicarchiden.
1311 2492 1396 2546 Paulo

151 2556 250 2612 aenne
266 2551 453 2629 Πασαργάδαι
468 2555 584 2610 dicatur:
602 2556 635 2609 cf.
653 2555 761 2610 Cellarii
794 2564 855 2627 post
871 2559 1049 2612 Parmeniona
1067 2558 1196 2613 Graecam
1216 2560 1326 2614 sormam
1348 2579 1397 2632 pro

151 2624 254 2696 Geogr.
287 2623 365 2678 Tem.
391 2639 415 2677 11
439 2644 464 2693 p.
493 2629 552 2679 816.
597 2624 759 2695 Parsagadas
793 2625 866 2706 vulg.
891 2626 988 2681 Latina
1008 2628 1208 2681 Parmenionem
1230 2629 1347 2700 plerique
1368 2637 1397 2682 et

151 2695 233 2751 hodie
250 2709 309 2747 esse
325 2693 449 2765 oppidum
466 2693 497 2747 M
548 2694 611 2760 hab,
630 2694 703 2764 quod
719 2693 759 2745 in·
794 2694 886 2765 optimi
908 2695 968 2750 libri
989 2695 1128 2760 exhibent,
1153 2705 1287 2749 servantes
1313 2697 1342 2750 in
1364 2715 1397 2751 ea

150 2762 268 2818 arvallo
285 2779 380 2816 novem
397 2761 479 2815 fenne
498 2780 534 2815 mr
570 2779 661 2832 geogr.
679 2761 760 2816 distet
793 2780 822 2815 re
839 2781 940 2817 morem
957 2764 1123 2818 Curtianum.
1145 2764 1207 2817 Vid.
1217 2765 1251 2816 ad
1264 2780 1307 2833 111,
1317 2773 1396 2832 38,2.

151 2830 398 2955 qssiphnsreehgeiae
419 2830 651 2953 ffiprsepplitppplps
670 2831 761 2952 ἔξω
793 2836 911 2954 N·§.·125
941 2834 1000 2953 eppa
1008 2835 1093 2953 iprsan
1116 2834 1395 2953 hseryiliaramipidtas]

151 2971 182 3039 (i.
200 2957 226 3023 e.
242 2917 421 3040 qmdngpppp
437 2918 587 3038 colulnnae)
609 2918 760 3090 apppllatibl
794 2917 1395 3048 cdffdgldddemmeldiddllthdrnlddlgdocdduid:

150 3038 289 3109 situmque
310 3036 366 3091 sius
387 3036 502 3107 regionis
530 3037 609 3091 docet
674 3044 759 3089 tterus
793 3046 822 3091 et
846 3037 1006 3090 matutinum
1032 3054 1065 3089 an
1091 3045 1270 3106 vespertinum
1291 3037 1397 3090 dixerat.

151 3106 254 3189 (leoga
277 3104 355 3159 Tem.
380 3120 435 3159 vm
460 3123 487 3177 p.
513 3111 563 3160 876
589 3122 646 3176 sqq.
674 3121 759 3161 novae
793 3106 848 3160 Sed
870 3123 989 3160 occasum
1015 3104 1107 3158 sideris
1123 3105 1301 3176 vespertinum
1318 3105 1396 3159 intel·

150 3173 287 3231 annonis.
792 3175 861 3245 ligit,
879 3182 911 3227 ut
927 3182 1004 3245 petet
1020 3191 1054 3226 ex
1071 3172 1080 3225 i
1100 3190 1129 3226 sa
1145 3190 1189 3240 re3
1215 3173 1307 3227 hiemis
1325 3173 1395 3227 enim

185 3250 235 3299 see
257 3244 334 3296 milia
359 3244 483 3296 talentum
531 3241 631 3295 Veram
647 3241 759 3296 sormam
792 3251 980 3313 tempestatem
997 3191 1130 3308 describit,
1149 3243 1195 3296 sed
1208 3241 1261 3296 iam
1274 3243 1396 3296 adfinem

151 3311 276 3386 genitivi,
294 3327 454 3382 quamquam
471 3318 532 3364 stet
546 3310 627 3364 Snnln
645 3310 679 3362 de
696 3311 758 3379 suis,
792 3311 941 3383 vergentis,
973 3328 1033 3365 eum
1059 3310 1144 3365 medio
1166 3328 1235 3364 enno
1256 3311 1284 3365 in
1305 3311 1396 3365 Media

151 3398 245 3438 omnes
262 3378 324 3433 hlni
340 3378 426 3433 nostri
438 3379 575 3445 exhibent,
594 3378 659 3432 editi
668 3381 759 3448 (prae-
792 3381 945 3435 Alexander
957 3387 1116 3447 versaretur,
1130 3387 1273 3451 postquam
1282 3388 1396 3451 quatuor

151 3459 196 3505 ter
216 3448 307 3515 Mon)
333 3450 496 3503 retentorem.
529 3446 600 3501 Vide
621 3464 701 3519 supra
724 3449 758 3501 ad
791 3467 893 3503 menses
915 3449 942 3502 in
959 3449 1047 3503 Persis
1065 3457 1240 3503 commoratus
1257 3458 1313 3517 est,
1330 3449 1395 3502 Plu-

151 3532 198 3587 m,
216 3524 262 3584 86,
282 3524 323 3571 16.
791 3519 886 3573 tnreho
902 3527 972 3572 teste
989 3536 1011 3572 c.
1021 3525 1063 3573 67.
1080 3517 1149 3571 Plin.
1159 3526 1214 3572 nat.
1232 3518 1293 3572 hist
1310 3533 1396 3583 xvm,

188 3588 323 3654 Gadara]
358 3584 404 3640 Sic
419 3584 519 3667 primus
535 3584 641 3653 Iunius,
663 3583 758 3638 deinde
791 3605 813 3642 c
831 3595 864 3642 26
883 3605 903 3640 s.
923 3594 954 3642 66
972 3602 1008 3639 ιιι
1024 3587 1244 3656 NonaeApriles
1262 3590 1291 3641 in
1305 3588 1395 3640 Attica

150 3654 275 3711 llheinslu
291 3662 321 3708 et
336 3652 441 3725 reliqui,
459 3652 560 3708 cumin
573 3654 633 3707 edd
642 3653 758 3723 antiquis
797 3658 930 3726 Verqiliae
955 3674 998 3710 ves
1017 3673 1060 3709 ere
1089 3659 1268 3710 comitanter:
1293 3659 1397 3709 eaedem

151 3733 182 3781 et
206 3722 287 3779 codd.
312 3722 471 3777 Globariel
521 3729 573 3776 tur.
616 3722 758 3794 Γωβάρην
786 3726 918 3794 postridie
942 3726 970 3777 in
1013 3725 1105 3793 oeotia,
1132 3724 1245 3779 Caesari
1265 3735 1351 3778 antem
1374 3733 1398 3777 et

152 3793 305 3867 quendam
337 3790 464 3862 Oxyartis
519 3791 586 3859 ium,
613 3789 642 3844 in
667 3789 759 3844 Media
795 3793 938 3847 Chaldaeis
956 3793 1053 3847 Nonis.

150 3867 320 3935 pugnantem
345 3857 476 3914 incertum
497 3877 551 3931 quo
576 3866 696 3929 tempore
717 3874 763 3913 oc·
831 3864 854 3942 fi.
879 3869 919 3915 13.
958 3864 1071 3916 locorum
1096 3864 1214 3982 squalor]
1255 3863 1288 3913 In
1310 3861 1398 3931 priore

151 3926 762 4068 ῗωθέᾶῃὲωἰῗέυξὲἕιῗᾞωξέαξιῖωοὲῖμῖ
794 3930 1052 4053 Pdlrdlunioce‘dretlrndddd
1071 3930 1107 4051 ((1168
1122 3928 1317 4051 ἰῗᾝᾱθίιοιιιῗε
1335 3935 1398 4066 [illice

151 4069 187 4123 mi
204 4086 256 4121 nov
271 4014 403 4120 inldxioo
416 4064 558 4120 invenitur.
575 4065 671 4136 Itaque
680 4064 761 4119 etiam
794 4066 884 4138 risque
914 4076 943 4122 et
968 4067 1031 4122 edit.
1058 4067 1132 4121 Mod.
1164 4066 1269 4136 legitur.
1316 4064 1397 4118 Nunc

151 4138 178 4192 la
237 4135 355 4189 Goharis
372 4133 450 4188 scribi
467 4134 575 4204 poterit.
795 4137 889 4190 sustuli
906 4137 1117 4191 coniunctionem
1139 4136 1219 4189 Bern.
1237 4135 1263 4187 A
1280 4141 1309 4187 et
1326 4133 1398 4188 Flor.

187 4204 257 4276 Cep.
283 4208 329 4266 21,
355 4206 381 4269 s.
403 4208 443 4257 11.
482 4204 665 4257 Nicarchiden
687 4203 759 4256 edidi
792 4206 820 4257 A
836 4214 954 4272 secutus,
973 4205 1034 4277 quia
1055 4204 1196 4275 descriptio
1218 4202 1279 4257 hinc
1295 4202 1397 4272 incipit,

151 4290 188 4328 ex
204 4270 392 4327 emendatione
407 4270 597 4339 Freinshemii,
619 4270 647 4324 id
664 4288 759 4325 nomen
793 4290 861 4344 quae
883 4274 968 4327 minus
996 4281 1068 4328 reete
1095 4272 1263 4326 continuatur
1285 4287 1345 4324 cum
1366 4270 1398 4324 iis

151 4341 226 4397 inter
250 4338 411 4395 trierarchos
439 4339 492 4412 legi
521 4340 593 4421 apud
617 4340 760 4393 Arrianum
795 4359 863 4412 quae
885 4342 960 4414 quasi
984 4341 1161 4417 praeparandi
1182 4358 1259 4397 musa
1275 4355 1398 4414 praeces-

151 4411 214 4466 Ind.
236 4425 259 4465 e.
278 4414 316 4465 18
332 4406 460 4465 &oenth-
494 4406 567 4465 olan
583 4416 642 4465 erat
658 4409 760 4464 Nicar-
794 4418 894 4466 serunt.
