2926 5174
446 228 495 352 nn
528 300 654 353 onsrrs
679 300 789 353 Anax.
815 302 891 373 vm,
908 301 933 349 a.
1247 287 1320 359 359

89 485 280 583 ¹>rincipum
310 494 418 582 atque
444 484 648 559 amicorum.
699 484 778 577 Ille,
810 509 850 558 Ν
874 487 1015 561 milibus
1047 489 1204 561 ferarum
1230 488 1321 563 deie-

89 598 151 687 :tis,
178 597 215 668 in
244 595 376 669 eodem
402 597 496 669 saltu
522 621 603 668 cum
629 605 707 669 toto
734 599 894 670 exercitu
920 600 1083 698 epulatus
1110 610 1175 673 est.

178 708 271 781 Inde
299 705 515 781 Maracanda
540 709 695 782 reditum
720 719 792 802 est:
820 721 1035 809 acceptaque
1062 712 1190 784 aetatis
1217 736 1322 783 excu·
1350 715 1371 785 3

89 821 216 894 atione
249 820 298 891 ab
326 818 507 893 Artabazo
514 876 523 910 ,
559 820 778 917 provinciam
811 823 885 894 eins
919 823 1073 896 destinat
1101 821 1202 897 Clito.
1256 821 1323 895 Hic

89 943 169 1023 arat,
207 931 271 1027 qui
299 930 398 1028 apud
424 928 617 1005 Granicum
643 957 784 1005 amnem
809 932 907 1005 nudo
935 935 1050 1033 capite
1076 959 1198 1032 regem
1224 933 1323 1006 dimt

89 1056 217 1119 antem
254 1042 371 1139 clipeo
404 1068 469 1114 suo
502 1043 609 1133 texit,
644 1053 682 1116 et
707 1042 878 1144 Rhosacis
912 1069 1057 1116 manum
1090 1046 1197 1144 capiti
1228 1045 1323 1142 regis

89 1156 327 1229 mminentem
352 1153 471 1251 gladio
498 1155 716 1253 amputavit:
744 1165 848 1228 vetus
872 1154 1026 1252 Philippi
1051 1156 1163 1246 miles,
1189 1156 1323 1229 multis·

89 1293 146 1364 que
178 1266 321 1340 bellicis
337 1267 515 1364 ‘operibus
547 1266 672 1337 clarus.
725 1264 923 1356 Hellanice,
959 1291 1050 1362 quae
1076 1265 1324 1340 Alexandrum

90 1377 318 1468 educaverat,
354 1404 455 1450 soror
487 1377 578 1466 eine,
617 1377 715 1449 haud
747 1401 849 1450 secus
889 1402 996 1473 qnam
1030 1387 1145 1450 mater
1182 1403 1204 1449 a
1237 1401 1322 1474 rege

90 1487 308 1586 diligebatur.
364 1487 420 1562 Ob
457 1489 522 1561 has
558 1512 683 1560 causas
718 1487 973 1561 validissimam
1008 1487 1146 1585 imperii
1184 1497 1323 1584 partem

90 1598 160 1674 idei
198 1601 279 1673 eins
328 1602 531 1698 tutelaeque
576 1600 760 1674 commisit.
830 1598 976 1697 Iamque
1015 1600 1082 1672 iter
1120 1624 1247 1696 parare
1285 1599 1322 1672 in

90 1722 264 1809 posterum
291 1712 421 1803 iussus,
448 1713 609 1786 sollemni
636 1722 673 1785 et
699 1713 912 1810 tempestivo
934 1710 1123 1783 adhibetur
1146 1711 1320 1784 convivio,

90 1820 216 1920 lnquo
244 1847 315 1896 rex
343 1847 423 1895 cum
449 1825 562 1897 multo
594 1824 799 1896 incaluisset
829 1847 944 1912 merc,
981 1822 1191 1895 immodicus
1218 1823 1321 1896 aesti-

90 1945 193 2007 mator
228 1935 302 2023 sui,
340 1935 533 2025 celebrare,
575 1960 666 2032 quae
699 1943 860 2032 gesserat
891 1933 1026 2031 coepit,
1060 1933 1181 2030 gravis
1213 1932 1321 2005 etiam

90 2069 202 2118 eorum
236 2045 403 2135 auribus,
441 2047 501 2143 qui
533 2046 736 2120 sentiebant
767 2069 854 2117 vera
884 2045 1083 2117 memorari.
1135 2041 1322 2117 Silentium

90 2165 199 2230 tamen
225 2157 389 2230 habuere
415 2158 583 2248 senioreS,
616 2157 730 2230 donec
753 2155 908 2253 Philippi
932 2180 990 2231 res
1016 2181 1119 2229 orsus
1147 2155 1320 2246 obterere,

91 2269 234 2343 nobilem
257 2268 356 2366 apud
375 2267 618 2342 Chaeroneam
644 2269 830 2341 victoriam
856 2267 1054 2365 sui‘operis
1080 2267 1189 2343 fuisse
1213 2267 1320 2341 iacta·

91 2378 150 2469 vit,
183 2381 462 2477 ademptamque
494 2381 560 2453 sibi
593 2379 813 2477 malignitate
839 2389 876 2451 et
900 2378 1035 2455 invidia
1061 2378 1172 2477 patris
1199 2387 1322 2451 tantae

91 2488 134 2561 rei
157 2491 320 2586 gloriam.
373 2490 476 2565 Illum
503 2489 656 2588 quidem,
683 2489 858 2564 seditione
883 2491 977 2563 inter
994 2488 1209 2562 Macedones
1235 2490 1322 2562 mili·

91 2608 136 2672 tes
162 2613 197 2673 et
224 2599 384 2676 Graecos
411 2602 646 2675 mercenarios
673 2612 763 2692 orta,
790 2600 1013 2674 debilitatum
1041 2601 1198 2691 vnlnere,
1225 2603 1321 2697 quod

91 2710 119 2781 in
149 2736 190 2784 ea
222 2715 513 2786 consternatione
546 2725 746 2811 acceperat,
787 2711 954 2802 iacuisse,
988 2735 1060 2782 non
1095 2711 1180 2784 alias
1213 2738 1321 2808 quam

91 2899 195 2972 durensi
212 2903 365 2957 etMerula.
400 2905 476 2959 Unus
494 2905 559 2960 item
576 2904 682 2959 alona
717 2913 745 2958 et
766 2903 890 2957 BernA
913 2901 1039 2973 aspiratio
1066 2901 1245 2972 praemittitur
1266 2902 1319 2957 sic:

92 2987 132 3025 sen
148 2983 227 3025 at-
244 2983 300 3026 out.
336 2973 392 3026 lam
411 2975 548 3044 quaeritur
565 2973 630 3045 quid
647 2974 681 3026 ab
717 2974 854 3027 Hrosocia.
882 2971 1004 3026 Ceterum
1021 2988 1076 3025 non
1093 2974 1162 3024 nudo
1184 2989 1215 3024 co
1235 2972 1269 3025 ite
1287 2973 1321 3025 de

92 3046 185 3094 neure
207 3043 361 3110 profectum
383 3058 504 3109 censeas,
527 3061 587 3096 nam
610 3042 683 3112 quod
718 3039 848 3095 industria
864 3048 921 3093 tum
939 3038 1079 3093 dimicabat
1092 3039 1198 3092 Alexan
1217 3056 1255 3103 er,
1273 3040 1321 3095 sed

92 3106 166 3162 tdhnc
181 3109 263 3190 vulgo
283 3110 412 3163 edebatur
433 3130 465 3165 ne
501 3115 559 3164 edes
577 3127 683 3164 uenere·
717 3113 843 3164 nudutum
862 3117 920 3161 erat
938 3116 1016 3177 capnt
1029 3106 1118 3161 hostili
1131 3107 1211 3177 plaga
1244 3107 1321 3162 riore.

92 3194 122 3229 er
144 3187 189 3230 cut
212 3196 270 3231 aeae
295 3180 398 3232 delectis
420 3181 454 3232 ab
499 3180 544 3232 ldo
565 3187 619 3245 eet,
646 3177 684 3231 ita
753 3181 826 3247 §.tt
856 3179 884 3230 io
901 3194 932 3230 eu
951 3178 1165 3243 consternatione]
1190 3175 1273 3230 C.eu
1292 3194 1322 3231 ra

92 3253 226 3299 arrectum
242 3254 273 3299 ut
286 3246 387 3299 nullum
400 3247 541 3317 vestigium
555 3253 684 3317 appareat
718 3247 946 3312 advn,40,18.
983 3244 1109 3299 Ceterum
1132 3244 1197 3297 nihil
1215 3245 1248 3298 de
1271 3195 1322 3299 Aoo

92 3310 141 3366 ine
161 3314 234 3385 quod
261 3313 290 3367 in
316 3313 388 3368 libris
413 3335 472 3371 mss.
491 3324 531 3369 est
556 3335 618 3369 nom
644 3325 680 3367 ut.
715 3315 840 3381 tumultu,
858 3331 908 3368 nec
926 3315 959 3366 de
977 3331 1010 3367 co
1028 3313 1099 3367 bello
1117 3312 1232 3383 Illyrico,
1251 3315 1322 3385 quod

92 3389 174 3452 taque
194 3382 274 3451 paulo
299 3382 406 3453 propius
431 3385 464 3437 ad
487 3396 604 3438 veterem
625 3401 679 3436 ma·
715 3392 777 3437 ante
793 3383 877 3453 patris
895 3400 986 3436 necem
999 3381 1160 3435 Alexander
1177 3382 1246 3437 solus
1264 3400 1322 3453 ges-

92 3467 139 3503 um
163 3451 290 3503 accedere
311 3460 377 3520 puto
397 3458 465 3524 quod
490 3453 547 3524 ipse
573 3450 623 3506 feci
648 3469 680 3504 ue
713 3452 787 3518 serit,
805 3452 911 3505 aliunde
927 3460 1040 3505 constat.

93 3528 132 3585 ut,
151 3534 245 3571 verum
262 3535 320 3571 esse
341 3520 380 3573 uti
399 3540 431 3574 ne
449 3523 608 3576 contendere
625 3538 680 3574 non
749 3540 801 3574 ooo
828 3523 896 3574 abac
924 3539 1002 3589 quom
1034 3521 1200 3575 circulatione
1230 3522 1320 3574 mortis

92 3587 172 3641 adeo.
210 3586 266 3640 Sed
283 3605 346 3641 mox
364 3539 398 3642 ed

93 3653 227 3730 Qvulg.
245 3657 432 3728 amicorumque
459 3658 577 3713 codicum
601 3657 681 3724 iussn,
717 3677 769 3712 noo
787 3661 840 3712 olm
859 3677 887 3711 re
905 3677 997 3728 quoni,
1026 3667 1098 3712 certe
1115 3658 1153 3710 sic
1171 3657 1257 3710 dicere
1275 3658 1320 3708 de-

92 3741 138 3777 am
165 3721 246 3794 pauci
268 3723 350 3788 (Flor.
367 3727 444 3794 DFI)
462 3739 508 3781 out
531 3728 683 3792 amicorum,
717 3728 810 3793 bebat,
835 3727 856 3781 ai
874 3734 903 3779 et
920 3726 970 3780 eibi
987 3739 1017 3779 et
1033 3726 1163 3794 elegantis
1180 3724 1319 3778 latinitatis

93 3790 167 3845 nllus
185 3790 289 3846 adiecto
308 3811 362 3862 que.
718 3796 772 3866 legi
795 3803 917 3850 constare
939 3795 1028 3848 vellet.
1063 3796 1117 3848 Sed
1142 3793 1224 3847 etiam
1248 3793 1319 3861 apud

109 3858 183 3930 Cap.
194 3866 222 3924 3,
240 3862 263 3927 §-
272 3867 314 3914 20.
346 3864 473 3918 Rhosacis
491 3867 606 3932 monum]
630 3864 685 3918 Ve-
720 3864 843 3919 Tacitum
860 3864 930 3916 Ann.
945 3879 988 3928 111,
1005 3871 1035 3917 73
1060 3865 1124 3915 Nou
1148 3865 1216 3915 alios
1234 3862 1319 3927 erupis

93 3945 166 3983 erem
184 3929 253 3981 hanc
270 3929 379 3984 nominis
396 3933 550 4003 scripturam
565 3931 686 3985 desernit
719 3953 769 3988 sua
789 3935 931 4003 populique
953 3934 1027 3985 Rom.
1045 3932 1198 3985 contaneeliu
1216 3930 1319 3981 ordola-

93 3996 270 4065 »naltenburff
288 3997 419 4071 ediditque
437 4003 579 4055 secundum
593 4000 684 4054 Arria-
721 4005 773 4056 isse
797 4004 936 4055 Gaesarem
952 4002 1061 4068 fernen,
1084 4017 1161 4068 quom
1185 4000 1254 4065 quod
1275 4000 1318 4049 de-

94 4082 145 4119 um
164 4081 200 4119 ac
218 4063 386 4121 Plutarchum
402 4071 556 4135 Rhoesucia,
574 4071 620 4122 sed
637 4070 683 4121 de·
718 4081 802 4126 sertor
824 4081 848 4123 et
868 4073 971 4139 proedo
998 4070 1108 4121 hostiam
1129 4083 1199 4119 more
1221 4075 1317 4131 oneret,

93 4134 165 4189 ebat
191 4148 253 4184 eum
274 4151 393 4191 revocare
415 4141 449 4191 ab
473 4155 506 4191 ea
526 4137 683 4207 mutatione,
718 4159 767 4211 pro
792 4157 824 4192 eo
849 4138 919 4208 qnod
941 4145 980 4189 est
998 4137 1032 4189 ob
1051 4135 1129 4187 aliam
1146 4152 1202 4187 rem
1220 4135 1319 4187 dictum

93 4201 159 4273 qnod
176 4199 209 4255 in
225 4200 297 4255 nullo
313 4203 380 4259 libro
396 4206 525 4261 cartiano
539 4206 684 4277 diphthon-
719 4218 760 4262 eet
777 4211 856 4273 aliua,
875 4214 903 4259 et
919 4204 970 4259 dici
988 4223 1039 4257 oon
1057 4207 1124 4256 ulios
1143 4221 1221 4272 quom
1240 4206 1319 4256 siant

93 4287 133 4337 rus
152 4286 185 4321 oe
208 4265 347 4348 invenitur,
372 4277 496 4346 qnodque
519 4276 599 4328 homo
622 4292 683 4328 con·
719 4296 771 4330 noo
792 4279 861 4330 oliuo
885 4276 935 4327 uici
957 4275 991 4326 ab
1008 4271 1073 4325 Ictis
1092 4290 1142 4351 pro
1165 4288 1220 4324 non
1243 4270 1319 4323 aliter

93 4344 192 4390 tanter
217 4352 233 4386 a
253 4335 368 4394 Diodoro
390 4344 456 4412 (vid.
471 4343 602 4396 Wesselin
622 4382 628 4396 .
650 4345 684 4396 ad
737 4364 798 4398 nam
820 4345 843 4397 si
865 4342 988 4412 exposuit
1010 4340 1130 4393 Handrus
1153 4339 1180 4392 in
1203 4339 1317 4391 Tursell.

93 4403 426 4479 armantarmant
437 4420 553 4466 vocatur.
570 4362 683 4466 lnbeid.
746 4428 831 4480 om.1,
847 4431 874 4483 p.
889 4416 947 4465 225.
984 4408 1038 4463 Sed
1055 4409 1127 4480 quod
1143 4407 1215 4461 idem
1231 4407 1318 4463 locum

397 3590 433 3644 idi
450 3601 527 3659 atque
540 3593 681 3644 canicorum
717 3592 845 3658 tutiorem]
886 3589 983 3642 Nescio
1013 3608 1047 3642 an
1073 3589 1258 3658 corrigendum
1287 3588 1321 3642 sit
