2926 5174
105 294 180 372 304
274 326 277 332 ⁸
363 376 367 387 ,
469 346 472 353 -
576 310 872 383 ocusrnnur'r
981 299 985 309 '

103 499 265 575 Indicum
292 500 418 599 vergit.
447 491 617 600 'Tugmia
641 503 753 577 latere
779 503 894 601 primo
920 511 1076 594 struunt,
1103 512 1144 576 et
1169 504 1251 601 quia
1273 513 1355 577 stc-8

102 613 176 685 rilis
203 621 260 685 est
285 622 382 686 terra
407 613 573 704 materia,
600 613 637 685 in
662 612 761 687 nudo
788 615 895 688 etiam
920 615 1053 688 montis
1081 612 1209 706 dorso,
1233 638 1330 712 usque

103 722 151 796 ad
177 747 356 796 summum
381 721 623 799 aedificiorum
648 725 831 823 fastigium
857 724 982 798 eodem
996 726 1173 799 laterculo
1188 720 1330 799 utuntur.

105 832 273 909 Ceterum
301 844 483 908 structura
507 836 614 909 latior
639 835 685 908 ab
711 835 784 908 imo
817 837 989 934 paulatim
1014 838 1238 911 incremento
1263 853 1353 934 ope-⁹

103 947 151 1018 ris
178 945 215 1016 in
247 946 360 1019 artius
394 946 549 1043 cogitur,
581 946 629 1020 ad
661 947 827 1020 ultimum
851 947 889 1018 in
915 949 1058 1022 carinae
1089 950 1249 1024 maxime
1272 974 1330 1020 mo

103 1056 190 1130 dum
225 1056 306 1130 coit.
367 1056 422 1129 Ibi
453 1059 625 1131 foramine
656 1058 781 1131 relicto
814 1082 967 1156 superne
992 1060 1116 1133 lumen
1143 1059 1329 1132 admittent

101 1166 205 1241 Vites
232 1176 270 1240 et
295 1170 453 1258 arborea,
472 1168 502 1241 si
529 1169 683 1266 quaein
709 1178 812 1243 tanto
839 1180 955 1244 terrae
980 1171 1101 1269 rigore
1129 1171 1259 1245 durare
1280 1194 1328 1268 po
1341 1185 1361 1232 1⁰

102 1289 265 1369 tuerunt,
300 1280 473 1352 obruunt:
508 1272 650 1378 penitus
677 1273 793 1354 hieme
820 1274 983 1355 defossae
1007 1283 1141 1356 latent:
1177 1307 1257 1355 oum
1278 1281 1328 1352 nix

57 1409 60 1414 ·
102 1391 264 1464 discussa
297 1390 436 1488 aperire
467 1390 616 1464 humum
648 1392 780 1488 coepit,
821 1392 920 1466 coslo
958 1394 1097 1492 solique
1136 1387 1326 1467 redduntur.

104 1499 272 1576 Ceterum
298 1502 390 1578 adeo
416 1503 511 1576 altae
537 1504 638 1576 nives
664 1515 834 1599 premunt
858 1514 1008 1594 terram,
1040 1505 1127 1602 gelu
1160 1515 1198 1578 et
1222 1518 1354 1603 perpe-11

103 1623 167 1686 tuo
194 1638 308 1710 paene
334 1615 452 1712 rigore
478 1614 711 1704 constrictae,
745 1625 858 1689 utne
884 1614 1005 1688 avium
1032 1616 1180 1714 quidem
1206 1618 1325 1716 feraeve

104 1725 209 1797 ullius
241 1727 434 1824 vestigium
460 1736 570 1800 extet.
624 1722 789 1799 Obscura
814 1726 903 1799 coeli
935 1727 1057 1801 verius
1084 1730 1216 1802 umbra
1240 1750 1325 1825 quan

100 1837 181 1927 lm,
213 1838 310 1911 nocti
340 1837 463 1911 similis
498 1838 629 1936 premit
663 1847 811 1930 terram,
847 1837 910 1912 vix
935 1848 977 1910 ut
1003 1830 1109 1936 quae¹
1123 1858 1237 1939 prope
1261 1845 1325 1912 sunt

102 1948 260 2046 conspici
286 1949 436 2047 possint.
1031 1972 1034 1977 ·
1095 1954 1098 1960 '

54 2062 100 2134 13
204 2058 247 2132 In
272 2060 341 2133 hac
366 2071 488 2135 tamen
514 2061 629 2134 omnis
661 2059 807 2132 humani
833 2061 949 2133 cultus
977 2061 1174 2138 solitudine
1201 2063 1352 2138 deuito-¹²

101 2182 161 2244 tus
198 2172 393 2262 exercitus,
433 2171 601 2272 quiequid
633 2172 810 2245 malorum
849 2160 994 2246 tolerari
1029 2180 1155 2272 potent
1178 2162 1322 2275 pertulit,

101 2369 235 2426 Bactriani
253 2370 317 2443 ipsis
334 2371 388 2427 sint
405 2373 538 2454 aregione
555 2373 621 2428 ooeli
638 2371 708 2427 occi·
742 2370 862 2442 quidem,
886 2379 919 2426 ut
940 2390 1012 2427 nnnc
1032 2372 1231 2448 interpungitnr
1246 2374 1322 2446 placet:

102 2439 211 2508 dentali,
230 2458 388 2513 quamquam
404 2459 488 2513 magn
506 2440 708 2514 adaeptentrio-
739 2441 821 2494 immo
839 2457 898 2495 cum
915 2443 974 2495 occi
992 2444 1050 2496 iant
1059 2461 1116 2498 non
1125 2438 1321 2516 legatnrinleid

103 2524 172 2562 nem.
736 2513 816 2564 Voss.
836 2516 848 2563 1
868 2508 957 2562 Pall
1001 2509 1051 2564 lor.
1070 2511 1139 2566 ADI
1157 2531 1206 2568 nec
1222 2512 1248 2566 in
1262 2511 1321 2564 Bam.
1364 2558 1366 2581 Ι

137 2582 161 2644 S.
180 2583 204 2632 8.
240 2579 320 2633 lotae
332 2580 419 2648 primo
437 2589 548 2648 struunt,
570 2578 587 2633 i.
606 2595 629 2632 e.
647 2578 707 2631 fun·
740 2576 766 2630 Α
783 2577 887 2648 legatur
904 2577 954 2631 nisi
976 2577 1004 2632 in
1021 2580 1158 2652 margine,
1183 2579 1321 2637 scribendum

103 2647 256 2700 dementum
286 2664 392 2718 quoque
423 2647 523 2702 faciunt
554 2664 588 2701 ex
614 2647 705 2714 latere,
740 2663 833 2700 censeo
859 2663 971 2716 superne
997 2650 1085 2702 lumen
1102 2654 1253 2714 cumulant,
1274 2642 1321 2699 nihil

103 2714 195 2769 statim
215 2717 385 2770 fundamento
402 2724 516 2771 utuntur
533 2716 629 2784 latere,
654 2732 706 2769 non
740 2723 885 2785 praeterea.
920 2715 1060 2770 Walchius
1078 2717 1108 2771 in
1125 2721 1234 2774 emend·
1242 2717 1289 2771 liv.
1301 2730 1320 2782 p·

101 2783 196 2855 lapide.
237 2785 316 2850 Quod
339 2784 457 2845 Freinoh.
480 2802 509 2839 se
532 2785 596 2838 dieit
617 2801 706 2838 emen·
742 2790 788 2837 141
808 2799 885 2837 voces
902 2786 1070 2838 admediana
1087 2786 1148 2842 looo
1164 2795 1262 2841 mutato
1276 2790 1320 2836 ante

102 2854 178 2907 datae
194 2855 228 2908 ob
245 2856 296 2908 imo
313 2865 425 2922 struunt,
444 2853 636 2935 eaequentibus
654 2853 706 2905 huc
727 2853 850 2923 ‚otmunt
867 2851 989 2906 collocari
1004 2852 1089 2920 iubet,
1113 2855 1187 2910 cuius
1204 2853 1320 2910 nanum·

100 2920 232 2976 intrusum
248 2940 304 2976 non
320 2925 390 2991 fero,
417 2922 533 2994 alioqmn
550 2922 627 2976 valde
643 2939 705 2992 pro·
737 2920 817 2975 tionis
834 2919 966 2974 rationem
984 2921 1074 2978 nescio
1092 2923 1276 2980 anhortulanis
1282 2932 1320 2973 110ss

102 2991 199 3046 barem.
697 3006 699 3010 ·
737 2989 798 3044 satis
816 2989 974 3060 probatura
992 2990 1036 3044 sit.

136 3063 287 3115 steriliscet
306 3061 508 3114 terramuten‘a.
530 3059 713 3115 Editiomnes·
772 3062 797 3124 §-
816 3064 857 3113 10.
892 3060 1014 3121 defossae
1023 3061 1116 3115 latent.
1151 3061 1218 3117 Mati
1232 3062 1320 3123 defossa

101 3132 236 3197 materiae,
255 3130 397 3183 secundum
414 3128 548 3196 vulgarem
556 3147 640 3195 usum,
659 3128 707 3182 sed
773 3128 819 3180 nia
845 3128 966 3181 discussa
992 3130 1100 3198 aperire
1127 3133 1230 3186 binnam
1253 3125 1320 3196 cotyl-

100 3197 273 3268 manuscripti
291 3215 392 3251 summo
411 3213 538 3251 consensu
561 3196 706 3250 ablativum
739 3194 836 3248 Editur
855 3195 923 3261 satis
949 3204 1043 3267 aperte
1069 3208 1130 3253 cam
1153 3202 1211 3254 nine
1227 3200 1320 3254 &aad

101 3267 213 3319 materia
239 3273 267 3319 et
291 3266 341 3320 hoc
366 3267 424 3320 loco
450 3273 479 3319 et
504 3266 574 3320 infra
603 3270 640 3334 (c.
659 3269 704 3343 21)
739 3265 941 3333 operirilmmua
955 3267 1048 3335 coepit,
1063 3267 1112 3320 sed
1125 3270 1320 3339 aperiebam

102 3341 218 3387 tuentur.
253 3333 303 3387 His
321 3334 408 3388 obniti
431 3335 526 3387 durum
548 3340 602 3402 est,
648 3351 705 3387 rae·
738 3331 848 3385 inlibris
865 3332 992 3386 mstisest
1009 3335 1134 3390 omnibus
1152 3331 1320 3392 necAblativn

102 3401 193 3456 sertim
211 3419 269 3455 cum
287 3399 409 3456 similium
425 3404 566 3457 verborum
583 3353 705 3484 analogia
737 3402 797 3454 nive
814 3400 910 3482 legitur
931 3401 982 3455 nisi
999 3401 1028 3482 in
1045 3403 1120 3459 Flor.
1140 3406 1167 3460 G
1189 3413 1217 3460 et
1232 3405 1320 3460 fortene

101 3478 341 3541 utrumquccasum
349 3471 473 3544 patiatur.
499 3472 570 3525 Vide
579 3472 703 3526 Rnddrm.
737 3468 1040 3534 Palaemonem
1058 3475 1172 3528 verbnm
1188 3474 1251 3528 illud
1264 3483 1320 3542 pror·

102 3538 189 3593 Instit.
209 3539 286 3593 Tom.
305 3546 320 3594 2
338 3559 366 3611 p.
382 3547 428 3593 111
449 3539 511 3594 edit.
529 3540 601 3612 Lips.
620 3541 704 3594 Steri-
738 3537 930 3591 ausomittitur.
957 3538 1055 3609 Itaque
1072 3541 1102 3593 in
1119 3542 1202 3597 tantia
1218 3541 1319 3596 librorum

98 3610 136 3662 lis
155 3606 260 3688 quidem
277 3627 336 3663 oum
354 3609 479 3662 Ablativo
497 3608 633 3662 coniunxit
649 3609 704 3662 Lu·
737 3606 821 3659 turbis
838 3605 902 3658 nihil
920 3606 1012 3660 melius
1030 3608 1187 3680 videbatur,
1291 3619 1320 3657 Ω·

100 3683 198 3732 cretius
215 3691 252 3744 11,
276 3683 325 3732 845
352 3684 381 3731 et
406 3676 476 3730 Plin.
502 3693 597 3747 paneg.
624 3694 647 3730 c.
670 3684 702 3730 56
739 3673 783 3745 qui
798 3674 869 3728 Flor.
885 3675 918 3742 Ε,
936 3674 965 3728 in
983 3693 1037 3746 quo
1054 3696 1111 3734 uno
1129 3682 1208 3733 niae
1243 3678 1319 3734 “natm

98 3748 188 3870 bb
203 3748 490 3868 {limitat
510 3755 555 3799 ‘²¹⁴‘
586 3747 705 3814 annno
738 3760 794 3864 lt
818 3743 890 3866 ‘illd
911 3743 1075 3867 lllllll
1084 3753 1318 3871 ‚zlwtn

137 3887 160 3952 ς.
171 3891 194 3937 9.
213 3901 324 3952 superne
341 3886 428 3937 lamen
445 3883 597 3963 admittant]
616 3883 705 3953 Vulgo
737 3829 821 3934 namq
903 3896 952 3941 ere¹
977 3834 1155 3939 videbatur.q
1173 3829 1316 3952 Nammqwl

101 3951 199 4032 legitur
216 3955 301 4005 lamen
319 3952 452 4020 occipiunt
469 3953 508 4003 od
521 3953 640 4019 medium,
659 3952 705 4005 sed
738 3948 845 4003 Medius
870 3948 955 4002 edidit
983 3952 1065 4005 biems
1094 3956 1214 4009 discussa
1238 3947 1316 4022 opem

103 4021 165 4074 ohm
188 4020 268 4074 etiam
290 4020 317 4073 in
340 4017 472 4091 plerisque
495 4017 628 4072 codicibus
645 4038 705 4073 mss.
739 4020 843 4071 bamam
869 4019 951 4087 coepit
978 4018 1076 4074 nullius
1099 4021 1161 4077 libri
1185 4017 1315 4091 auctori&

103 4087 339 4160 interpungebatur
355 4096 417 4158 post
435 4087 575 4155 neemiam.
605 4088 705 4141 Verum
738 4085 833 4139 nititur
860 4101 909 4140 nec
934 4085 992 4157 plus
1020 4088 1054 4142 od
1081 4089 1257 4164 integritatem
1279 4082 1314 4137 loa

103 4156 188 4211 minus
214 4157 295 4210 etiam
320 4158 355 4209 ad
380 4172 424 4221 ea,
458 4171 525 4224 quae
550 4163 704 4234 sequuntur,
738 4154 928 4209 reatituendam
945 4155 1059 4211 eonfert.

103 4233 167 4296 apta
184 4233 245 4279 sunt
261 4224 312 4278 ista
326 4228 364 4279 ad
371 4225 491 4286 mediam,
511 4239 705 4292 quomamcum
773 4226 795 4291 §.
815 4230 855 4277 11.
876 4224 986 4293 feraeve
1005 4227 1088 4281 ullius
1107 4230 1244 4300 nutam
1262 4219 1311 4277 flor.

103 4294 233 4365 prion'bua
251 4293 392 4348 coniuncta
409 4291 557 4358 abundant,
582 4306 641 4343 eum
665 4309 704 4346 se·
737 4292 764 4346 A
783 4292 893 4361 feraeve
911 4293 1047 4361 eestiyinm
1073 4299 1165 4351 adina.
1196 4294 1245 4350 Pro
1265 4288 1311 4343 ald

105 4362 245 4431 quentibus
276 4369 373 4416 nocent
403 4358 557 4413 sententiae.
604 4359 657 4413 Sed
683 4361 705 4415 si
738 4360 789 4429 (sic
807 4359 877 4413 enim
894 4359 1026 4429 scribitur,
1044 4381 1101 4418 non
1119 4368 1208 4434 astat)
1227 4362 1309 4417 inm

48 4439 52 4445 '
104 4430 266 4501 vera-quod
278 4430 373 4499 sentio,
391 4428 608 4499 expromendum,
626 4429 706 4487 nesio
737 4427 816 4484 nullia
833 4436 874 4484 eat
892 4430 996 4500 existat,
1013 4430 1088 4488 Flor.
1106 4432 1191 4489 DFL'
1302 4482 1305 4491 .
