2926 5174
416 323 465 372 nr
492 322 621 374 orsus
646 321 756 378 Anax.
781 324 834 392 nr,
869 321 912 370 ro.
1239 308 1288 379 43

10 505 214 584 rSubductis
255 503 403 578 deinde
435 529 481 578 ex
513 506 589 579 acie
605 504 799 580 Thessalis
836 506 1033 603 equitibus,
1066 509 1290 605 praesectum

27 643 134 694 eorum
161 617 327 690 occulte
356 615 541 690 circumire
567 624 710 712 tergum
735 641 883 690 suorum
909 617 1019 709 iubet,
1046 616 1290 692 Parmenioni-

10 751 84 828 ique
108 727 308 825 coniungi,
341 736 381 799 et
407 724 503 823 quod
528 727 558 800 is
584 727 807 824 imperasset,
831 727 983 825 impigre
1010 730 1149 825 exequi.
1199 730 1289 803 lam·

32 866 87 939 que
108 840 178 938 ipsi
213 839 260 910 in
300 835 468 910 medium
492 837 686 910 Persarum
717 836 877 934 undique
908 838 1112 912 circumfusi
1147 842 1290 939 egregie

30 953 232 1039 tuebantur3
278 945 356 1022 sed
384 949 547 1038 conferti,
575 957 613 1021 et
638 948 741 1043 quasi
765 949 1020 1041 cohaerentes,
1046 950 1120 1024 tela
1145 951 1290 1028 vibrare

32 1090 86 1137 non
108 1068 319 1162 poterant:
361 1058 466 1131 simul
491 1067 593 1133 erant
619 1057 770 1147 emissa,
804 1058 842 1128 in
870 1058 1017 1134 eosdem
1041 1064 1292 1164 concurrentia

32 1173 316 1271 implicabantur,
348 1169 489 1266 levique
515 1179 553 1242 et
578 1188 672 1242 vano
698 1169 777 1241 ictu
803 1194 919 1266 pauca
943 1170 982 1242 in
1007 1171 1159 1263 hostem,
1186 1175 1290 1270 plura

31 1287 64 1367 ‚in
81 1286 228 1358 humum
259 1279 427 1354 innoxia
451 1279 636 1353 cadebant.
694 1278 795 1377 Ergo
824 1281 1020 1354 comminus
1046 1307 1206 1380 pugnam
1232 1309 1289 1356 co·

18 1396 95 1468 rat
116 1417 336 1481 conserere,
372 1388 507 1488 gladios
542 1390 691 1488 impigre
719 1392 911 1488 stringunt.
966 1390 1056 1465 Tum
1084 1419 1172 1467 vero
1199 1395 1287 1467 mul·

42 1515 98 1578 tun
119 1504 320 1603 sanguinis
351 1503 472 1573 finum
498 1511 563 1577 est.
632 1501 736 1576 Duae
763 1502 896 1599 quippe
922 1503 1016 1576 acies
1042 1505 1094 1577 ita
1119 1506 1288 1581 cohaere·

41 1615 111 1707 bant,
135 1626 178 1688 ut
206 1613 339 1688 armis
369 1636 469 1683 arma
493 1613 686 1708 pulsarent,
713 1638 904 1687 mucrones
925 1618 963 1687 in
989 1641 1054 1689 ora
1080 1615 1285 1713 dirigerent.

35 1725 94 1800 Non
117 1725 283 1815 timido,
324 1747 407 1795 non
438 1723 569 1820 ignavo
603 1747 743 1797 cessare
769 1734 849 1797 tum
874 1725 991 1797 licuit:
1027 1728 1156 1802 collato
1183 1726 1286 1825 pede,

36 1839 113 1934 quasi
138 1837 289 1935 singuli
318 1835 421 1907 inter
446 1858 483 1906 se
510 1831 729 1927 dimicarent,
753 1837 793 1907 in
815 1835 942 1908 eodem
959 1838 1110 1934 vestigio
1132 1839 1287 1930 stabant,

15 1947 125 2024 eloneo
156 1945 368 2022 vincendo
401 1944 518 2016 locum
550 1945 617 2018 sibi
650 1947 819 2018 facerent.
899 1945 992 2018 Tum
1023 1946 1168 2020 demum
1201 1972 1287 2047 ergo

35 2062 299 2157 promovebant
328 2053 507 2162 gradum,
521 2081 604 2128 cum
628 2056 770 2128 hostem
797 2065 1077 2152 prostraverant.
1130 2057 1183 2130 At
1207 2059 1287 2133 illos

34 2197 127 2247 nouis
151 2168 391 2267 ‚excipiebat
422 2164 648 2239 adversarius
679 2168 848 2264 fatigatos
855 2193 865 2257 3
904 2191 972 2242 nec
1010 2169 1206 2259 vulnerati,
1245 2181 1288 2243 ut

35 2285 97 2359 alias
124 2286 283 2370 solent,
315 2277 397 2350 acie
423 2286 591 2372 poterant
617 2277 809 2366 excedere,
843 2301 926 2349 cmn
951 2277 1064 2351 hostis
1089 2280 1240 2354 instaret
1266 2309 1289 2356 a

35 2394 146 2488 lronte,
176 2420 202 2467 a
233 2403 356 2486 tergo
384 2388 439 2461 sui
464 2396 643 2484 urgerent.

17 2519 25 2566 ⁷
115 2500 359 2580 Alexander
383 2525 456 2572 non
483 2498 583 2571 ducis
610 2498 722 2597 magis
729 2553 739 2588 ,
771 2523 877 2594 quam
908 2498 1028 2603 militis
1059 2500 1180 2573 munia
1206 2507 1339 2578 exe-27

39 2705 94 2772 diris,
109 2711 178 2772 v,2
222 2701 340 2756 Arbela
364 2698 415 2751 diti
437 2717 508 2768 pazo
535 2700 648 2766 repleta3
718 2699 797 2751 simul
815 2707 889 2751 erant
906 2700 1013 2766 emissa]
1032 2698 1200 2754 Sioch.A
1216 2701 1288 2755 Flor.

40 2781 110 2826 antra
126 2774 183 2826 vid.
204 2772 246 2825 ad
266 2783 316 2835 IV,
336 2773 365 2833 4,
385 2772 426 2818 24.
683 2768 710 2819 Α
727 2767 751 2819 Β
770 2765 862 2832 Leid,
897 2766 1081 2837 gloriaturqua
1107 2768 1213 2821 Modius
1240 2771 1290 2822 hac
1315 2784 1317 2788 ·

64 2841 173 2913 Capto,
191 2845 218 2910 §.
231 2846 260 2892 4.
283 2838 404 2902 Iamque
421 2836 474 2903 ipsi
491 2836 520 2887 iu
537 2836 649 2888 mediam
684 2833 885 2900 emendatione,
912 2852 962 2889 nec
985 2842 1075 2888 tamen
1092 2836 1169 2889 video
1188 2854 1241 2906 qua
1257 2853 1288 2890 re
1383 2884 1388 2889 .

40 2907 176 2978 Persarum]
217 2908 289 2977 Ipsi
308 2903 472 2957 Macedones
490 2910 560 2970 sunt,
585 2903 648 2955 Ale-
682 2918 843 2972 magnopere
861 2901 965 2955 differat
982 2902 1045 2955 olim
1070 2903 1181 2974 vulgata
1206 2906 1286 2958 simul

41 2979 124 3031 rander
142 2997 205 3031 curn
225 2975 298 3040 suis,
319 2972 370 3024 sed
389 2988 457 3050 quae
474 2971 648 3041 sequiturpu-
683 2980 712 3023 ut
729 2979 805 3023 eram
823 2971 936 3036 emissa,
963 2985 1013 3022 nec
1030 2970 1105 3023 Voss.
1127 2979 1139 3023 1
1160 2974 1289 3041 simulque

45 3061 99 3122 gpse
113 3045 261 3116 descriptio
288 3059 350 3094 non
368 3057 453 3092 nunus
470 3041 503 3092 ad
521 3039 590 3119 alam
606 3056 648 3092 re-
683 3047 760 3091 erant
779 3038 875 3116 emissa
892 3053 948 3089 rem
965 3044 1060 3089 mutat.
1077 3039 1123 3116 An
1140 3039 1225 3116 Medii
1243 3055 1288 3091 ae·

48 3107 649 3250 tttffit‘ethttttttttttat
683 3114 742 3227 lile
760 3104 1291 3252 ddlr‘ldrlliiffiblialllt'hllll'd

48 3246 182 3303 militariter
258 3246 389 3300 'dictum
398 3252 474 3316 puto:
492 3246 521 3296 ia
537 3246 650 3298 mediam
684 3193 760 3296 bien
773 3239 882 3295 Curtius
899 3240 926 3293 in
944 3247 1021 3293 tanta
1030 3240 1165 3295 vicimtate
1174 3242 1289 3295 telorum

46 3315 177 3371 nimirum'
216 3317 252 3385 ti,
282 3311 399 3379 invecti,
423 3312 458 3364 im
478 3311 562 3378 licati;
599 3322 651 3364 tue·
685 3310 881 3378 iaculorumque
898 3327 974 3362 usum
996 3327 1049 3362 non
1065 3309 1158 3377 fuisse,
1184 3328 1245 3364 curn
1261 3310 1290 3364 in

43 3384 124 3439 bantur
140 3387 198 3440 sine
218 3385 357 3447 obiecto,
395 3398 446 3450 quo
490 3388 581 3432 tamen
602 3379 653 3450 ipsi
686 3396 714 3433 se
731 3379 789 3450 ipsa
805 3376 951 3431 inciderent
969 3384 997 3430 et
1014 3378 1290 3448 ascopodeclinaren-

41 3463 127 3523 essent,
146 3453 322 3510 Germanice
342 3449 373 3528 stt
391 3451 475 3516 blslttn
493 3449 544 3514 tle.
581 3446 653 3527 Nam
686 3456 739 3527 tur.
758 3447 838 3526 Quod
855 3446 975 3516 sequitur
992 3445 1073 3525 yulgo
1083 3449 1208 3515 omnious,
1227 3447 1290 3502 scri·

41 3521 113 3577 nullm
130 3524 203 3578 liber
211 3524 431 3586 manuscriptus,
450 3524 579 3587 quantum
588 3533 651 3583 scio,
686 3534 726 3586 ps1
744 3533 884 3568 commanus
903 3522 932 3568 et
948 3523 1051 3567 ratione
1068 3523 1169 3583 motus,
1192 3516 1290 3587 quippe

39 3607 61 3641 se
76 3594 217 3646 tuebamur
237 3589 338 3649 habet,
358 3584 470 3637 Aldinus
488 3584 575 3638 editor
592 3602 653 3653 pro-
688 3584 759 3654 quod
778 3583 933 3636 vocabulum
950 3600 967 3636 a
982 3601 1063 3636 manu
1080 3585 1234 3651 deducatur,
1261 3592 1291 3637 et

39 3675 121 3714 nomen
139 3659 248 3714 adiecit
267 3664 300 3709 et
315 3651 414 3722 reliqui
422 3660 568 3718 servarunt,
588 3670 653 3721 quos
688 3650 820 3706 constanti
837 3651 996 3730 optimorum
1012 3651 1131 3706 codicum
1148 3652 1290 3705 Curtiano-

40 3742 97 3781 nune
111 3748 168 3782 non
188 3726 312 3789 imitor,
341 3736 378 3772 ne
405 3720 467 3790 quid
484 3718 653 3791 proprietatis
687 3739 746 3772 rum
763 3726 929 3773 auctontate.
948 3719 990 3774 Cf.
1001 3718 1122 3773 Cortium
1138 3721 1172 3773 ad
1181 3720 1290 3774 Sallust.

40 3795 165 3868 detergam
184 3810 303 3849 verens,
328 3788 398 3841 Mox
407 3807 453 3841 coa
466 3791 516 3841 erti
525 3806 584 3842 eum
593 3788 653 3841 Mo·
689 3788 748 3842 Cat.
766 3805 788 3841 c.
808 3794 849 3854 60,
867 3794 893 3842 3.

40 3862 74 3916 dio
88 3865 150 3918 dedi
168 3881 208 3917 ex
227 3859 314 3914 libris
332 3856 408 3908 Leid.
458 3856 571 3922 onliB,
589 3855 654 3910 item
722 3859 746 3922 §.
765 3861 788 3909 6.
825 3856 995 3909 aduersarius
1011 3857 1152 3925 fotipotos]
1190 3855 1290 3909 Omnes

39 3928 96 3986 Flor.
113 3932 179 3988 GH
198 3931 294 3984 Bern.
314 3925 349 3977 B.
385 3922 468 3978 Miror
484 3923 513 3977 in
530 3924 609 3976 Bern.
627 3928 654 3978 A
688 3923 740 3976 mei
763 3931 792 3977 et
809 3921 942 3978 Snalrenb.
961 3913 1062 3976 codices
1088 3926 1214 3975 adversus
1232 3924 1291 3990 fat.

38 4006 60 4050 et
74 4001 148 4056 Voss,
162 4010 175 4053 1
199 4013 266 4052 esse
286 3992 430 4061 vulgatum
447 3994 576 4045 conserti:
593 4009 655 4046 nam
688 3999 794 4062 praeter
810 3991 834 4044 F
835 3991 882 4044 lor.
899 3993 933 4045 Α.
956 3990 1010 4043 Sed
1027 4008 1081 4043 non
1098 4007 1165 4058 opus
1182 3988 1232 4041 fuit
1248 4004 1291 4042 re-

39 4081 79 4136 ego
101 4069 218 4141 quidem
249 4060 368 4116 minime
393 4059 484 4114 dubito
511 4059 575 4130 quin
592 4060 655 4129 h.l.,
688 4060 799 4113 stituera
816 4061 887 4128 quod
904 4058 1015 4112 Aldinus
1033 4057 1119 4109 editor
1136 4075 1183 4111 suo
1200 4056 1291 4110 Marte

40 4136 153 4203 quoniam
178 4132 322 4204 sequitur
347 4136 372 4179 et
389 4130 464 4195 quasi
482 4131 654 4196 cohaerentes,
688 4127 826 4181 inventum
842 4127 949 4198 reliquis
967 4131 1140 4196 persuaserat.

39 4218 165 4259 commune
185 4211 219 4256 et
240 4196 498 4253 usitatumverbum
508 4211 654 4266 praecesse·
724 4196 790 4266 Cap.
809 4200 852 4262 27,
872 4199 895 4264 ξ.
915 4203 937 4247 7.
974 4210 1051 4261 qaum
1077 4193 1170 4247 militis
1188 4195 1289 4260 munia]

39 4269 74 4338 rit,
91 4275 171 4344 quale
190 4278 242 4325 est
263 4263 385 4334 conferti
394 4265 513 4333 gettdugt,
533 4281 655 4317 noncon·
689 4264 779 4333 Vulgo
796 4262 884 4315 editur
900 4277 1016 4321 munera,
1037 4260 1108 4328 quod
1125 4277 1160 4313 ex
1178 4259 1292 4314 deterio-

40 4344 103 4406 serti,
130 4341 213 4414 quod
245 4343 279 4390 et
300 4332 390 4402 ipsum
407 4330 601 4385 similitudinem
617 4332 655 4386 rei
689 4331 761 4385 ribus
779 4332 854 4384 codd.
874 4329 963 4400 quales
981 4334 1043 4378 sunt
1069 4327 1191 4382 Bern.B
1218 4327 1292 4382 Flor.

42 4403 141 4465 haberes.
689 4400 718 4453 H
734 4401 836 4455 Voss2
855 4398 882 4450 in
901 4395 1028 4451 editiones
1045 4394 1177 4466 principes
1194 4395 1292 4466 migm-
