2926 5174
108 287 181 359 tlt
574 308 608 370 o.
637 307 760 360 cunru
789 307 873 358 num

55 493 103 564 38
209 491 270 565 Ad
294 515 408 564 oerum
434 491 558 565 corinun
581 494 682 566 etad
707 519 812 566 unum
836 489 1063 565 revertendum
1088 486 1351 562 autemnon

105 630 176 678 rem
208 604 351 676 delatam
385 604 432 676 ad
466 617 494 676 te
531 604 685 678 tacuisti?
726 629 786 678 cur
816 619 884 679 tant
917 627 1053 677 secturus
1084 599 1225 674 nudati?
1260 599 1318 672 Hoc

107 716 329 814 quatecunque
354 727 408 806 est,
435 718 581 817 confesso
607 716 698 808 milii,
723 717 905 818 ubicunque
931 740 982 807 cs,
1008 712 1217 803 Abuonder,
1240 707 1319 784 reni·

106 827 180 900 sisti
187 856 198 898 .·
225 827 393 901 deuterum
419 841 510 900 mam
536 828 726 927 ampleaus,
751 826 949 903 reconciliati
968 825 1098 925 pipnus
1123 823 1240 914 animi,
1264 845 1320 895 cou-

108 938 196 1013 uiuio
232 964 358 1040 quoque
392 940 536 1040 interfui.
597 938 640 1017 Si
672 941 843 1015 credidisti
871 937 967 1029 mibi,
1002 937 1166 1011 absolutus
1196 961 1278 1025 sum,
1298 931 1360 1004 sill

102 1050 292 1148 pepercisti,
318 1051 497 1124 dintusus:
522 1052 575 1125 od
598 1052 759 1126 iudicium
785 1065 878 1127 tuum
902 1074 1008 1126 seruo.
1065 1045 1157 1131 Quid
1181 1047 1240 1119 boc
1258 1067 1320 1143 pro

106 1164 201 1236 nimo
219 1175 316 1254 noue,
343 1190 410 1263 qua
430 1164 599 1262 dioressus
624 1191 699 1238 suin
724 1190 879 1239 amensa
904 1176 970 1252 tua,
985 1159 1083 1263 soci?
1109 1159 1197 1259 quod
1220 1181 1321 1232 novun

95 1275 237 1374 facinus
268 1273 413 1350 matum
447 1276 495 1349 ad
527 1289 555 1349 te
586 1275 725 1349 mutauit
755 1276 905 1349 animum
936 1272 1054 1347 uum?
1093 1270 1200 1346 Grau
1224 1290 1320 1377 sapui

104 1386 346 1487 acquiescebam
381 1413 456 1461 (um
497 1411 548 1459 nse
585 1387 684 1460 orobos
716 1386 964 1460 indomnientcm
998 1385 1082 1458 uicis
1112 1382 1239 1457 inimici
1268 1379 1321 1454 oin

107 1498 221 1573 ciendo
256 1498 484 1573 recitaverunt.
548 1498 642 1571 Urube
668 1511 698 1571 et
724 1498 920 1595 parricidae
946 1509 977 1569 ct
995 1495 1165 1594 proditori
1191 1506 1255 1567 mm
1278 1488 1361 1562 dti1³

105 1609 197 1710 quies
231 1609 364 1683 sornnil
417 1607 577 1684 Scebroti
617 1610 812 1685 corisdentia
853 1610 1050 1706 obstrepente
1089 1633 1165 1682 cum
1198 1602 1320 1680 domin
1333 1612 1363 1662 14

104 1746 171 1795 non
190 1734 349 1818 possunt,
375 1721 503 1820 apitant
526 1746 580 1796 eos
596 1722 732 1824 furiae,
758 1746 825 1795 raon
850 1720 986 1820 capitato
1010 1720 1125 1811 ando,
1160 1717 1220 1793 sed
1243 1715 1321 1790 man

103 1845 328 1908 corisummato
348 1833 546 1931 parricidio.
600 1833 649 1905 At
681 1834 765 1906 mibi
789 1833 992 1932 securitatem
1012 1833 1169 1931 primum
1194 1829 1321 1903 innuun-

106 1947 153 2020 tia
186 1969 275 2035 meo,
311 1946 430 2019 deinde
464 1959 522 2018 tua
553 1944 687 2018 deutera
722 1946 915 2019 obtulerant:
949 1969 1016 2018 non
1048 1944 1159 2036 timui,
1195 1967 1234 2014 ne
1257 1937 1320 2038 plus

104 2058 231 2130 atienae
257 2057 443 2130 crudelitati
467 2056 563 2153 opud
587 2069 615 2128 te
642 2056 764 2150 liceret,
797 2082 898 2156 quam
923 2055 1110 2128 clementiae
1136 2067 1219 2127 tuae.
1269 2045 1359 2126 Stb¹⁵

103 2195 145 2242 ne
171 2182 198 2242 te
224 2168 309 2240 atrilii
332 2169 510 2242 credidisse
530 2169 704 2266 poeniteat,
730 2193 783 2242 res
809 2169 857 2242 ad
881 2192 932 2240 me
958 2166 1165 2268 deserebatur
1184 2192 1206 2239 a
1224 2183 1321 2264 puero,

104 2280 164 2381 qui
187 2306 254 2354 non
280 2290 401 2369 testem,
427 2305 494 2354 non
515 2282 642 2380 pipnus
668 2280 786 2355 indicii
810 2280 956 2354 enbibere
978 2291 1124 2377 poterat,
1151 2275 1322 2375 impleturas

106 2415 216 2465 omncs
242 2402 344 2482 metu,
370 2391 403 2463 si
427 2393 582 2490 coepisset
607 2394 731 2467 audiri.
784 2390 956 2465 Amatoris
981 2402 1011 2462 ct
1035 2390 1136 2463 scorti
1161 2387 1265 2487 iurpio
1287 2383 1321 2455 in·
1334 2389 1358 2440 ¹⁶

104 2644 263 2716 Patmclnafl
281 2644 417 2712 ⁵¹g¹¹¹fi⁰at·
740 2647 879 2714 verborum
901 2644 1004 2696 inverso
1028 2644 1062 2695 de
1089 2643 1239 2697 coniectura
1257 2637 1322 2715 edidi

140 2735 163 2800 ξ.
192 2737 230 2783 11.
268 2733 400 2783 desieram
426 2741 497 2785 suam
528 2749 617 2786 omnes
644 2733 706 2787 libri
740 2734 793 2767 non
803 2721 974 2792 consummato
983 2715 1059 2765 modo
1078 2715 1126 2765 scd
1143 2713 1288 2792 etcopitotu
1296 2722 1321 2786 er:

103 2809 221 2868 veteres3
245 2799 313 2851 siout
331 2798 467 2869 aliquanto
484 2809 544 2872 post
562 2805 584 2869 ξ.
605 2809 636 2854 14
661 2813 705 2856 sua
741 2782 939 2853 ausculanus,
958 2780 1116 2860 Sclmfferus,
1136 2782 1180 2833 niu
1192 2775 1321 2849 adstrpnlstr

106 2873 220 2923 deutero.
255 2868 345 2937 Vulgo
363 2872 489 2923 (teatrum.
740 2859 810 2906 sunt.
847 2850 947 2904 Verum
964 2856 1045 2901 etiam
1062 2850 1114 2903 hoo
1131 2857 1190 2916 est,
1213 2865 1269 2900 nam
1289 2859 1320 2913 qu
1354 2880 1358 2889 .

103 2575 210 2630 Modius
228 2574 315 2655 loourn
334 2573 379 2654 qui
396 2582 438 2628 est
456 2591 519 2643 vm,
530 2582 563 2630 24
581 2577 705 2648 vulgatae
740 2586 810 2630 mato
838 2576 945 2628 habent.
991 2573 1099 2627 Modius
1129 2581 1220 2627 autern
1248 2566 1321 2624 ordine

697 2957 703 2969 ·
740 2919 900 2975 conscientia
917 2917 979 2970 moli
996 2917 1120 2972 facinoris
1138 2921 1319 2972 commoveant

137 2960 161 3024 ξ.
181 2962 220 3008 12.
247 2955 422 3008 excitauerunt
443 2974 459 3008 o
479 2954 536 3008 timi
553 2964 582 3010 et
598 2956 705 3026 plurimi
740 2998 768 3043 Op
785 2996 926 3060 postquam
949 2987 1068 3040 fecerunt
1087 2994 1115 3039 et
1137 2980 1320 3058 priusquamp

102 3043 150 3096 Pr⁰
169 3023 240 3106 bulg·
259 3024 420 3093 emmmm‘
470 3024 702 3078 1⁰r'HBem'B
740 3059 811 3112 ciant
832 3057 1028 3128 perturbantur.
1065 3055 1120 3109 Sed
1146 3055 1273 3126 quivere
1286 3065 1320 3102 un·

101 3102 300 3148 mmmmm
354 3179 359 3190 ,
405 3179 410 3191 ,
482 3179 488 3191 ,
536 3178 542 3190 ,
645 3179 650 3190 ,
684 3179 690 3190 ,
739 3126 817 3198 probi
839 3133 916 3193 sunt,
938 3124 955 3177 ii
979 3126 1100 3194 perfecto
1122 3124 1236 3178 facinore
1255 3119 1320 3173 mnu

136 3183 159 3248 ς.
180 3187 218 3259 ¹3:
241 3188 264 3230 et
278 3180 417 3266 proditori.
430 3178 574 3258 ‘Acrdnhus
593 3187 704 3260 coniecit
740 3202 936 3251 commoventur
954 3211 1034 3264 quam
1051 3211 1111 3247 cum
1119 3190 1320 3264 perficiendioen.

101 3259 124 3302 et
136 3251 258 3327 prodito,
276 3247 468 3327 lremshemrus
491 3258 514 3300 et
536 3251 644 3317 prodito
666 3266 704 3328 re,
741 3265 827 3318 silium
844 3271 979 3333 ceperunt,

101 3319 147 3369 sed
163 3335 192 3368 1¹¹
208 3315 317 3396 vulgata
337 3315 453 3397 1³0t1013e,
472 3333 577 3396 Pl0¹⁶⁸9⁸
598 3334 701 3397 aelim&
776 3343 821 3386 tua
848 3332 967 3402 deutero]
1003 3331 1048 3385 sto
1063 3330 1173 3385 Modius
1200 3337 1227 3384 et
1250 3338 1320 3382 omna

101 3403 152 3437 sco.
180 3385 236 3435 Atra
254 3401 326 3451 quies
345 3402 427 3464 somno
446 3404 473 3438 m
491 3387 611 3465 omnibus
628 3386 701 3467 libras
739 3403 841 3457 codices
863 3400 947 3454 nostri
969 3407 1078 3470 praeter
1099 3398 1217 3454 plor-G
1240 3397 1266 3450 in
1282 3407 1320 3465 quo

101 3460 159 3518 est,
182 3453 237 3503 (1le
264 3468 298 3504 ΘΧ
319 3451 465 3530 Blpontlssa
491 3455 555 3507 edlb·
583 3455 648 3508 falso
675 3474 703 3508 ln
738 3479 780 3525 est
812 3474 917 3524 dempera
945 3478 998 3522 ma·
1042 3467 1132 3539 Vulgo
1165 3471 1255 3522 dextra
1281 3473 1319 3517 Μ,

101 3536 215 3592 Pf¹⁰ffi¹¹¹
232 3537 316 3572 meam
333 3529 483 3592 memerat-
739 3539 873 3594 Snakenb.
891 3537 1114 3591 inLeid.Voss.1
1135 3537 1190 3607 legi
1206 3533 1319 3610 traditur

136 3608 158 3672 §.
184 3611 223 3656 14.
263 3623 319 3658 cirin
352 3609 466 3660 dormire
497 3627 549 3663 uon
578 3621 701 3679 possunt,
740 3613 847 3675 (lextra,
874 3605 949 3678 qnasi
974 3605 1001 3659 in
1019 3605 1098 3660 Voss.
1121 3613 1136 3659 2
1168 3604 1318 3675 vulgatam

102 3675 191 3743 Vulgo
215 3676 333 3742 possint,
365 3676 439 3728 maie.
484 3677 543 3731 Nos
570 3678 702 3749 sequimur
738 3679 784 3731 sed
801 3676 892 3731 dubito
909 3676 943 3728 de
959 3683 1073 3756 utraque
1086 3691 1124 3728 re.
1141 3675 1209 3728 Mox
1217 3672 1319 3726 obtulercl

100 3752 242 3813 utrumque
272 3742 352 3797 Bern.
375 3745 446 3797 Flor.
472 3746 599 3800 ABCEG
627 3748 701 3801 Leid.
738 3747 822 3799 edidit
843 3745 950 3799 Modius
971 3744 1078 3796 mimme
1101 3743 1185 3810 male,
1206 3742 1318 3813 immou

100 3812 177 3866 Voss.
195 3810 283 3865 redit.
300 3832 339 3883 pr.
352 3813 430 3880 blau,
449 3814 495 3865 sod
512 3832 575 3868 vera
592 3817 703 3870 forsitan
737 3815 841 3895 vulgari
857 3831 906 3868 usu
918 3811 1008 3866 Latini
1021 3812 1158 3880 sermonis,
1177 3813 1223 3865 sed
1235 3811 1318 3884 dener}

100 3891 141 3934 ost
163 3880 290 3935 Modiana
312 3882 453 3948 eorrectio,
482 3900 549 3953 quae
572 3885 652 3938 etium
676 3885 703 3938 in
739 3883 871 3938 oodrcibus
889 3880 1026 3953 singularis
1044 3883 1317 3935 numerusnonutm

100 3951 176 4004 Voss.
195 3958 209 4003 2
229 3957 316 4017 extat,
336 3952 498 4004 condormire
515 3971 567 4006 non
580 3963 702 4022 possunt.
739 3954 767 4006 in
783 3953 854 4006 Flor.
871 3951 899 4004 H
917 3959 944 4003 et
961 3968 1009 4004 suo
1027 3968 1085 4005 eom
1106 3949 1145 4004 uri
1161 3950 1240 4003 Bern.
1254 3944 1317 4011 M
1367 4010 1369 4015 Ι

101 4020 200 4089 Aprum
218 4017 287 4070 enim
296 4019 401 4073 videtur
409 4020 527 4087 verbum,
546 4039 704 4092 quamquam
739 4037 899 4092 magnopere
915 4018 995 4073 mirer
1006 4037 1023 4072 u
1034 3969 1170 4074 Snubenb.
1187 4014 1252 4072 trudi
1265 4013 1316 4087 idel!

100 4105 152 4139 non
171 4088 267 4156 legitur
292 4090 362 4159 apud
386 4089 484 4141 bonum
501 4097 634 4143 auctorem
651 4090 701 4144 nisi
738 4091 872 4143 inventum
893 4104 949 4142 esse
970 4088 998 4141 in
1020 4088 1093 4142 Flor.
1111 4087 1214 4141 Heinsii
1236 4091 1262 4138 et
1279 4090 1315 4134 illl

100 4157 170 4224 apud
189 4157 296 4208 Sueton.
310 4160 381 4227 Aug.
396 4163 427 4209 78
445 4157 495 4210 hac
511 4157 702 4228 significatione
739 4159 823 4212 tribus
850 4175 884 4210 ne
909 4157 994 4210 dicum
1023 4159 1057 4209 de
1085 4155 1196 4211 Gruteri
1219 4149 1314 4208 omnibll

5 4256 10 4262 -
100 4231 130 4274 nt
145 4223 180 4276 sit
188 4224 301 4277 dormire
318 4228 381 4278 dum
399 4225 498 4295 aliquid
516 4227 605 4296 agitur
622 4227 701 4280 alind,
740 4227 900 4295 (Palatinis).
935 4225 1062 4279 Similiter
1085 4225 1193 4280 Curtius
1211 4218 1313 4294 pluralem

10 4333 13 4336 .
100 4289 166 4343 Post
183 4295 231 4344 s'ed
248 4294 324 4346 etium
343 4307 432 4348 omnes
451 4295 526 4347 codd.
545 4313 603 4347 oum
620 4297 703 4365 vulgo
739 4296 814 4350 verbi
831 4312 968 4349 numerum
976 4294 1064 4365 posuit
1072 4308 1115 4363 vl,
1126 4301 1158 4348 19
1176 4296 1222 4347 itta
1229 4297 1312 4359 reposti

100 4359 293 4435 edatursedet;
310 4373 541 4432 proconsurnmoto
559 4363 703 4416 deteriores
739 4384 827 4433 sierint,
858 4383 904 4417 ren
927 4365 1087 4416 Parthienen
1109 4365 1256 4433 penserunt·

100 4424 273 4497 libripnrtim
296 4432 461 4498 confirmato,
484 4431 582 4500 partim
608 4435 703 4499 corfir-
741 4433 857 4488 Gramm.
876 4440 993 4487 nostram
1012 4435 1035 4501 ξ.
1054 4439 1114 4488 374.
