2926 5174
572 331 769 384 Arruunrx.
802 418 804 422 .
1213 311 1285 384 559

141 519 164 592 3.
181 519 230 576 33.
265 517 425 596 aestimare]
450 519 574 574 estimare
598 519 692 577 solent
716 520 802 576 etium
827 518 943 596 optimi,
974 521 1103 576 estimare
1128 516 1285 577 Flor.›EG

83 624 143 662 ern.
159 605 184 661 B
201 604 291 664 Voss.
312 605 342 665 2.
379 603 565 681 diynissimos]
583 606 679 679 diynos
700 606 780 664 Flor.
799 603 839 667 G.
904 632 909 644 ·

579 818 693 877 Liber
725 818 765 876 V.

141 943 211 1021 Cep.
230 947 264 1020 1,
290 947 317 1020 3.
337 948 367 1003 2.
403 946 517 1021 Arbela]
542 945 671 1005 Arbelam
688 948 746 1005 fere
763 946 843 1016 libri,
867 946 924 1005 nisi
941 946 1016 1022 quod
1033 947 1184 1004 Harbelam
1201 947 1287 1005 Bern.

98 1032 178 1090 Flor.
196 1032 256 1105 FI,
279 1033 415 1091 berbelam
439 1033 520 1094 Flor.
538 1034 583 1105 E,
610 1033 735 1090 Harbela
752 1033 832 1091 Flor.
851 1033 891 1090 A.
926 1032 1029 1089 Arbela
1047 1033 1241 1091 videturesse
1258 1033 1288 1089 in

83 1137 142 1175 ern.
161 1119 200 1175 A.

141 1205 166 1277 3.
185 1205 214 1261 3.
258 1202 375 1278 Arbela]
396 1205 547 1261 Harbelam
564 1204 643 1263 Flor.
662 1205 739 1263 AFI
756 1205 842 1263 Bern.
860 1205 902 1278 A,
918 1204 1057 1262 barlebam
1074 1204 1153 1262 Flor.
1172 1205 1209 1278 B,
1226 1205 1288 1263 ber-

83 1291 140 1346 lem
157 1289 234 1347 Flor.
253 1289 299 1362 E,
324 1290 444 1348 arbelam
465 1291 544 1351 Flor.
563 1289 657 1349 ΒΘΗ
673 1291 761 1349 Bern.
775 1291 812 1363 Β,
836 1290 966 1347 arbellam
983 1291 1062 1348 Flor.
1082 1288 1117 1348 0.
1154 1292 1288 1366 compule-

83 1378 110 1450 r]
131 1376 288 1450 conpelleret
305 1375 385 1432 Flor.
405 1376 435 1433 A
457 1376 545 1434 Bern.
564 1377 605 1450 A,
624 1379 801 1451 compleverat
815 1377 896 1434 Flor.
916 1373 979 1434 CF.

142 1463 166 1534 §.
186 1462 215 1520 4.
260 1462 341 1534 esset]
362 1470 421 1518 erat
437 1461 517 1519 Flor.
531 1459 796 1520 CDEFHI'Bem.
814 1462 851 1520 B.
871 1464 999 1537 opimam]
1019 1463 1146 1536 optimam
1162 1462 1243 1521 Flor.
1255 1462 1287 1520 H

83 1566 143 1603 ern.
155 1547 190 1602 B.
224 1548 294 1620 eius]
314 1546 406 1603 omitt.
424 1548 503 1605 Flor.
522 1547 627 1605 EFHI
643 1548 732 1606 Bern.
751 1549 787 1605 B.

137 1634 161 1706 §.
181 1633 209 1688 7.
245 1633 454 1707 desperationis]
472 1635 657 1708 desperatione
674 1633 762 1691 Bern.
780 1633 818 1691 B.
850 1633 1003 1708 Babylona]
1019 1632 1183 1690 Babilonam
1200 1634 1287 1691 Bern.

85 1719 112 1774 B
130 1719 209 1778 Flor.
228 1717 287 1775 AB
306 1726 335 1774 et
351 1717 409 1774 fere
429 1717 510 1777 Leid.
528 1718 616 1777 Voss.
637 1721 664 1791 1,
682 1719 854 1776 babilloniam
870 1718 971 1793 reliqui
984 1720 1064 1776 Flor.
1082 1728 1110 1775 et
1128 1719 1195 1776 edit.
1215 1728 1285 1778 vett.

83 1804 264 1879 iabyloniam)
282 1821 375 1877 usque
393 1804 429 1861 ad
446 1805 575 1863 Medium
594 1804 643 1880 qui
660 1804 769 1880 primus
786 1804 865 1861 dedit
880 1804 1061 1878 Babylonem:

142 1891 166 1962 3.
185 1890 213 1945 8.
248 1891 406 1963 reparasse]
426 1893 578 1965 repperisse
595 1890 675 1948 Flor.
694 1891 725 1947 H
743 1890 831 1946 Beru.
850 1889 885 1946 B.

142 1972 214 2049 Cep.
232 1975 261 2046 2,
280 1976 304 2048 3.
326 1976 376 2030 11.
404 1978 559 2050 fertilitate]
573 1978 703 2051 felicitate
720 1975 800 2047 Elor.
819 1975 850 2032 H
868 1974 955 2032 Bern.
972 1975 1010 2032 Β.

141 2062 167 2134 3.
182 2061 239 2128 13.
275 2077 309 2116 ao
326 2063 435 2134 empna]
454 2081 472 2117 a
490 2080 586 2136 mayno
603 2061 685 2118 Leid.
703 2060 792 2118 Voss.
807 2061 822 2117 1
842 2068 871 2117 et
885 2079 983 2118 omnes
1001 2061 1082 2119 Flor.
1094 2059 1288 2137 proeterGH,

96 2165 193 2220 mayno
210 2146 285 2202 Mer.
304 2146 375 2203 Ald.
393 2146 460 2204 Iun.
487 2147 530 2224 (in
547 2166 639 2223 marg.
658 2144 689 2222 e)
714 2165 748 2204 oo
765 2164 862 2220 mayno
885 2145 1009 2221 primum
1026 2148 1106 2206 Mod.
1143 2150 1290 2205 duomilia

98 2233 255 2310 qninyenta]
276 2229 304 2294 Π
322 2240 348 2288 et
366 2235 511 2306 qainyenta
527 2233 615 2290 Bern.
632 2234 663 2290 A
688 2233 767 2291 Flor.
786 2231 854 2304 AB,
879 2231 923 2288 H.
942 2242 967 2288 et
984 2235 1129 2308 qninyenta
1150 2234 1230 2292 Flor.
1249 2231 1289 2306 G,

83 2327 127 2374 &et
144 2318 182 2373 L.
201 2318 281 2374 Flor.
300 2316 406 2374 EFHI
424 2318 510 2375 Bern.
528 2319 564 2392 B,
582 2320 637 2376 duo
655 2327 680 2376 et
698 2320 896 2393 quinquaqinta
913 2318 993 2376 Flor.
1013 2316 1048 2392 C,
1065 2329 1095 2376 et
1112 2329 1136 2375 et
1155 2322 1290 2393 qninqua-

83 2412 131 2459 nta
149 2403 228 2460 Flor.
247 2402 286 2459 D.
322 2406 422 2460 emensi
436 2405 512 2479 sunt]
532 2424 638 2462 emensa
655 2413 719 2462 sent
742 2404 829 2460 Bern.
849 2403 881 2460 A
904 2405 985 2462 Flor.
1004 2404 1035 2462 A
1052 2404 1134 2462 Leid.
1153 2404 1242 2462 Voss.
1263 2406 1290 2478 1,

82 2492 137 2546 essi
152 2498 216 2545 sunt
232 2489 312 2546 Flor.
331 2487 413 2547 CDE
432 2508 451 2545 e
468 2509 567 2564 pr.·m.
588 2491 642 2563 ΕΙ,
659 2492 735 2546 missi
751 2497 815 2546 sent
831 2488 911 2547 Flor.
930 2490 962 2547 H
979 2490 1066 2547 Bern.
1079 2491 1116 2548 B.

144 2575 241 2648 §.14.
289 2574 507 2649 Gordyaeorum]
537 2576 736 2634 Gordiaeoram
759 2574 840 2632 Leid.
863 2574 987 2634 Voss.1
1014 2577 1102 2634 Bern.
1121 2576 1169 2650 A,
1192 2578 1292 2651 yordio

83 2678 149 2717 rum
165 2660 247 2718 Flor.
265 2660 335 2732 AB,
350 2662 560 2734 yordianeornm
577 2662 657 2720 Flor.
669 2661 730 2717 ΕΗ
747 2661 836 2717 Bern.
854 2660 891 2733 Β,
906 2663 1024 2735 yordion
1042 2682 1142 2734 eorum,
1162 2663 1241 2720 Flor.
1255 2659 1291 2733 O,

83 2747 181 2802 »rdiam
198 2765 290 2802 eornm
307 2747 388 2803 Flor.
408 2744 447 2818 G,
469 2749 664 2820 yordianoram
685 2746 766 2804 Flor.
784 2744 860 2803 DEI
884 2754 912 2802 et
929 2746 1065 2804 editiones
1083 2757 1153 2804 vett.
1188 2749 1288 2821 artius]

83 2831 107 2888 ia
123 2832 212 2891 Bern.
231 2832 262 2889 A
279 2833 361 2889 Flor.
380 2830 491 2889 ABCE
509 2852 527 2890 e
543 2852 586 2909 pr.
604 2852 654 2905 m.,
671 2835 774 2890 oratius
791 2830 903 2904 reliqui.
938 2835 1043 2906 coeunt]
1064 2851 1116 2906 quo
1129 2841 1194 2888 eunt
1209 2831 1291 2888 Leid.

83 2917 147 2977 ose.
165 2918 193 2990 1,
212 2927 329 2991 quaeunt
346 2919 427 2976 Flor.
445 2919 486 2991 A,
504 2938 557 2993 quo
574 2921 648 2975 eunti
663 2917 750 2974 Bern.
768 2916 798 2973 A
816 2935 834 2972 e
851 2934 894 2990 pr.
911 2936 960 2988 m,
984 2917 1097 2974 oobeant
1114 2916 1193 2976 Flor.
1213 2914 1248 2974 C.

144 3003 241 3077 §.15.
282 3006 434 3078 appellant]
461 3013 556 3062 vocant
572 3004 635 3062 edd.
654 3011 723 3062 vett.
747 3002 817 3060 Ald.
840 3001 907 3059 Iun.
941 2996 1113 3083 irmempnnt]
1132 3005 1292 3078 inrumpant

84 3107 145 3146 ern.
163 3089 195 3145 A
212 3089 293 3147 Flor.
312 3089 344 3146 A
361 3098 390 3147 et
405 3089 487 3147 Leid.
505 3089 595 3148 Voss.
616 3091 644 3148 1.

144 3176 170 3248 3.
191 3171 241 3234 16.
276 3176 411 3249 Mennim]
433 3173 482 3233 Sic
492 3184 654 3234 nostrorum
671 3175 750 3233 codd.
768 3174 848 3232 Flor.
863 3173 896 3232 A
911 3174 999 3232 Bern.
1013 3174 1055 3247 A,
1073 3174 1195 3230 memnim
1212 3173 1291 3231 Flor.

83 3289 104 3332 ·,
129 3262 248 3317 menium
265 3261 345 3318 Flor.
364 3261 483 3335 ΒΕΗΙ,
510 3265 641 3319 moenium
664 3262 752 3318 Beru.
770 3261 812 3332 B,
842 3279 955 3318 memem
977 3261 1055 3319 Flor.
1074 3260 1146 3331 DF,
1174 3259 1293 3317 mennini

82 3346 136 3404 lor.
160 3343 197 3402 C.
231 3346 378 3403 Menniam
400 3348 467 3404 edit.
492 3367 535 3423 pr.
570 3349 721 3404 Memmium
738 3346 810 3405 Ald.
834 3346 900 3404 Iun.
936 3348 1053 3404 Mennin
1071 3346 1152 3404 Mod.
1170 3353 1200 3403 et
1217 3343 1291 3404 Sue-

83 3433 142 3490 enb.
169 3430 219 3506 qui
237 3430 325 3488 sicin
343 3431 417 3490 Mes.
436 3452 499 3491 esse
517 3433 619 3506 tradit,
647 3441 759 3508 praeter
776 3432 865 3491 Voss.
896 3433 914 3490 2
952 3434 1085 3490 Mennern
1102 3432 1292 3490 exhibentem.

84 3528 150 3574 tum.
171 3518 225 3573 vim
243 3519 368 3592 effundit]
388 3518 432 3578 bit.
447 3521 543 3595 fundit
559 3522 612 3576 vim
630 3519 710 3577 Flor.
730 3516 815 3588 CHI,
833 3521 964 3592 inyentem
982 3520 1119 3577 bituminis
1131 3520 1228 3595 fundit
1245 3537 1293 3574 er-

83 3622 111 3660 es
129 3602 209 3660 Flor.
227 3602 322 3659 DEF.
349 3606 447 3678 fundit
465 3623 600 3662 armenem
624 3613 740 3663 notetur
758 3623 795 3661 ex
811 3604 876 3661 Pal.
897 3605 924 3661 1.
959 3607 1089 3666 interlitos
1107 3606 1175 3677 esse]
1202 3604 1291 3662 interl.

83 3691 142 3745 'isse
158 3688 240 3745 Mod.
257 3688 325 3748 edit.

144 3772 219 3849 Cep.
241 3775 277 3845 3,
308 3775 405 3847 317.
445 3775 601 3851 Babylona]
629 3777 787 3851 babylonam
811 3777 898 3834 Bern.
916 3779 948 3834 A
971 3777 1050 3834 Flor.
1075 3777 1106 3833 A
1128 3773 1209 3832 Leid.
1245 3771 1292 3827 ba-

83 3862 194 3917 rllonam
211 3858 301 3916 Voss
324 3862 356 3932 l,
382 3860 542 3918 babiloniam
560 3882 583 3919 s.
602 3864 773 3920 babilloniam
789 3863 892 3938 reliqui
909 3861 1015 3935 nostri,
1040 3869 1152 3936 praeter
1168 3859 1248 3916 Flor.
1265 3856 1291 3912 B

83 3945 106 4001 ri
123 3945 290 4019 babylonem,
307 3954 341 4003 ut
357 3946 446 4022 vulgo
463 3946 565 4004 editur.

145 4031 241 4104 318.
285 4033 410 4105 illustris]
437 4034 560 4090 inlustris
583 4033 670 4091 Bern.
688 4036 719 4092 A
744 4036 822 4093 Flor.
840 4036 880 4093 A.
909 4036 1042 4109 famaque
1054 4032 1151 4104 etiam]
1165 4031 1294 4107 fameque

83 4161 84 4165 .
103 4114 185 4201 Elor.
203 4115 240 4187 B,
250 4118 399 4190 famaeque
416 4122 495 4175 etiam
512 4118 591 4177 Flor.
609 4117 648 4178 G.

145 4203 171 4274 3.
192 4201 243 4259 21.
279 4206 473 4278 equomemqne]
493 4223 623 4278 equorum
644 4204 731 4263 Bern.
749 4206 776 4262 Β
794 4206 873 4264 Flor.
891 4202 1034 4261 DEFHI.
1069 4203 1156 4259 leones
1174 4202 1291 4277 qnoque]

82 4304 202 4360 onesqne
217 4286 299 4349 Flor.
317 4284 385 4357 CH,
402 4289 541 4363 leoreesque
560 4309 664 4365 qaoque
681 4292 761 4350 Flor.
778 4291 846 4365 DF,
863 4293 950 4348 leonm
968 4297 993 4344 et
1009 4288 1096 4344 Bern.
1110 4289 1147 4345 B.

145 4375 171 4445 3.
191 4372 242 4428 23.
277 4366 388 4453 deinde]
407 4375 469 4431 dein
486 4376 565 4433 Flor.
582 4376 649 4436 DF.

146 4455 224 4532 Cap.
245 4456 274 4529 4,
292 4457 318 4529 3.
337 4457 388 4514 24.
424 4463 552 4535 vetustas]
571 4470 699 4520 venustas
716 4463 805 4520 Voss.
823 4461 857 4534 2,
880 4459 995 4518 additur
1011 4459 1089 4536 apud
1107 4457 1250 4518 Snekenb.
1267 4464 1297 4514 et
