2926 5174
193 294 266 371 118
664 316 698 379 Q·
726 315 852 368 cunrrr
876 314 962 368 num

187 500 380 603 prodidere
405 499 564 575 animum
589 500 814 598 espementis
840 498 878 571 id
903 522 1053 589 munus3
1080 496 1214 594 quippe
1238 521 1313 571 non
1337 496 1419 571 uliud

189 613 305 711 magis
340 612 378 684 in
414 611 666 684 contumeliam
700 609 893 685 Persarum
924 609 1077 683 feminee
1103 606 1302 706 accipiunt,
1328 635 1420 706 qmm

189 725 395 803 admovere,
414 724 519 796 lunae
552 746 689 795 manus.
741 719 919 794 Nuntiant
952 718 1014 816 qui
1045 718 1142 792 done
1172 720 1453 814 tulerunt‚t1i-n

189 847 284 910 stem
310 859 388 908 esse
415 830 671 931 Sisygumbim,
705 831 884 930 dignaque
910 857 968 904 res
996 841 1033 904 et
1059 830 1295 905 excusatione
1321 841 1356 904 et
1378 857 1422 905 so-

189 946 277 1019 latio
304 945 392 1018 visa.
443 943 526 1042 lpse
552 967 638 1041 ergo
665 943 905 1041 pervenitad
931 969 1028 1034 eam,
1063 953 1116 1033 et,
1151 943 1286 1034 Mater,
1312 943 1420 1039 inquit,

190 1057 277 1130 lunc
301 1068 431 1146 uestem,
457 1080 525 1155 qun
550 1054 689 1127 indutus
715 1080 800 1145 sum,
813 1079 967 1128 sororum
991 1080 1058 1129 non
1084 1055 1210 1128 donum
1236 1054 1352 1145 solum,
1374 1055 1423 1128 sed

190 1169 290 1243 etium
323 1192 407 1264 opus
437 1166 548 1239 uidem
581 1165 688 1239 nostri
721 1165 877 1263 decepere
911 1190 963 1238 me
996 1189 1115 1239 mores.
1170 1162 1273 1256 Cone,
1300 1165 1449 1255 obsonet

188 1279 226 1354 in
251 1277 480 1354 contumelium
504 1276 670 1373 occeperis
702 1275 941 1375 ipnorotionem
965 1301 1084 1349 onom.
1140 1272 1236 1358 Quue
1261 1275 1313 1348 lui
1335 1276 1421 1349 moris

189 1415 260 1465 esse
285 1388 438 1489 copnooi,
464 1399 501 1461 ut
524 1410 639 1484 spero,
675 1386 805 1460 abunde
829 1399 1072 1469 scrumosum.
1127 1384 1225 1476 Scio,
1260 1386 1355 1483 opud
1374 1403 1449 1460 nostr

176 1501 258 1600 silio
283 1501 321 1573 in
354 1509 526 1596 conspectu
560 1497 679 1570 matris
713 1501 808 1598 rufos
843 1523 912 1571 esse
947 1497 1133 1589 cnsidcre,
1167 1496 1239 1570 nisi
1272 1521 1347 1568 cum
1374 1496 1419 1568 illo

183 1610 359 1711 permisit:
393 1609 668 1710 quotienscunque
694 1609 742 1682 nd
766 1621 795 1681 te
820 1608 912 1700 oeni,
948 1609 1049 1682 donec
1080 1621 1118 1682 nt
1146 1607 1351 1682 considerem
1373 1633 1418 1680 on-

189 1745 327 1811 nueres,
358 1720 471 1794 restiti.
524 1718 748 1794 Procumbens
779 1719 934 1793 conmori
958 1744 1010 1792 me
1042 1745 1142 1818 saepe
1166 1717 1321 1792 uoluisti:
1352 1717 1417 1791 inli-

190 1832 256 1905 ool.
309 1831 538 1907 Dulcissimae
563 1830 667 1903 metri
693 1827 892 1929 Olympiadi
924 1855 1044 1904 nomen
1069 1829 1213 1903 debitum
1239 1829 1298 1901 tili
1321 1829 1415 1902 reddo.

142 1943 190 2016 10
293 1941 458 2040 Mitigato
494 1939 612 2013 animo
648 1941 739 2031 eius,
774 1966 841 2013 rex
873 1941 1010 2037 quartis
1042 1941 1168 2013 eastris
1194 1942 1359 2037 pervenit
1380 1938 1444 2013 adn

191 2053 327 2152 Tigrim
352 2054 518 2126 fluvium:
544 2051 749 2150 Pasitigrim
775 2052 912 2125 incolae
938 2053 1234 2134 vocontioritur
1259 2052 1298 2125 in
1311 2052 1416 2125 monti·
1455 2150 1457 2155 Ι

191 2244 253 2280 men
281 2226 424 2280 omiserint.
469 2225 611 2295 intellige:
643 2225 743 2279 diceret
762 2242 796 2278 ue
831 2233 919 2296 gutur.
953 2226 1013 2279 Nec
1036 2226 1098 2280 alibi
1117 2226 1227 2281 Curtius
1244 2227 1362 2298 perfecto
1376 2222 1415 2276 uti-
1455 2266 1457 2275 .

191 2295 317 2366 neptibus
335 2294 388 2347 suis
406 2311 434 2348 se
452 2298 566 2364 (regem)
602 2312 728 2365 urpurem
744 2243 796 2347 iilis
831 2303 883 2348 tur.
919 2294 974 2348 Sed
1001 2295 1123 2364 quonium
1144 2296 1170 2348 h.
1189 2296 1208 2348 l.
1226 2314 1290 2348 usus
1307 2303 1354 2361 est,
1370 2310 1415 2347 cou-
1453 2280 1457 2365 1

191 2365 226 2417 ed
252 2365 398 2416 texendum
418 2364 524 2416 donare.
560 2312 601 2414 Al

191 2439 238 2485 tur
263 2430 389 2501 vulgata:
404 2432 522 2484 -doceret
548 2429 623 2498 illos,
649 2440 736 2484 vestes
763 2433 796 2484 ab
831 2450 908 2484 usum
930 2448 994 2485 esse.
1030 2433 1119 2513 Atque
1141 2449 1173 2485 en
1195 2441 1238 2486 est
1265 2434 1335 2504 quod
1349 2424 1416 2484 'coluit

191 2499 257 2570 ipsis
274 2507 414 2554 contextas
433 2501 502 2553 dono
520 2500 590 2564 dure,
608 2499 664 2570 regi
673 2499 797 2553 nimirum
831 2501 977 2571 perlectam
994 2517 1050 2554 rem
1066 2500 1224 2571 significare,
1242 2509 1275 2554 ut
1289 2501 1356 2555 idem
1364 2504 1416 2552 esset

192 2568 261 2639 ipsi;
288 2567 479 2638 sedquoniam
502 2572 539 2620 sie
557 2568 670 2621 docendi
687 2570 797 2623 verbum
832 2585 864 2622 ec
882 2569 962 2621 nolim
979 2577 1008 2622 te
1026 2568 1166 2640 occepisse.
1195 2570 1325 2624 Ceterum
1340 2569 1365 2621 in
1378 2581 1415 2618 uro

193 2636 302 2708 proprio
320 2653 396 2690 sensu
414 2636 568 2706 capiendum
585 2645 671 2703 esset,
694 2636 799 2690 ridiculi
832 2637 903 2690 Flor.
927 2636 953 2690 G
975 2655 1036 2691 cone
1062 2641 1165 2691 obsecro
1189 2656 1223 2690 ne
1245 2669 1282 2679 —
1307 2635 1415 2706 secernit

167 2704 292 2776 'aliquid
318 2706 345 2758 in
371 2722 403 2759 eo
429 2712 572 2776 praecepto
598 2705 704 2759 inesset.
744 2704 798 2758 Sed
833 2705 924 2758 addita
942 2706 1128 2759 coniunctione
1145 2707 1170 2759 le
1191 2705 1254 2759 tur.
1281 2706 1347 2760 Mox
1362 2707 1415 2825 ipre

193 2791 291 2844 quoquc
317 2773 343 2827 in
369 2773 410 2826 his
436 2773 530 2829 verbis>
550 2775 575 2826 si
601 2776 675 2826 cordi
702 2792 798 2844 quoque
834 2776 949 2826 rontium
966 2775 1066 2827 habent
1083 2775 1163 2827 Bern.
1230 2775 1304 2829 Flor.
1322 2774 1368 2829 DE
1386 2767 1415 2823 ΗΙ

192 2844 271 2896 uestis
290 2852 356 2896 esset
378 2843 465 2896 fateor
485 2859 528 2894 me
549 2842 690 2895 offendere.
725 2843 798 2895 Puto
831 2841 890 2895 Pal.
910 2850 936 2908 1,
965 2860 1018 2912 qua
1035 2859 1064 2896 re
1081 2843 1217 2896 libidinem
1234 2845 1352 2913 produnt
1367 2840 1415 2894 Gur·

191 2919 254 2982 post
272 2913 346 2964 cordi
363 2911 489 2964 excidisse
507 2913 539 2964 ei.
832 2911 921 2964 tianae
948 2910 1073 2964 orationis
1100 2912 1134 2963 ad
1160 2912 1316 2981 posterioris
1344 2905 1414 2963 111111

228 2983 251 3048 ξ.
270 2986 312 3034 20.
331 2990 355 3032 ct
373 2982 538 3033 excusatione
556 2988 580 3032 et
597 2979 700 3044 solutio]
719 2976 798 3031 Prius
832 2997 908 3031 usum
934 2979 1061 3049 loquendi
1088 2980 1301 3033 conformandae.
1327 2994 1371 3045 111,
1391 2980 1414 3052 31

193 3059 217 3102 ct
240 3048 329 3101 addidi
355 3048 426 3101 iussu
454 3048 573 3102 codicum
592 3046 663 3099 Flor.
681 3046 798 3098 omnium
832 3055 901 3100 extr.
924 3049 1113 3116 ipnorntionem
1137 3065 1275 3117 nunquam
1294 3045 1413 3119 anemio

192 3124 221 3170 et
247 3116 384 3186 utriusque
407 3115 558 3169 Bemensis.
581 3116 656 3168 Voss.
677 3121 689 3166 1
713 3114 798 3168 tradit
833 3118 903 3185 repis
939 3133 1076 3170 excusans.
1127 3116 1226 3186 Neque
1259 3117 1345 3171 utitur
1370 3111 1414 3166 nrt

193 3184 276 3238 Snak.
294 3185 391 3238 hebere
416 3201 445 3237 re
463 3203 493 3237 en
512 3186 653 3249 secutione,
673 3183 706 3235 de
722 3183 797 3236 Leid.
833 3184 941 3238 Curtius
958 3186 1040 3238 verbo
1057 3185 1109 3239 isto
1126 3201 1175 3237 nec
1191 3184 1289 3239 Cicero
1308 3184 1353 3238 nisi
1367 3183 1414 3234 duo

193 3253 262 3306 silet.
831 3253 881 3307 bus
898 3252 961 3306 locis
983 3271 1010 3323 p.
1028 3253 1125 3307 Flacco
1142 3260 1189 3319 20,
1216 3261 1250 3307 46
1270 3251 1414 3311 etAced.1‚

228 3338 280 3373 non
300 3322 394 3372 donum
412 3321 504 3386 solum,
523 3320 576 3371 hoc
594 3317 686 3371 ordine
702 3321 798 3373 verbo·
834 3328 881 3388 11,
909 3328 957 3388 42,
993 3339 1052 3374 cum
1084 3322 1216 3375 inorolt'o
1249 3330 1342 3376 contre
1363 3314 1413 3390 apul

193 3405 254 3441 rum
270 3386 351 3439 Bem.
368 3390 394 3439 A
411 3386 482 3440 Flor.
501 3385 620 3452 ABCG,
644 3386 700 3439 sine
718 3389 798 3442 dubio
834 3389 1027 3455 Quintilianum
1035 3398 1063 3443 et
1100 3390 1199 3443 scitum
1212 3391 1412 3461 nusquumipno

194 3455 275 3525 etiam
302 3453 345 3507 alii
368 3473 422 3508 non
439 3458 443 3472 ¹
462 3456 521 3507 auci
565 3454 669 3506 uoniam
692 3456 799 3510 Medius
833 3460 923 3511 contio
942 3475 986 3511 see
1005 3459 1150 3529 elegatur.

196 3522 326 3589 concinit,
354 3524 400 3575 sed
418 3474 478 3577 silet
496 3524 535 3577 Sn
571 3524 629 3574 .de
647 3522 719 3577 libris
738 3526 799 3578 suis.
869 3530 892 3594 ᾗ.
910 3532 951 3579 22.
969 3477 1032 3595 silio
1050 3530 1079 3580 in
1096 3536 1234 3597 conspectu
1250 3529 1342 3581 matris
1357 3524 1412 3594 nefor

193 3591 285 3660 Vulgo
304 3609 355 3644 non
373 3593 455 3645 solnm
474 3596 576 3645 donum.
835 3613 891 3648 esse
909 3598 1055 3666 considere]
1091 3596 1180 3676 Vulgo
1198 3596 1289 3649 editur
1295 3587 1412 3664 filiomsd

231 3663 254 3728 §.
272 3667 314 3713 21.
350 3677 411 3713 cuce
447 3692 481 3700 —
518 3660 663 3729 occeperis]
710 3660 800 3731 Vulgo
834 3662 1032 3733 grammatietun
1049 3682 1102 3717 non
1119 3683 1204 3717 mmus
1221 3673 1310 3731 recte,
1328 3661 1367 3716 sed
1380 3659 1411 3710 dl·

195 3730 313 3797 occipios
333 3736 426 3782 contre
434 3727 518 3781 libros
527 3746 588 3780 mss.
606 3727 734 3781 Nemmei
742 3731 799 3800 qui·
834 3732 904 3785 tirus
926 3749 1000 3785 cesus
1022 3732 1138 3786 omnium
1160 3733 1216 3785 fere
1239 3732 1360 3787 librorum
1378 3742 1409 3779 nr

195 3795 800 3867 demomnesoccepero's(unusFlor.Coccr'pe-
834 3808 949 3853 stmrum
972 3818 1099 3855 consensu
1120 3801 1159 3854 itu
1185 3801 1336 3855 defenditur
1350 3793 1409 3849 utet

193 3868 255 3936 ris),
273 3865 475 3935 eumqueSnak.
489 3865 713 3919 LeidetVossl
730 3866 800 3920 idem
833 3886 864 3922 eo
881 3869 955 3922 ebire
971 3871 1043 3923 nefus
1061 3870 1103 3923 sit.
1125 3870 1202 3924 Unus
1220 3867 1408 3936 Flor.Gfilium
1443 3930 1450 3937 ι

193 3935 319 3988 exhibere
326 3934 713 4001 notarit,vixestutcredamin
721 3936 798 3989 Voss.
832 3937 904 3991 Flor.
921 3938 946 3990 Ε
964 3955 1024 3990 cum
1040 3938 1097 3992 Pel.
1119 3947 1129 3990 l
1140 3939 1219 4006 filios
1237 3939 1343 3991 habent.

194 4003 300 4057 2111111
325 4005 411 4057 luisse.
447 4003 501 4057 Sed
527 4004 623 4068 luerit,
649 4005 799 4057 revocanda
870 4006 935 4076 Cep.
953 4020 987 4074 x,
1016 4010 1039 4075 ξ.
1064 4015 1087 4060 1.
1122 4010 1160 4060 od
1186 4008 1212 4058 Τ
1209 4009 1288 4076 iprim
1307 3995 1407 4076 flurium]

194 4079 234 4124 est
251 4072 307 4124 sine
317 4072 397 4126 dubio
409 4072 539 4143 scriptura
547 4071 720 4141 plurimorum
730 4073 800 4142 opti·
835 4073 879 4127 Sic
897 4073 1000 4128 codices
1027 4085 1055 4128 et
1080 4091 1112 4128 eo
1137 4075 1246 4128 nomine
1260 4068 1406 4144 vocitetur
1445 4084 1457 4183 p

194 4157 347 4211 morumque
370 4141 505 4193 librorum.
540 4141 585 4192 Ab
608 4156 639 4191 ea
661 4141 748 4195 nescio
766 4159 800 4194 sn
833 4143 967 4197 Diodorus
986 4160 1009 4196 e.
1029 4151 1069 4198 ot.
1105 4143 1185 4208 Quod
1201 4160 1250 4214 per
1266 4139 1405 4213 pereutitm
1455 4194 1457 4199 .

194 4207 308 4261 editores
330 4210 427 4279 primos
450 4213 577 4262 averterit
603 4226 664 4261 usus
690 4208 797 4263 Cicero·
834 4212 941 4264 additur
958 4213 1115 4282 Positiprim
1139 4215 1239 4265 incolae
1259 4218 1345 4265 cocunt
1364 4215 1404 4257 1111

193 4274 296 4353 nianus,
315 4280 386 4347 apud
403 4295 481 4348 quem
497 4294 621 4330 covenon
631 4277 800 4347 coniungitur
834 4280 963 4350 prioribus
980 4299 1035 4334 non
1050 4289 1164 4352 pugnat:
1184 4279 1271 4351 Tigris
1284 4277 1345 4332 enin
1354 4286 1403 4347 0⁰19·

193 4342 244 4395 msi
262 4360 321 4395 cmn
338 4354 490 4415 praesente,
510 4362 571 4397 cum
589 4346 659 4414 apud
677 4345 799 4400 Comicos
833 4366 912 4400 mune
939 4367 1034 4402 nomen
1060 4349 1196 4401 fluminum
1221 4347 1402 4419 rapidiorunu

194 4418 336 4482 utrumque
352 4423 456 4485 tempus
474 4413 531 4467 sine
549 4413 697 4468 discrimine
707 4415 799 4468 1111111-
833 4417 879 4471 illa
895 4416 1002 4488 regione
1018 4418 1125 4472 videtur
1141 4417 1229 4487 firisse,
1246 4426 1277 4470 ut
1292 4409 1402 4477 hieligffl

595 2363 646 2416 iter
672 2362 797 2433 intelligi·
831 2362 905 2416 venit
928 2362 1078 2417 existimare
1109 2381 1170 2416 eum
1196 2382 1252 2418 non
1279 2363 1335 2417 sine
1357 2377 1416 2416 canu
