2984 5176
472 313 523 363 nn
549 311 677 364 ansus
707 312 817 361 arax.
843 312 893 382 rr,
921 312 964 361 52.
1280 295 1351 365 143

103 505 246 569 rentur.
302 491 360 569 Ob
392 494 429 567 id
460 497 595 593 ipsum,
631 494 727 591 quod
758 495 872 592 ignoti
899 507 1034 585 essent,
1062 496 1236 593 ignobiles
1264 523 1352 571 esse.

103 605 305 703 Nunquam
331 606 487 704 ignorari
512 608 609 681 viros
635 606 762 678 fortes:
789 617 828 678 at
853 606 1023 694 imbelles,
1039 630 1085 678 ex
1106 607 1253 679 latebris
1281 609 1353 681 suis

103 728 251 805 erutos,
289 716 378 787 nihil
408 728 552 814 praeter
585 718 731 788 nomina
769 717 906 797 afferre.
970 717 1187 790 Macedonas
1219 720 1354 791 virtute

103 835 315 916 assecutos,
347 851 394 899 nc
426 828 505 923 quis
537 838 616 900 toto
652 827 739 900 orbe
771 829 870 900 locus
903 837 1014 913 essct,
1051 829 1110 924 qui
1142 829 1231 902 tales
1257 829 1354 901 viros

103 945 304 1036 'gnoraret
384 935 614 1012 Intuerentur
659 939 895 1010 barbarorum
939 938 1161 1010 inconditum
1207 964 1354 1036 agmen:

103 1049 219 1122 alium
254 1046 346 1119 nihil
375 1060 519 1145 praeter
550 1050 704 1121 iaculum
736 1049 887 1139 habere,
923 1050 1032 1121 alium
1063 1048 1175 1121 funda
1201 1074 1291 1120 saxa
1317 1049 1355 1119 li·

103 1161 233 1250 brare,
265 1158 391 1255 paucis
425 1160 521 1231 iusta
546 1184 647 1231 arma
678 1183 766 1232 esse.
820 1158 946 1257 Itaque
972 1161 1067 1231 illinc
1094 1162 1214 1256 plures
1242 1169 1353 1230 stare:

103 1271 194 1344 hinc
218 1269 344 1367 plures
371 1269 610 1343 dimicaturos.
662 1268 736 1342 Nec
762 1273 945 1366 postulare
971 1297 1027 1360 se,
1063 1283 1105 1343 ut
1135 1271 1276 1342 fortiter
1302 1294 1356 1340 ca·

105 1389 302 1480 pesserent
325 1382 510 1477 proelium,
524 1381 562 1452 ni
586 1381 663 1476 ipse
690 1381 815 1453 ceteris
842 1382 1059 1455 fortitudinis
1086 1383 1212 1455 fuisset
1238 1405 1356 1452 exem·

110 1492 229 1590 plum
278 1486 325 1564 Sc
357 1502 441 1562 ante
473 1493 588 1587 prima
620 1491 722 1589 signa
756 1491 1015 1566 dimicaturum.
1079 1490 1264 1591 Spondere
1290 1517 1357 1588 pro

112 1627 156 1675 se
182 1610 240 1674 tot
263 1600 455 1691 cicatrices,
468 1601 620 1674 totidem
647 1604 804 1699 corporis
833 1603 977 1677 decora:
1005 1604 1094 1676 scire
1120 1603 1228 1699 ipsos,
1247 1628 1358 1674 unum

108 1737 230 1811 paene
257 1736 298 1785 se
323 1710 479 1808 praedae
507 1713 704 1785 communis
731 1724 932 1803 exsortem,
959 1716 996 1786 in
1022 1714 1090 1784 illis
1119 1713 1275 1785 colendis
1303 1739 1357 1786 or·

106 1821 317 1918 nandisque
351 1845 525 1918 usurpare
559 1824 730 1896 victoriae
768 1827 935 1921 praemia.
1000 1823 1098 1895 Haec
1133 1848 1171 1893 se
1207 1825 1358 1896 fortibus

104 1934 199 2007 viris
228 1931 358 2004 dicere.
412 1928 536 2027 siqui
563 1933 750 2006 dissimiles
779 1960 903 2006 eorum
930 1944 1062 2022 essent,
1088 1933 1148 2003 illa
1173 1933 1282 2004 fuisse
1310 1933 1359 2004 di·

107 2055 279 2118 cturum:
305 2043 512 2138 pervenisse
539 2070 591 2135 eo,
619 2044 714 2117 unde
741 2046 864 2141 fugere
890 2071 963 2116 non
990 2053 1149 2139 possent.
1195 2041 1265 2115 Tot
1291 2056 1360 2116 ter·

105 2181 240 2229 rarum
276 2152 393 2248 spatia
427 2156 594 2243 emensis,
628 2167 683 2227 tot
714 2156 878 2226 armribus
905 2155 1157 2248 montibusque
1184 2166 1267 2251 post
1294 2166 1361 2227 ter·

110 2292 202 2365 gum
230 2260 390 2353 obiectis,
416 2264 485 2337 iter
510 2266 546 2336 in
572 2266 726 2360 patriam
753 2276 789 2338 et
817 2277 967 2362 penates
993 2290 1103 2335 manu
1130 2290 1208 2337 esse
1234 2266 1361 2337 facien·

114 2377 215 2450 dum.
272 2370 331 2446 Sic
357 2372 476 2466 duces,
504 2375 554 2448 sic
581 2376 734 2471 proximi
761 2377 914 2448 rnilitum
941 2376 1099 2447 instincti
1127 2386 1220 2447 sunt.

221 2483 364 2556 Dareus
400 2485 438 2556 in
472 2488 576 2557 laevo
609 2510 720 2557 cornu
747 2499 842 2576 erat,
878 2511 1010 2583 magno
1038 2512 1185 2558 suorum
1212 2491 1413 2584 agmine,53

116 2595 268 2671 delectis
296 2595 456 2689 equitum
481 2595 713 2693 peditumque
727 2597 897 2693 stipatus:
926 2608 1259 2694 contempseratque
1278 2625 1364 2696 pau-

115 2763 306 2817 sdventarent.
324 2758 463 2829 Significat
479 2761 562 2831 igitur
574 2762 727 2815 Alexander
761 2762 815 2814 Eli
839 2764 920 2815 Bern.
944 2763 967 2815 Β
996 2763 1068 2815 libris
1094 2762 1161 2814 male
1183 2762 1241 2814 fidis
1267 2763 1365 2831 legitur

115 2829 271 2885 imbellibus
288 2828 438 2881 nationibus
455 2831 520 2882 falsa
538 2831 644 2883 nomina
662 2831 727 2900 Scy·
762 2834 933 2900 appellentur,
952 2832 1021 2882 unde
1030 2831 1114 2882 Aldus
1131 2830 1237 2882 videtur
1249 2831 1365 2883 hausisse

116 2900 229 2952 tharam
246 2903 275 2948 et
285 2895 467 2965 Cadusiorum,
486 2917 538 2968 quo
556 2898 726 2952 terribiliores
761 2900 832 2968 quod
851 2917 867 2950 a
884 2898 990 2967 reliquis
1008 2907 1183 2967 propagatum
1200 2914 1270 2949 nunc
1285 2899 1365 2968 vulgo

118 2973 219 3031 essent,
238 2963 346 3033 imponi,
365 2966 411 3016 sed
428 2983 462 3017 ne
479 2983 523 3018 eas
543 2967 647 3034 quidem
662 2985 726 3034 gon·
761 2966 866 3036 legitur.

116 3042 161 3089 tes
195 3031 308 3086 bellicae
337 3031 444 3085 intutis
474 3035 581 3086 nomine
607 3035 726 3104 cognitas
797 3037 819 3101 ξ.
837 3041 862 3085 4.
898 3034 1061 3085 diocedonus
1084 3032 1154 3083 edidi
1178 3033 1364 3086 auctoritatem

117 3117 187 3157 esse.
222 3101 325 3154 Verum
342 3101 402 3152 cdd.
426 3110 529 3154 veteres
546 3104 646 3156 habent
665 3105 727 3155 Ser·
761 3104 843 3155 Bern.
861 3103 886 3153 A
904 3108 932 3153 et
949 3100 1020 3152 Flor.
1037 3100 1086 3152 AB
1105 3107 1225 3165 secutus,
1249 3100 1276 3152 id
1293 3103 1365 3170 quod

117 3174 239 3234 thamin,
267 3175 297 3220 et
314 3168 351 3221 sic
367 3168 437 3221 Flor.
455 3171 561 3224 ABCH
577 3172 657 3223 Bern.
676 3174 701 3222 A
763 3171 791 3222 in
808 3171 858 3222 hoc
874 3170 955 3221 verbo
980 3167 1063 3220 tutius
1088 3167 1168 3219 etiam
1194 3167 1250 3219 fieri
1267 3169 1364 3237 potuit,

117 3238 195 3293 leid.
213 3237 293 3289 Voss.
312 3244 335 3288 1.
353 3243 383 3303 2,
401 3237 472 3290 haud
493 3239 572 3292 dubie
597 3241 727 3292 mendose.
763 3237 887 3309 quoniam
912 3236 958 3289 illa
974 3238 1058 3289 forma
1074 3235 1150 3288 Livio
1167 3235 1365 3290 lanriliarissima

116 3303 284 3361 Emendavit
308 3303 409 3373 primus
435 3305 462 3358 in
492 3307 562 3360 notis
590 3308 675 3360 Aldus
701 3315 730 3359 ct
765 3314 813 3360 est.

117 3374 205 3428 edidit
226 3370 331 3438 Iunius3
354 3373 452 3442 legitur
475 3383 565 3427 autern
587 3375 613 3427 in
631 3375 725 3428 ceteris
794 3378 817 3442 §-
837 3382 860 3427 6.
895 3376 1021 3442 spondere
1036 3391 1089 3453 pro
1115 3390 1142 3425 sc
1161 3383 1195 3425 tot
1213 3375 1363 3442 cicatrices]

117 3440 292 3497 Florentinis.
325 3440 425 3494 Mirum
447 3443 527 3495 etiam
547 3444 575 3496 in
592 3444 726 3523 plerisque
760 3442 912 3512 Explicavit
925 3442 1074 3494 Gronovius
1092 3441 1119 3493 in
1139 3441 1217 3494 Obss.
1236 3457 1268 3508 11,
1288 3449 1312 3509 1,
1332 3449 1364 3495 8:

118 3511 197 3566 codd.
216 3516 246 3561 et
263 3509 323 3561 edd.
340 3509 439 3562 Aldina
462 3511 652 3581 antiquioribus
670 3528 726 3564 esse
761 3529 816 3564 esse
834 3510 903 3562 enirn
921 3511 987 3576 fero,
1016 3527 1043 3561 se
1065 3527 1202 3579 sponsores
1229 3528 1259 3563 ac
1281 3518 1363 3564 testes

118 3598 137 3634 u
200 3580 299 3631 tantur.
334 3577 454 3631 Utantur
471 3578 553 3648 igitur
570 3581 620 3634 hoc
637 3598 726 3632 exem·
760 3579 922 3633 fortitudinis
936 3595 997 3631 suae
1011 3579 1127 3647 proferro
1140 3578 1285 3646 cicatrices
1299 3598 1364 3650 quas
1414 3602 1417 3609 ·

118 3666 139 3721 p
167 3642 292 3716 ,quibus
309 3644 483 3699 Ruhnkenius
506 3649 539 3700 ad
557 3648 640 3700 Rutil.
659 3649 726 3718 Lup.
762 3648 874 3701 totidem
891 3664 919 3700 se
935 3655 1029 3717 putare
1047 3647 1162 3716 corporis
1180 3648 1281 3700 decora.
1313 3648 1364 3701 Su-

116 3734 146 3788 p.
166 3721 200 3770 98
218 3713 392 3784 persuaserit,
411 3715 481 3768 hunc
498 3714 634 3769 indicativi
651 3735 728 3769 usum
762 3716 825 3769 stuli
856 3716 938 3784 igitur
968 3715 1206 3785 interpunctionem
1236 3723 1296 3785 post
1323 3735 1365 3768 se:

117 3802 174 3839 non
194 3783 269 3836 inter
291 3781 434 3834 scribarum
450 3800 553 3837 errores
570 3786 728 3854 ponendum,
762 3785 898 3837 emendavi
915 3783 995 3836 etiam
1013 3794 1056 3849 tot,
1075 3802 1123 3853 pro
1160 3802 1194 3836 uo
1211 3785 1292 3862 vulgo
1309 3784 1363 3835 edi-

118 3852 214 3907 sedin
231 3866 339 3904 censum
356 3851 442 3903 bonae
450 3851 604 3905 Latinitatis
613 3854 728 3905 referen-
762 3861 808 3906 tur
825 3863 898 3921 quot,
924 3852 996 3904 iussu
1014 3852 1132 3904 codicum
1142 3802 1363 3903 ‹l'lorentmonrm

118 3923 184 3974 dum
201 3918 269 3972 esse.
303 3918 435 3988 Equidem
461 3939 514 3974 non
536 3921 642 3973 memini
661 3921 728 3974 Cur·
762 3922 867 3993 quidem
885 3920 1000 3973 omniurn
1017 3928 1123 3990 praeter
1148 3920 1218 3971 Eet
1237 3917 1275 3984 G,
1299 3917 1363 3970 alio-

118 3990 187 4044 rium
204 4004 318 4057 usquam
335 3986 372 4066 sic
388 3987 493 4055 dixisse,
512 3997 540 4041 et
559 3989 662 4059 corrigo
680 4009 728 4058 up-
761 4009 820 4043 rum
846 3989 925 4041 etiarn
949 3988 1129 4107 plurimorum.
1164 3986 1218 4037 Pro
1240 4003 1271 4036 eo
1292 3987 1365 4053 quod

115 4061 298 4128 pellerentur,
325 4054 419 4107 vitium
436 4057 531 4110 omissa
547 4067 611 4111 nota
631 4076 684 4127 qua
700 4059 728 4109 in
764 4067 805 4111 est
814 4060 917 4111 totidem
934 4058 951 4108 l
968 4075 1006 4109 or.
1025 4057 1052 4108 Il
1070 4054 1183 4107 Bernss
1203 4063 1237 4104 tot
1255 4053 1363 4106 habent.

119 4128 267 4179 verborum
299 4122 527 4179 terminationibus
565 4128 666 4195 syllaba
701 4145 729 4179 er
799 4131 821 4195 ξ.
841 4133 864 4179 8.
900 4127 1018 4178 instincti
1036 4127 1106 4189 sunt}
1143 4122 1227 4175 codd.
1250 4120 1364 4173 deterio-

135 4194 141 4207 ‘
178 4191 266 4246 ificari
287 4190 356 4244 solet
382 4200 470 4246 ortum
495 4211 552 4246 esse
569 4203 650 4247 ratus.
687 4195 728 4248 Cf.
762 4212 804 4248 res
827 4195 911 4258 (Flor.
935 4192 1052 4247 CEGHI
1076 4194 1156 4245 Bern.
1183 4191 1220 4257 B)
1248 4196 1275 4240 et
1302 4189 1364 4242 odit.

170 4276 245 4327 vm,
276 4266 307 4312 16
330 4267 359 4312 et
386 4278 453 4330 quae
478 4264 603 4316 annotavi
621 4265 654 4315 ad
673 4263 728 4316 Cic.
764 4263 888 4333 antiquae
906 4263 1035 4315 instructi.
1059 4260 1091 4312 Iu
1108 4258 1234 4311 Modiana
1251 4257 1365 4327 primum

118 4331 148 4384 in
164 4331 246 4385 Verr.
265 4342 311 4394 Ν,
335 4335 350 4381 o
375 4330 398 4396 ἓ.
418 4338 459 4384 12.
494 4331 553 4384 Nec
570 4340 646 4384 vetus
665 4332 728 4384 scri·
764 4332 816 4403 legi
835 4332 960 4385 instincti.

118 4408 202 4472 ptura
219 4404 274 4459 est,
293 4396 342 4449 sed
358 4400 502 4467 conantio,
523 4402 594 4470 quod
612 4401 640 4454 in
656 4401 728 4453 Flor.
