2926 5174
583 39 801 87 PRAEFATIO.
1276 42 1318 91 IX

123 220 214 318 quibus
239 243 280 290 ea
304 218 419 306 ratic,
454 243 559 314 quam
591 217 628 289 in
661 217 881 291 recensendo
907 227 1013 292 textu
1038 229 1183 293 secutus
1209 246 1317 313 eram,

121 370 170 418 non
197 344 319 419 leviter
361 346 573 418 confirmata
610 354 676 418 est
727 342 822 417 Nam
860 345 1053 419 editionem
1082 345 1195 419 Hadr.
1225 347 1317 421 Iunii

120 471 385 568 lntrerpiensem
412 495 443 542 a.
475 473 589 561 1546,
629 471 665 543 in
692 496 764 567 qua
794 472 910 569 prima
941 497 1014 544 non
1046 472 1141 545 levia
1167 472 1231 545 sed
1257 499 1317 547 ex·

120 622 208 694 pressa
239 598 398 671 melioris
437 598 590 670 familiae
629 597 791 680 codicum
830 597 980 694 vestigia
1019 610 1208 696 apparent,
1255 602 1317 675 cel.

119 723 227 797 Bardilii
251 739 426 821 prompto
454 722 497 797 de
523 724 650 798 litteris
677 723 836 797 merendi
862 723 981 796 studio
1007 736 1133 798 nactus
1159 751 1249 818 sum,
1281 739 1318 802 et

120 828 235 924 duorum
260 849 431 923 codicum
456 875 538 923 mss.
565 850 800 924 bibliothecae
821 850 984 947 publicae
1005 849 1194 926 Bemensis
1216 879 1316 928 accu-

120 987 215 1049 utam·
232 1002 314 1048 cum
351 976 510 1050 editione
539 976 733 1074 Bipontina
766 1003 797 1049 a.
828 979 924 1049 1782
962 980 1185 1052 collationem
1213 1007 1235 1054 a
1260 1008 1318 1056 me

123 1115 227 1200 rogatu
254 1102 416 1176 instituit
450 1105 511 1176 cel.
537 1103 756 1177 Adalbertus
782 1102 946 1195 Iahnius,
985 1105 1045 1202 ph.
1071 1104 1133 1177 Dr.
1162 1117 1199 1178 et
1223 1108 1317 1182 illius

125 1230 317 1304 bibliothecae
345 1216 628 1326 subpraefectus.
679 1229 816 1303 Eorum
841 1230 1003 1304 codicum
1028 1233 1118 1305 alter
1140 1234 1319 1331 antiquior

121 1354 183 1427 idem
204 1368 275 1447 est,
302 1357 367 1454 qui
393 1357 433 1428 in
457 1357 576 1430 libello
602 1357 815 1431 variantium
841 1358 1034 1432 lectionum
1058 1360 1154 1456 apud
1180 1360 1317 1433 Freins-

119 1481 236 1556 hemium
255 1483 356 1557 Petri
370 1483 531 1577 Danielis
558 1510 605 1556 ex
630 1485 774 1558 nomine
799 1486 931 1560 veteris
956 1488 1172 1582 possessoris
1200 1489 1317 1585 appel·

118 1608 183 1682 latur
203 1622 238 1685 et
262 1611 313 1686 1).
340 1610 422 1684 sive
446 1609 540 1686 Dara
566 1621 730 1702 notatur,
766 1622 890 1708 estque
922 1601 1015 1684 uuus
1047 1637 1094 1684 ex
1119 1615 1317 1712 praecipuis

117 1737 236 1812 nchoris
259 1739 421 1812 'familiae
447 1737 562 1828 libris3
590 1739 691 1827 alter,
718 1763 824 1834 quem
848 1737 1110 1810 BeruensemB
1136 1765 1317 1831 vocamus,

118 1861 304 1939 adclassem
331 1864 562 1938 deterrimam
588 1875 838 1962 corruptorum
860 1865 1032 1937 librorum
1048 1867 1212 1962 pertinet,
1238 1893 1317 1965 pro·
1417 1868 1420 1873 ’

114 1988 246 2090 sineque
272 1991 320 2066 ad
353 2001 521 2064 nostrum
546 1992 791 2065 Florentinum
815 1990 851 2064 H
877 1991 1029 2066 accedit:
1067 2003 1217 2090 uterque
1243 2019 1317 2066 non

112 2125 164 2191 ¹tarn
184 2145 358 2194 novarum
385 2119 579 2191 lectionum
605 2119 754 2216 copiam,
780 2143 888 2215 quam
914 2144 962 2193 ex
983 2119 1196 2193 Florentinis
1217 2121 1316 2194 libris

114 2241 245 2320 lausum
271 2247 459 2335 habemus,
486 2247 598 2336 auxit,
625 2271 739 2342 quam
758 2247 894 2323 illustre
921 2245 1175 2322 documentum
1198 2246 1317 2320 discri-

114 2371 201 2463 minis,
229 2372 332 2472 >quod
359 2373 455 2445 inter
486 2371 626 2446 codices
654 2350 842 2447 Curtianos
877 2384 988 2464 esset,
1023 2374 1316 2472 repraesentavit.

114 2493 152 2570 lh
171 2501 289 2576 eadem
314 2500 535 2575 bibliotheca
551 2498 723 2574 Bernensi
749 2501 923 2575 benevole
947 2501 1135 2574 nobiscum
1162 2527 1316 2575 commu-

114 2624 201 2700 nirata
224 2639 310 2701 sunt
336 2627 412 2699 duo
433 2628 650 2725 exemplaria
666 2628 763 2726 typis
781 2627 976 2725 descripta:
1004 2627 1204 2700 Parisinum
1221 2627 1317 2724 apud

117 2745 262 2830 Sinonem
288 2752 502 2828 Colinaeum
536 2757 633 2828 1543
671 2764 708 2827 et
733 2752 972 2850 Lugdunense
998 2752 1094 2849 apud
1121 2753 1317 2825 Antonium

118 2872 311 2957 Vincentium
341 2881 477 2970 1546‚·
501 2880 547 2953 ad
580 2906 731 2977 quorum
763 2881 940 2977 margines
968 2880 1097 2976 partim
1124 2879 1223 2952 Petri
1248 2877 1318 2952 Da-

115 3004 187 3081 nielis
214 3010 348 3107 partim
391 3006 512 3080 Iacobi
545 3006 732 3105 Bongarsii
766 3008 929 3081 manibus
965 3008 1100 3103 aliquot
1136 3008 1317 3080 variantes

113 3129 250 3211 lectiones
278 3135 483 3231 adscriptae
509 3145 611 3208 sunt:
643 3158 769 3210 verum
800 3135 842 3208 iis
867 3134 1094 3224 lectionibus,
1126 3145 1317 3232 propterea

112 3261 184 3353 quod
206 3289 355 3361 prorsus
381 3261 538 3335 incertae
564 3271 650 3334 sunt
676 3262 916 3354 auctoritatis,
948 3261 1002 3335 uti
1026 3287 1099 3334 non
1125 3262 1316 3359 potuimus.

110 3379 198 3486 Magis
235 3390 434 3488 profuisset
463 3386 635 3460 Aldinum
675 3390 858 3486 exemplar
896 3414 919 3461 a
956 3387 1086 3461 lacobo
1119 3387 1316 3485 Bougarsio

110 3515 193 3588 variis
217 3516 432 3590 lectionibus
458 3514 611 3587 duorum
638 3513 799 3588 codicum
824 3517 1056 3606 instructum,
1089 3516 1184 3588 unde
1210 3525 1316 3587 notae

109 3636 195 3740 Bag.
223 3647 255 3715 l.
284 3645 305 3714 2
341 3641 382 3713 in
417 3642 660 3715 collectionem
693 3640 1018 3717 Freinshemianam
1052 3642 1220 3715 videntur
1254 3640 1317 3711 flu·

109 3764 197 3859 xisse,
231 3767 299 3842 sed
323 3766 413 3840 illud
439 3770 622 3867 exemplar
647 3767 784 3851 dudum
810 3769 985 3868 disparuit
1011 3767 1109 3866 (vide
1135 3767 1184 3839 lo.
1212 3763 1316 3863 Oasp.
1343 3852 1347 3861 ι

110 3885 209 3968 Orellii
235 3896 633 3969 commentatiunculam
665 3894 711 3968 de
735 3908 861 3985 nostra
891 3895 1047 3970 editione
1072 3893 1188 3966 Berol.
1219 3895 1315 3966 1826

107 4013 309 4095 inseebod.
344 4032 381 4094 et
405 4021 504 4096 lahn.
538 4047 622 4095 nov.
648 4024 764 4096 annal.
791 4025 958 4122 philolog.
991 4029 1028 4091 et
1063 4021 1258 4118 paedagog.
1284 4046 1316 4092 a.

111 4143 186 4219 1831
213 4148 286 4221 vol
312 4145 348 4220 ll
374 4173 453 4247 pag.
481 4152 529 4222 45
557 4147 663 4246 sqq.):
699 4174 914 4247 quamquam
944 4172 990 4218 ne
1022 4145 1076 4216 his
1103 4147 1246 4242 quidem
1271 4147 1318 4217 le·
