2984 5176
524 291 574 341 nn
601 288 727 342 onsrrs
754 289 863 341 anax.
889 290 967 360 vm,
986 288 1027 340 11.
1321 268 1394 340 atr

120 474 358 576 sprohibitus
384 483 479 547 esset
502 475 654 547 fratrum
680 477 755 551 eius
782 501 941 549 occursu.
996 472 1164 548 Ceterum
1189 472 1287 546 abire
1314 498 1396 546 con·

151 595 283 687 spectu
308 585 418 677 iubet,
450 585 573 660 addito
598 600 697 662 metu
723 589 858 677 mortis,
892 587 922 660 si
947 613 986 660 se
1012 586 1122 660 oculis
1150 585 1225 657 eius
1251 585 1396 659 obtulis-

149 709 230 790 set3
258 708 296 772 et
320 696 372 770 ad.
394 696 609 771 desiderium
633 699 827 774 levandum
852 684 975 772 noctes
1003 722 1109 797 agere
1135 695 1228 768 inter
1253 697 1397 794 pellices

117 811 285 910 occepit
346 805 419 883 Sed
458 810 602 908 penitus
643 814 794 886 haerens
837 836 936 884 amor
976 808 1117 883 fastidio
1158 808 1399 905 praesentium

149 945 328 998 accensus
357 931 422 994 est.
474 920 600 1019 Itaque
627 949 750 996 rursus
777 924 839 995 uni
865 923 898 995 ei
924 921 1077 1012 deditae,
1110 944 1213 993 orare
1239 946 1313 992 non
1340 916 1399 991 de·

149 1034 258 1125 stitit,
285 1043 328 1105 ut
351 1033 415 1104 tali
441 1034 586 1106 consilio
604 1035 810 1124 abstineret,
837 1042 1089 1131 patereturque
1107 1041 1250 1120 sortem,
1278 1057 1398 1128 quarn-

150 1169 299 1244 cunque
336 1143 379 1216 iis
417 1146 564 1218 fortuna
600 1146 765 1218 fecisset:
807 1145 874 1217 sibi
912 1154 1065 1218 mortem
1106 1142 1286 1215 deditione
1321 1167 1400 1215 esse

115 1259 338 1333 aleviorem.
391 1256 442 1329 At
467 1256 527 1329 illa
553 1282 707 1356 purgare
733 1282 782 1348 se,
810 1254 906 1353 quod
932 1282 1023 1353 quae
1050 1255 1150 1327 utilia
1176 1278 1255 1326 esse
1281 1278 1399 1327 oense·

150 1370 222 1445 bat
245 1367 467 1442 muliebriter
492 1369 658 1458 forsitan,
703 1367 766 1441 sed
798 1366 870 1439 fida
903 1377 1024 1440 tamen
1055 1376 1175 1439 mente
1209 1366 1398 1438 suasisset:

121 1480 206 1555 ode
229 1490 350 1554 cetero
376 1479 535 1553 futuram
560 1481 596 1552 in
623 1480 690 1552 viri
715 1489 905 1577 potestate.
959 1475 1198 1577 Spitamenes,
1231 1476 1397 1549 simulato

156 1602 285 1692 captus
312 1590 494 1687 obsequio,
522 1591 565 1666 de
593 1591 650 1664 die
676 1590 881 1664 convivium
907 1592 1072 1687 apparari
1098 1592 1215 1680 iubet3
1243 1589 1398 1685 vinoque
1435 1637 1439 1644 -

117 1712 195 1778 aet
222 1703 337 1801 epulis
363 1703 483 1799 gravis
511 1713 549 1776 et
574 1703 809 1776 semisomnus
834 1701 871 1773 in
898 1702 1099 1774 cubiculum
1125 1702 1246 1774 fertur.
1284 1698 1399 1789 Quem

151 1823 198 1887 ut
226 1814 300 1887 alto
328 1824 363 1886 et
390 1813 493 1912 gravi
519 1840 645 1888 somno
672 1814 828 1911 sopitum
855 1837 932 1885 esse
960 1813 1072 1885 sensit
1098 1836 1200 1902 uxor,
1227 1812 1396 1910 gladium,

116 1966 123 1979 -
152 1950 266 2024 quem
290 1937 394 1999 veste
420 1927 679 2016 occultaverat,
713 1925 870 2023 stringit,
904 1933 1082 2022 caputque
1109 1925 1183 1996 eius
1210 1924 1400 2014 abscisum,

103 2056 134 2107 ro
152 2062 286 2112 cruore
310 2062 485 2135 respersa,
511 2063 616 2111 servo
643 2063 708 2110 suo
735 2037 877 2108 conscio
903 2036 1068 2109 facinoris
1090 2036 1209 2108 tradit.
1262 2035 1450 2108 Eodem12

153 2148 368 2255 opmitante,
401 2148 504 2222 sicuti
530 2161 608 2223 erat
634 2160 783 2222 cruenta
807 2159 924 2238 veste,
957 2149 994 2220 in
1019 2147 1256 2222 Macedonum
1283 2157 1402 2220 castra

153 2261 339 2361 pervenit,
371 2260 597 2357 nuntiarique
623 2258 831 2333 Alexandro
857 2259 974 2350 iubet,
1007 2285 1101 2351 esse,
1134 2284 1224 2357 quae
1251 2284 1299 2333 ex
1324 2258 1402 2355 ipsa

103 2390 145 2467 ιι,
154 2370 308 2447 deberet
339 2395 542 2470 agnoscere.
594 2370 658 2445 Ille
689 2372 852 2469 protinus
887 2370 1079 2445 barbaram
1114 2372 1219 2444 iussit
1249 2369 1400 2443 admitti.

192 2559 218 2626 §-
236 2561 261 2611 5.
296 2558 370 2611 obire
389 2575 450 2611 cons
469 2557 537 2626 ectu]
574 2554 618 2610 Sic
640 2557 719 2608 Bern.
739 2558 766 2610 A
800 2557 863 2623 scio,
882 2555 978 2610 omisso
995 2574 1053 2624 suo,
1076 2555 1148 2610 Flor.
1163 2556 1266 2611 CEGH
1282 2555 1403 2611 Bernss

153 2643 244 2698 pram.
261 2624 333 2680 Flor.
346 2574 472 2693 ADrGl,
491 2642 503 2677 e
521 2643 582 2678 cons
602 2635 657 2704 ectu
674 2624 764 2692 ceteri,
799 2627 874 2677 Voss.
885 2631 971 2692 2,non
983 2625 1061 2691 male,
1080 2627 1190 2678 tradidit
1203 2625 1318 2698 denique
1327 2628 1404 2680 Voss.

154 2701 268 2766 praeter
290 2694 408 2748 Barnss
432 2703 461 2747 et
482 2693 554 2747 Flor.
618 2713 647 2746 1n
670 2693 767 2764 quibus
802 2693 1133 2747 1.2F10r.EHBern.B
1152 2694 1226 2748 falso.

156 2775 332 2833 accorpest.
358 2762 427 2815 Edd.
437 2780 458 2830 e,
475 2763 559 2816 donec
567 2761 640 2816 Mod.
650 2761 765 2816 sustulit.
1132 2815 1136 2826 ,
1184 2816 1189 2826 ,

191 2841 281 2885 noctes
298 2848 377 2901 agere
394 2833 462 2884 inter
475 2833 594 2900 pellices]
617 2831 676 2884 Hoc
684 2832 767 2883 verba
821 2812 902 2893 ,(ῙῧΡ·
921 2819 966 2880 ¹22
990 2816 1012 2881 ἕ·
1029 2820 1068 2867 10·
1105 2815 1188 2893 &full
1211 2816 1279 2884 &fall
1314 2813 1404 2883 Valg⁰

156 2899 252 2955 ordine
271 2900 398 2954 exhibenp
419 2900 505 2953 nostri
523 2907 551 2952 eg
568 2898 648 2952 snak·
667 2916 766 2966 omnes,
801 2891 869 2934 sicut
887 2892 950 2934 erut.
986 2881 1045 2934 Nos
1068 2890 1150 2935 secuti
1173 2900 1261 2935 sumus
1280 2899 1339 2935 mss.
1358 2900 1406 2936 no-

155 2968 241 3040 mlgo
258 2969 376 3040 (praeter
392 2968 478 3036 Mod.)
496 2978 563 3022 ,weg
578 2969 646 3021 ime,
654 2970 764 3038 pellice,
801 2957 915 3003 strorum
933 2967 1087 3003 consensum
1111 2959 1139 3004 et
1161 2951 1225 3004 edit.
1242 2951 1405 3004 Modianam.

158 3055 248 3108 apere.
836 3053 892 3089 esse
914 3052 980 3105 quae
1002 3053 1033 3088 ex
1053 3038 1112 3104 ipsa
1134 3036 1235 3089 deberet
1253 3037 1407 3157 agnoscere}

211 3113 262 3161 .a.
297 3123 475 3176 quameunque
500 3107 545 3175 iis]
588 3105 686 3160 Omnes
712 3106 768 3158 fere
801 3104 921 3157 Primum
934 3112 1035 3158 annoto
1048 3104 1110 3158 olim
1123 3104 1201 3157 luisse
1215 3108 1316 3170 adesse,
1334 3122 1387 3174 quo

212 3175 240 3230 d.
264 3174 351 3228 nostri
372 3181 402 3228 et
423 3174 483 3228 edd.
500 3182 568 3228 vett.
594 3176 641 3227 bis.
677 3174 767 3228 Iunius
802 3190 836 3226 ex
853 3173 934 3226 Pall
954 3173 1025 3226 Flor.
1040 3172 1131 3226 DFGI
1148 3182 1282 3244 sumptum
1299 3173 1405 3227 Medius

158 3243 189 3298 in
207 3260 292 3314 marg.
310 3250 452 3297 annotarat
469 3245 513 3308 iis,
531 3241 676 3297 etModius
694 3243 768 3296 dedit
803 3242 961 3296 auctoritate
982 3242 1119 3295 meliorum
1141 3242 1266 3296 correxit.
1302 3242 1406 3295 Deinde

157 3315 207 3377 eia,
232 3311 368 3383 secutique
385 3320 447 3365 sunt
463 3310 571 3382 reliqui3
598 3328 723 3383 sequerer
739 3320 767 3365 et
802 3312 861 3364 edd.
879 3320 946 3365 vett.
962 3319 991 3363 et
1007 3329 1067 3364 mss.
1085 3311 1170 3365 nostri
1187 3311 1293 3383 quidem
1315 3328 1405 3364 omnes
1423 3322 1426 3328 '

159 3380 167 3394 '
244 3380 267 3434 si
293 3397 406 3462 usquam
427 3379 455 3433 in
476 3379 552 3433 libris
573 3399 634 3434 mss.
654 3388 767 3434 extaret.
802 3397 941 3450 agnoscere
964 3381 1078 3446 habent,
1105 3381 1176 3451 quod
1204 3399 1258 3434 non
1287 3379 1406 3434 sustineo

179 3448 206 3504 ic
222 3451 258 3504 iis
276 3449 338 3502 dedi
356 3466 390 3502 ex
406 3449 521 3503 BernA
540 3457 569 3502 et
583 3449 716 3502 Flor.A.-
802 3450 926 3503 damnare
952 3466 1001 3520 pro
1024 3449 1096 3520 vulg.
1120 3467 1190 3503 nunc
1217 3449 1406 3502 incertissimas

193 3521 219 3587 §.
237 3524 262 3572 8.
295 3519 387 3587 gravia
410 3527 433 3571 et
459 3520 638 3586 semisomnus]
678 3517 768 3586 Vulgo
802 3517 910 3588 originis
925 3518 1056 3588 scriptura
1069 3536 1231 3588 cognoscere,
1249 3536 1327 3590 quam
1346 3536 1408 3570 uam

158 3586 263 3642 Aldum
286 3585 369 3640 secuti
391 3588 473 3640 edunt
498 3590 607 3656 vinoque
633 3597 657 3640 et
683 3589 767 3656 epulis
801 3588 868 3640 haec
885 3588 962 3640 facile
979 3586 1151 3668 plurimorum
1168 3587 1267 3640 iudicio
1285 3537 1408 3657 probabi·

157 3657 253 3737 pravis
272 3656 442 3708 semisomnus
464 3658 492 3708 in
514 3657 569 3710 cub.
588 3655 693 3726 fertur,
720 3657 767 3708 sed
801 3663 852 3708 tur.
888 3656 943 3710 Sed
965 3655 1072 3725 siquid
1098 3657 1132 3709 ad
1153 3655 1308 3708 firmandam
1330 3656 1408 3709 codd.

157 3742 187 3778 m
204 3722 342 3779 codicibus
358 3741 419 3776 mss.
437 3725 557 3779 omnibus
575 3734 604 3777 et
621 3724 707 3777 semis.
720 3726 766 3777 ad·
800 3724 879 3778 fidem
888 3725 1039 3777 addendum
1047 3732 1096 3791 est,
1114 3725 1220 3777 videtur
1229 3732 1319 3777 auctor
1328 3723 1409 3776 etiam

158 3790 247 3860 aiau,
271 3799 354 3863 atque
376 3792 427 3846 hoc
446 3792 492 3863 qui
516 3809 591 3846 aures
608 3792 692 3846 latina.
708 3811 766 3847 ora-
801 3793 834 3845 de
847 3800 1047 3865 repraesentato
1062 3792 1179 3846 facinore
1195 3792 1324 3861 cogitasse
1337 3808 1408 3843 eam-

157 3860 235 3915 tionc
250 3861 439 3914 assuafcoerint
454 3863 613 3932 praeferent.
641 3861 767 3916 Ceterum
800 3879 852 3933 quc
870 3865 904 3916 ob
923 3879 1027 3916 causam
1046 3861 1204 3932 agnoscendi
1220 3859 1310 3930 potius
1329 3876 1409 3928 quam

157 3931 220 3984 υἰηο
312 3947 343 3983 ue
368 3929 495 3983 exhibent
516 3931 593 3984 Voss.
609 3938 662 3984 1.2
686 3932 766 3985 Bern.
801 3931 975 4002 cognoscendi
984 3931 1094 3984 verbum
1137 3929 1226 3982 suisse.
1250 3928 1319 3981 Vide
1329 3945 1359 3980 su
1378 3945 1409 3980 ra

157 3999 211 4053 AB
228 3947 417 4052 ffldssffl
434 3998 537 4069 vulgari
559 4008 682 4053 notarum
704 4018 767 4053 con·
803 4002 836 4052 ad
854 4016 905 4068 vn,
924 4008 956 4054 42
976 4006 1044 4052 extr.
1111 3997 1165 4051 iror
1187 3996 1322 4050 Snakenb.
1341 3945 1407 4049 olli-

158 4066 277 4133 fusione,
301 4075 393 4121 contra
414 4070 573 4122 scmtsovnats
592 4068 679 4122 estin
696 4068 767 4122 Flor.
803 4075 859 4121 tum
869 4071 967 4122 esseda
981 4067 1112 4121 codicibus
1128 4065 1180 4119 suis
1194 4072 1329 4118 annotare.
1353 4064 1408 4117 Sed

158 4133 309 4191 DEFGHI
325 4135 407 4189 Patr
427 4135 504 4191 Voss.
513 4143 538 4191 2.
802 4137 882 4207 paulo
897 4145 957 4208 post
974 4153 1121 4204 respersum
1136 4152 1227 4187 cruore
1240 4133 1311 4186 haud
1325 4132 1406 4185 dubio

212 4212 262 4260 .9.
297 4215 426 4275 caputque
444 4207 498 4258 eius
517 4206 657 4273 abscisum]
692 4204 767 4259 Libri
803 4204 923 4260 codicum
945 4204 1026 4259 Snak.
1049 4212 1078 4256 et
1102 4210 1252 4257 nostrorum
1280 4217 1408 4254 consensu

241 4273 267 4326 ti
292 4275 451 4341 wasnaum,
477 4274 525 4326 sed
546 4291 618 4339 msa,
647 4273 767 4326 meliores
802 4275 982 4345 recipiendum
1005 4272 1057 4324 fuit
1077 4288 1126 4342 pro
1144 4271 1219 4341 vulg.
1243 4273 1407 4339 adspersam,

158 4350 236 4396 certa
253 4358 359 4411 omues,
385 4348 418 4395 ut
440 4357 547 4396 necessa
564 4349 605 4396 est
628 4343 767 4397 abscisum.
803 4359 862 4395 oum
873 4352 902 4396 et
914 4341 1010 4396 fortius
1023 4340 1058 4394 sit
1071 4349 1100 4394 et
1112 4357 1129 4395 a
1141 4339 1246 4411 vulgari
1262 4357 1311 4393 usu
1328 4339 1408 4411 paulo

158 4411 295 4480 Vidavn,
305 4418 339 4466 41
357 4417 387 4466 ct
402 4424 448 4480 m,
462 4416 505 4466 29.
530 4411 603 4466 Tum
619 4429 693 4466 servo
708 4429 768 4466 con·
802 4412 934 4466 remotius.

1167 4495 1219 4549 24*
