2926 5174
567 325 763 379 srrnunlx.
1182 262 1188 272 Β
1207 308 1254 377 57
1259 307 1280 376 3

136 512 159 584 5.
178 511 205 568 8.
250 519 276 568 et
294 512 397 586 umore]
423 510 524 570 Omitt.
549 521 575 569 et
599 512 677 570 Flor.
695 511 777 569 DFI.
821 511 968 569 lacrimans
992 529 1072 568 orere
1088 513 1216 585 primurm]
1236 513 1280 568 iu-

81 598 167 653 imuns
184 600 267 671 eoepit
286 616 368 654 orere
384 601 503 672 primum
519 598 597 655 Flor.
615 596 750 654 DEFHI
775 597 861 654 Bern.
879 597 923 670 B,
948 598 1015 654 loer.
1033 613 1146 654 exorere
1163 599 1281 670 primurn

81 683 128 740 lor.
147 680 191 756 G,
207 685 293 757 eoepit
311 683 341 739 in
358 682 447 741 Voss.
467 685 485 740 2
510 683 552 761 (et
567 682 632 740 Pul.
650 683 679 739 2.
698 683 732 756 3)
755 691 821 758 post
834 686 956 758 primurn
973 681 1095 756 additur,
1111 681 1235 757 itemque
1253 683 1282 739 in

81 787 121 825 er.
139 768 207 826 Ald.
224 768 291 826 Iun.
312 770 344 843 (a
361 768 460 827 Modio
479 770 647 843 subletum).
687 769 888 844 beniuolentiae]
909 768 1028 827 Annoto
1046 769 1087 827 sie
1103 767 1133 824 in
1150 768 1282 826 omnibus

81 853 129 912 tris
146 854 249 912 nostris
266 873 332 912 esee
348 863 460 930 praeter
477 856 555 913 Flor.
575 852 599 913 C
617 854 647 912 in
665 873 721 929 quo
739 855 940 913 benevolentiae.

134 942 158 1014 5.
179 941 225 999 10.
270 943 396 999 eversori
411 943 511 1017 seelus]
530 941 673 999 adversari
695 940 774 999 Flor.
792 939 901 999 FGHI
917 940 1003 998 Bern.
1021 938 1048 997 B
1067 938 1155 998 Voss.
1174 941 1192 997 2
1212 940 1282 998 Ald.

81 1045 121 1084 on
138 1026 202 1084 Iun.
220 1034 271 1084 aut
287 1024 383 1103 Mod.)

133 1112 158 1185 5.
178 1113 232 1170 12.
268 1114 348 1170 ruodo
365 1114 450 1188 illius]
480 1113 572 1171 omitt.
596 1112 676 1171 Flor.
693 1112 736 1188 E,
764 1101 842 1170 modo
860 1113 901 1170 illi
924 1112 1003 1171 Flor.
1021 1111 1128 1169 DFHI
1150 1111 1237 1169 Bern.
1255 1111 1281 1167 B

81 1215 136 1256 oss.
155 1198 184 1254 2.

133 1284 158 1356 5.
179 1282 226 1341 15.
269 1284 420 1359 Peucolao]
439 1285 578 1342 Peueuloo
595 1284 675 1344 Leid.
692 1284 781 1342 Voss.
802 1285 816 1340 1
841 1283 927 1343 Bern.
946 1284 977 1341 Α
994 1284 1073 1342 Flor.
1091 1282 1132 1356 A,
1151 1283 1282 1357 peneuloo

81 1387 126 1427 or.
144 1369 181 1441 B,
197 1369 262 1426 inde
280 1377 445 1446 eonuptum
463 1373 593 1445 penoeulo
611 1372 689 1429 Flor.
706 1367 866 1428 CDEFHI
883 1371 968 1428 Bern.
984 1370 1010 1427 B
1028 1369 1092 1428 Pel.
1113 1369 1139 1425 1.
1156 1370 1174 1423 2
1193 1368 1282 1426 Voss.

93 1456 202 1529 petuloo
219 1455 298 1513 Flor.
318 1453 349 1513 G
366 1455 431 1512 Pal.
450 1456 486 1529 3,
504 1457 580 1513 unde
597 1458 717 1515 Peeuloo
734 1457 796 1513 edd.
815 1462 885 1514 vett.
902 1474 993 1531 usque
1010 1456 1047 1512 ed
1064 1455 1208 1526 Medium,
1234 1452 1284 1527 qni

81 1540 156 1598 imus
180 1542 316 1599 Peucolao
334 1541 420 1599 dedit.
465 1543 571 1617 adiicit]
597 1544 681 1600 euicit
703 1560 801 1600 omnes
825 1541 916 1600 nostri
940 1549 1051 1616 praeter
1075 1541 1153 1598 Flor.
1177 1539 1208 1596 H
1234 1538 1284 1613 qui

81 1628 150 1685 liieit.
190 1624 386 1701 Apboebetum]
408 1627 562 1700 opoebeturn
579 1627 660 1684 Leid.
686 1627 774 1686 Voss.
795 1630 810 1684 1
839 1635 867 1685 et
884 1627 975 1687 nostri
996 1645 1109 1700 omnes,
1134 1625 1190 1683 nisi
1207 1625 1283 1699 quod

81 1712 230 1770 oboebetunt
246 1714 296 1786 (ut
312 1711 393 1782 editi)
421 1713 499 1770 Flor.
518 1711 564 1785 G,
590 1713 747 1789 opoebeturn
768 1714 846 1771 Flor.
865 1713 901 1771 Ε.
946 1713 1064 1787 loreum]
1085 1716 1184 1770 ioeeurn
1202 1711 1282 1767 Leid.

81 1816 135 1855 oss,
158 1798 185 1854 1.
204 1799 221 1854 2
245 1806 274 1855 et
291 1816 390 1856 omnes
407 1798 512 1871 nostri,
530 1798 586 1856 nisi
608 1800 683 1874 quod
701 1802 798 1858 ioeturn
815 1800 894 1857 Flor.
912 1798 973 1856 ΕΗ
989 1798 1076 1854 Bern.
1094 1799 1138 1871 B,
1163 1797 1283 1854 Loeeurn

81 1903 124 1942 or.
144 1881 175 1941 G
192 1883 257 1942 Pal.
279 1885 294 1941 1
314 1884 404 1942 Voss.
424 1884 442 1940 2
461 1892 490 1941 et
507 1884 569 1941 edd.
587 1903 630 1960 pr.
648 1885 718 1942 Ald.
736 1884 802 1942 Iun.
820 1884 900 1943 Mod.
917 1884 967 1941 rel.
992 1883 1161 1957 Diouenurn]
1192 1883 1282 1939 omitt.

81 1989 125 2027 or.
143 1969 180 2042 B,
202 1971 358 2027 idiouenurn
375 1969 456 2026 Leid.
474 1969 560 2035 Bern.
579 1967 637 2028 Ac
654 1970 719 2027 Pal.
740 1971 768 2044 1,
785 1968 960 2027 Adiosenum
976 1969 1064 2027 Voss.
1086 1971 1119 2042 1,
1143 1970 1283 2025 diesenuns

81 2074 125 2112 or.
144 2053 175 2113 G
192 2055 258 2112 edit.
276 2074 337 2131 pr.,
354 2057 502 2113 diosernunt
519 2055 646 2129 Aldina,
670 2055 797 2127 Iuntina,
815 2057 957 2130 diooenurn
974 2055 1053 2112 Mod.
1096 2052 1279 2126 Areleepolint]

81 2142 193 2215 ospolim
217 2140 305 2200 Voss.
334 2143 361 2199 1.
386 2141 404 2198 2
429 2141 514 2198 Bern.
536 2136 571 2201 A
599 2142 677 2200 Flor.
700 2138 832 2216 ABCG,
860 2142 1008 2215 areopolim
1028 2139 1131 2215 reliqui
1151 2137 1230 2196 Flor.
1255 2144 1284 2194 et

81 2245 133 2283 ern.
151 2227 188 2283 Β.

112 2309 185 2387 Cap.
199 2312 249 2385 26,
261 2313 285 2386 5.
304 2312 353 2370 16.
379 2309 520 2387 Cebalino]
538 2313 669 2372 Oebalino
684 2314 807 2372 Bern.B
823 2320 995 2385 constanter,
1013 2312 1063 2370 sed
1075 2311 1148 2370 eliae
1163 2309 1282 2369 verieta-
1408 2328 1410 2333 ·

81 2416 159 2456 enon
170 2405 324 2456 enotentur
339 2417 377 2455 ex
391 2397 471 2455 eodd.
482 2399 599 2477 nostrie,
613 2401 748 2459 erebulino
759 2400 825 2457 edit.
840 2419 882 2474 pr.
895 2399 945 2458 sed
962 2408 1063 2475 postea
1080 2398 1151 2455 nihil
1168 2416 1187 2453 a
1203 2395 1283 2471 vulg.

81 2484 179 2541 ebolino
195 2485 341 2542 diversum
358 2490 488 2558 notetur,
517 2483 653 2544 Oebollino
670 2486 741 2545 Ald.
758 2486 825 2543 Iun.
842 2485 921 2544 Mod.
958 2482 1016 2543 Sed
1033 2484 1192 2555 Κεβαλῖνος
1209 2481 1286 2556 apud

81 2570 207 2628 todorum
224 2578 269 2628 est
293 2589 316 2628 e.
336 2571 386 2628 79.
421 2569 559 2629 Boiissvoe
584 2574 661 2648 apud
683 2572 830 2630 Plutarch.
854 2572 885 2629 in
906 2571 995 2629 Alex.
1013 2571 1070 2640 49,
1094 2568 1144 2626 sod
1161 2569 1286 2644 Anony-

81 2674 122 2729 ηε,
139 2663 173 2714 ut
190 2657 277 2732 solet,
293 2664 369 2715 reete
386 2654 510 2732 corrigit.
554 2658 712 2733 subsistere]
731 2658 880 2715 substinere
897 2657 976 2722 Flor.
994 2653 1136 2728 DEFHI,
1153 2656 1286 2712 sustinere

81 2761 134 2800 ern.
152 2741 188 2799 B.
524 2778 526 2782 Α

133 2829 159 2902 5.
180 2828 229 2886 18.
273 2829 415 2902 insertum]
441 2830 559 2887 incertus
580 2828 659 2886 Flor.
678 2824 823 2901 CDFGI,
846 2825 981 2885 omittunt
998 2824 1077 2882 Flor.
1094 2825 1127 2881 H
1143 2825 1230 2881 Bern.
1248 2823 1285 2879 B.

81 2914 216 2988 bstiterot]
235 2915 394 2971 subsisterat
410 2913 497 2971 Bern.
511 2914 552 2987 A,
569 2914 723 2971 subsisteret
739 2913 820 2971 Leid.
837 2912 958 2970 Vose.1
978 2911 1057 2968 Flor.
1073 2909 1141 2983 AB,
1159 2911 1307 2975 consiste,

81 3003 137 3057 tin
156 3003 232 3074 reoio
250 3002 367 3075 ossuuit.
385 2999 448 3058 buin
468 2997 531 3056 Oeb.
554 3001 632 3058 Flor.
651 2997 693 3074 C,
716 3000 872 3057 subsisteret
896 3000 925 3054 in
947 2999 1025 3070 reqio
1040 2997 1203 3069 superuenit.
1222 2994 1285 3049 lune

81 3085 113 3143 eb.
131 3085 212 3143 Flor.
231 3083 270 3144 G.
314 3087 450 3159 nuntiem]
470 3088 598 3144 nuntiare
614 3085 693 3143 Flor.
710 3086 748 3159 E,
765 3087 897 3143 nunciare
914 3083 957 3140 ed.
976 3101 1019 3158 pr.
1038 3081 1111 3138 Mer.
1129 3080 1199 3138 Ald.

134 3173 160 3246 5.
190 3171 240 3228 21.
283 3191 318 3229 ne
342 3180 398 3229 tunt
421 3172 543 3248 quidem]
567 3181 710 3230 notamen
733 3173 840 3247 quidem
864 3171 943 3228 Flor.
961 3167 1021 3225 EH
1048 3169 1125 3242 (sup.
1144 3185 1197 3224 ser.
1216 3162 1286 3240 tunt)

81 3275 135 3315 ern.
158 3255 196 3312 Β.
854 3257 858 3265 “

134 3344 160 3417 5.
186 3341 236 3398 22.
277 3342 389 3399 Metron
407 3351 467 3399 erat
483 3345 508 3399 ei
524 3345 631 3416 nomen]
651 3351 737 3400 meten
759 3342 837 3401 Flor.
855 3342 896 3415 E,
921 3342 1051 3399 Metrono
1069 3340 1156 3398 Bern.
1175 3339 1218 3412 B,
1242 3339 1286 3398 M.

81 3437 108 3486 nt
125 3446 221 3502 nornen
239 3429 264 3484 ei
281 3428 349 3484 edit.
368 3446 411 3504 pr.
428 3427 501 3486 Mer.
519 3427 590 3486 Ald.
609 3428 685 3502 Iun,
704 3428 794 3486 omitt.
805 3431 830 3486 ei
847 3428 926 3487 Mod.

136 3528 207 3608 Cap.
224 3531 275 3605 27,
293 3533 318 3605 §.
337 3532 387 3589 25.
422 3532 606 3607 percontatus]
626 3539 817 3606 peronnetotus
833 3531 912 3589 Flor.
931 3528 1044 3590 BCFH
1062 3550 1139 3607 apr.
1157 3549 1206 3605 m,
1222 3547 1287 3606 per·

82 3625 177 3674 ntotus
200 3616 279 3675 Flor.
298 3615 362 3675 GH
384 3618 420 3675 eb
437 3618 486 3675 alt.
509 3636 547 3674 m.
572 3616 660 3675 Bern.
683 3616 725 3691 B,
750 3627 938 3692 perconctatus
962 3618 1041 3677 Flor.
1060 3618 1098 3676 D.
1141 3617 1286 3692 eoqnoseit]

81 3705 171 3777 onooit
187 3701 267 3760 Flor.
285 3703 418 3760 DEFHI
436 3704 522 3760 Bern.
540 3702 577 3759 B.

134 3806 160 3879 5.
180 3805 231 3862 27.
275 3793 372 3879 eoepit]
392 3804 488 3863 omisit
505 3804 622 3863 Medius
640 3821 693 3861 suo
710 3822 797 3863 more.

135 3908 161 3981 5.
181 3907 232 3964 28.
278 3908 426 3982 quondum]
448 3908 565 3983 quodam
582 3906 661 3964 Flor.
679 3905 755 3964 EHI
772 3907 860 3965 Bern.
879 3908 914 3965 B.

135 4008 161 4081 5.
181 4008 232 4065 29.
276 4012 468 4083 ooeerseretur]
489 4007 538 4067 Sie
554 4009 642 4066 edidit
655 4005 744 4066 Snek.
758 4018 786 4066 et
800 4009 871 4066 nihil
884 4006 1033 4066 annotavit
1044 4006 1080 4064 de
1095 4005 1174 4065 oodd.
1192 4003 1288 4063 Etiam

81 4094 139 4151 stri
156 4093 264 4151 habent
278 4095 353 4170 quod
366 4094 611 4170 praeseripsimuS,
629 4102 741 4152 tentum
753 4096 829 4169 quod
840 4096 1017 4152 accersiretur
1028 4093 1058 4151 in
1069 4093 1148 4150 Flor.
1158 4088 1289 4150 OEFGI

81 4198 136 4237 ern.
155 4177 193 4252 B,
210 4183 392 4238 arcessiretur
409 4181 488 4238 Flor.
506 4180 546 4236 D.

133 4285 159 4356 5.
180 4283 231 4340 30.
266 4284 392 4356 eoqitoot]
413 4285 523 4357 eoqnooi
538 4283 618 4342 Flor.
639 4279 798 4340 CDEFHI
816 4281 903 4342 Bern.
922 4280 959 4337 B.
974 4270 977 4276 ⁵
994 4283 1049 4339 iorn
1066 4281 1162 4357 defen]
1183 4298 1290 4355 quoque

81 4369 102 4442 f.
119 4368 202 4426 Flor.
221 4366 303 4426 DFI.
337 4387 356 4425 α
373 4369 478 4444 senso]
498 4367 600 4427 Omitt
618 4387 637 4427 a
653 4368 684 4426 in
701 4368 780 4428 Flor.
798 4368 824 4424 B
842 4367 928 4425 Bern.
947 4365 987 4424 A.
1022 4367 1081 4426 Hie
1097 4369 1243 4442 conlapsus
1261 4372 1291 4422 et

82 4456 227 4532 tinquitur.
466 4463 468 4467 ’
