2926 5174
372 272 421 322 na
448 271 574 323 aasrls
601 272 709 322 anax.
736 273 785 340 Ν,
813 270 855 322 so.
1155 255 1227 326 139

79 478 135 526 ma
176 452 343 552 Meleagri
380 455 438 527 ala
476 454 612 527 stabat:
660 479 767 551 quam
812 455 972 552 phalanx
1011 455 1236 552 sequebatur.

79 592 86 638 3
119 565 338 662 phalangem
368 564 632 664 Argyraspides
666 575 783 637 erant:
816 566 871 638 his
898 564 1068 655 Nicanor,
1094 564 1237 641 Parme·

80 676 112 747 is
139 676 249 767 filius,
273 686 444 773 praeerat.
483 674 525 746 In
551 675 717 750 subsidiis
744 700 826 748 cum
850 701 960 749 manu
985 702 1051 750 sua
1077 674 1236 752 Coenos:

79 922 83 936 .
109 883 191 953 regia
212 885 352 937 vocabatur
370 882 443 938 Clito
459 883 602 952 praesecto,
637 884 760 955 appellat.
804 883 967 955 Polypercon
994 885 1104 954 deinde,
1130 893 1240 941 auctore

80 952 192 1005 mnibus
217 951 309 1005 turmis
349 958 453 1005 raeerat
473 950 602 1018 Philotas,
636 952 755 1006 Diodoro
796 970 850 1005 non
867 953 1012 1023 peregrinis
1029 954 1169 1023 militibus,
1193 956 1239 1008 sed

79 1020 181 1073 anienis
206 1020 281 1074 filius.
345 1023 482 1090 lalangem
508 1019 603 1072 deinde
637 1021 736 1091 legioni
761 992 983 1091 Stymphaeorum
1027 1030 1145 1090 raeerat,
1173 1041 1239 1094 quos

79 1088 111 1141 ali
128 1088 241 1142 nomine
260 1089 367 1143 Curtius
383 1088 513 1159 appellat,
533 1089 604 1157 quod
638 1088 746 1144 Curtius
767 1088 872 1142 videtur
898 1089 981 1143 socios
1030 1092 1173 1160 acadonrnn
1190 1110 1239 1162 pu-

79 1157 168 1229 ἱγημα
191 1163 251 1209 τῶν
272 1160 376 1224 πεζῶν,
394 1165 422 1210 et
439 1157 603 1225 Argyraspi-
637 1164 715 1210 tasse.
750 1157 847 1238 Inepta
876 1157 956 1210 etiam
986 1175 1053 1229 quae
1079 1167 1239 1229 sequuntur:

79 1225 206 1295 quitum
222 1227 338 1278 nondum
355 1232 443 1290 erant,
462 1226 508 1277 sed
525 1242 603 1279 voca·
637 1228 715 1279 buius
739 1227 853 1295 aymarus
880 1227 1008 1293 Amantes
1033 1229 1156 1296 princeps
1183 1237 1241 1281 erat

78 1291 309 1345 remanserat:
331 1294 360 1348 cf.
380 1294 455 1347 Curt.
477 1308 541 1359 vm,
562 1300 603 1346 17.
638 1293 741 1364 (scripsi
765 1294 869 1347 inverso
890 1281 982 1347 ordine
1003 1295 1143 1349 verborum
1204 1297 1240 1348 'n-

79 1379 95 1414 a
113 1360 144 1414 in
162 1361 241 1414 Leid.
258 1362 335 1415 Voss.
354 1370 366 1414 1
390 1362 470 1415 Bern.
488 1363 514 1414 A
530 1361 603 1414 Flos.
638 1380 666 1415 ce
683 1381 697 1414 s
715 1364 844 1431 Amyntas
862 1378 897 1414 ex
913 1362 1010 1417 nostris
1027 1363 1108 1416 Bern.
1125 1366 1151 1416 A
1164 1314 1240 1417 Pion

79 1429 183 1482 ribitur
197 1432 285 1499 apima
298 1429 412 1483 Itacismi
430 1447 516 1496 eausa,
533 1431 604 1482 unde
637 1380 724 1496 AssG,
743 1432 871 1499 Amyntas
889 1433 943 1483 dax
960 1431 1104 1484 FlenDFI
1123 1452 1129 1484 ε
1147 1432 1240 1485 Phila·

82 1498 254 1567 reliquorum
278 1498 405 1551 librorum
425 1515 486 1550 mss.
503 1505 532 1551 et
548 1497 603 1568 pri-
636 1517 687 1568 pas
701 1500 831 1552 Balacros
850 1501 962 1568 repebat,
982 1501 1174 1553 incameratam
1191 1518 1240 1553 ηα-

92 1566 236 1620 editorum
262 1574 341 1619 natus
367 1575 409 1619 est
438 1574 470 1619 ut
496 1568 604 1636 agmina
632 1585 685 1636 per
703 1569 826 1621 adscitos.
843 1567 941 1637 Neque
957 1567 1027 1621 enim
1045 1568 1177 1638 intelligas
1187 1585 1241 1638 quo

79 1628 164 1687 rdur.
185 1634 291 1698 Primus
310 1634 384 1687 dedit
396 1634 487 1687 Iunius
504 1652 604 1704 apeme.
638 1637 868 1706 pronomenJrnr'as
877 1636 1018 1706 pertineat,
1037 1654 1096 1690 cum
1110 1638 1240 1707 Amyntas

79 1710 96 1756 rt
120 1702 172 1756 ille
199 1711 227 1755 et
248 1702 342 1773 reliqui
363 1710 468 1773 praeter
484 1702 605 1757 Modium
639 1703 682 1755 alii
696 1703 864 1769 hauddubie,
874 1703 986 1758 nonPol
1037 1704 1135 1759 reontis
1143 1704 1242 1775 agmini

79 1780 165 1824 erunt
200 1771 265 1825 edit.
296 1771 421 1841 principis
450 1771 606 1841 scripturam
639 1771 802 1841 praefuerit,
834 1788 883 1825 nec
912 1790 1039 1842 popuum
1070 1774 1241 1827 Balacrorum

79 1849 142 1906 ant,
162 1857 215 1910 pro
237 1856 289 1908 quo
305 1839 333 1891 in
353 1857 414 1892 mss.
431 1846 472 1892 est
488 1841 606 1909 appella-
640 1839 697 1911 quis
717 1856 778 1891 uam
795 1839 905 1892 noverit.
924 1840 1025 1893 Verum
1041 1839 1106 1894 haec
1122 1849 1242 1894 extrema

81 1909 158 1979 quod
177 1925 253 1961 nune
269 1910 373 1960 demum
386 1923 494 1962 revoco:
514 1909 606 1961 eadem
640 1858 766 1962 meniiosa
791 1917 866 1973 sunt,
898 1924 983 2030 neqpe
1013 1910 1091 1962 credo
1119 1908 1241 1962 Curtium

96 1991 126 2043 v,
148 1982 201 2042 15,
221 1982 268 2028 21.
639 1984 744 2029 tantum
762 1976 795 2028 ab
812 1984 919 2029 auctore
961 1993 1037 2030 raeco
1046 1979 1189 2042 aberrasse,
1199 1984 1239 2043 ut,

79 2050 116 2097 28.
160 2047 194 2096 in
222 2045 349 2096 subsidiis
372 2063 428 2097 cum
453 2062 533 2098 manu
555 2061 605 2097 sua
640 2062 699 2097 cum
716 2043 848 2098 Diodorus
865 2045 958 2097 eodem
974 2045 1048 2098 fonte
1069 2062 1130 2097 usus
1147 2046 1242 2098 habeat

80 2115 105 2179 a]
124 2112 284 2180 Hucusque
298 2111 404 2165 Curtius
417 2114 527 2165 eandem
545 2128 606 2164 eum
644 2111 784 2167 Φίλιππος
797 2110 811 2164 ὁ
824 2110 973 2186 Βαλάκρου
992 2113 1046 2178 τὴν
1062 2120 1160 2179 συνεχῆ
1176 2113 1242 2166 ταύ-

81 2198 113 2234 ro
143 2179 381 2251 reprehensionem
402 2181 532 2245 subierat,
559 2181 606 2232 sed
639 2201 687 2245 της
717 2186 885 2255 στρατηγίαν
910 2179 1047 2254 ἐπλήρου,
1065 2181 1121 2253 ipse
1146 2199 1242 2235 noram

79 2266 108 2302 ro
117 2249 219 2301 Marte
232 2264 320 2300 errare
331 2248 431 2318 incipit,
446 2250 508 2301 dum
523 2248 606 2302 Grae·
641 2256 748 2317 gentem
770 2264 803 2300 ex
825 2256 936 2328 paterno
958 2249 1064 2303 nomine
1080 2250 1241 2322 procuderit.

79 2326 218 2370 iactarem
233 2317 516 2382 suumlclitarchumo
535 2316 606 2384 inor)
641 2317 726 2372 Codd.
744 2317 837 2386 optimi
856 2317 948 2384 (Bern.
966 2319 992 2370 A
1009 2318 1081 2372 Flor.
1098 2319 1148 2371 AB
1166 2318 1241 2372 Leid.

83 2384 246 2450 intellexit,
277 2402 293 2436 a
322 2402 373 2455 qua
402 2403 432 2438 re
457 2336 606 2438 Diodorum
640 2385 717 2438 Voss.
737 2390 763 2451 l)
781 2387 924 2507 pbaligras
942 2387 1091 2440 homericos
1109 2405 1138 2439 re
1156 2388 1241 2453 ebant,

79 2470 108 2507 ae
125 2452 248 2522 linguae
262 2452 352 2505 melior
365 2453 606 2523 intelligentiatue-
641 2453 686 2506 alii
705 2454 786 2520 (Flor.
804 2453 854 2506 DF
881 2455 907 2516 It
926 2456 1042 2508 balearis
1060 2472 1118 2523 eos,
1136 2406 1242 2509 iloni)

120 2521 204 2575 Nam
239 2521 309 2599 quod
339 2521 407 2575 dixit
431 2522 459 2574 in
485 2521 606 2575 subsidiis
642 2523 793 2575 balacreeos
805 2521 905 2575 FlenE
916 2523 1029 2592 denique
1041 2525 1144 2576 balacrr'
1151 2542 1202 2589 eos,
1212 2530 1243 2575 ut

79 2589 168 2644 Coeni
190 2597 283 2655 taxrn,
300 2590 366 2642 male
384 2589 512 2710 expressit
523 2589 606 2643 Grae·
640 2589 693 2642 iam
702 2598 828 2660 appareat
841 2590 921 2643 fuisse
932 2590 1015 2671 patris
1029 2607 1124 2644 nomen
1133 2590 1160 2643 in
1169 2591 1243 2670 geni-

79 2658 147 2711 ma
167 2657 410 2711 andromedam
435 2679 466 2710 εν
483 2658 606 2724 τούτων,
640 2658 1118 2729 tivoeasuhominisipsrusnominiap
1138 2668 1243 2712 osrtum.

79 2745 95 2778 n
112 2725 231 2779 variare
249 2725 336 2777 studet
347 2725 493 2779 orationem
505 2725 607 2789 fallitur
641 2726 695 2779 Sed
704 2745 763 2781 eum
773 2727 859 2796 ipsum
867 2728 1012 2795 Ampntam
1025 2744 1105 2779 nona
1123 2726 1202 2778 fuisse
1215 2727 1242 2779 in

79 2795 108 2849 it.
138 2793 341 2864 Sequebantur
357 2795 426 2847 enim
443 2795 470 2846 in
487 2802 605 2847 extremo
640 2795 749 2865 proelio,
768 2795 888 2847 sedtum
906 2794 933 2847 in
941 2793 1120 2846 Macedoniam
1138 2795 1172 2845 ad
1181 2811 1242 2847 con-

83 2865 193 2917 dextro
217 2877 289 2930 quae
304 2863 464 2915 vocabantur
479 2867 606 2926 πεζεταί-
639 2863 780 2933 quirendos
806 2863 902 2915 milites
928 2861 1035 2914 missum
1058 2861 1115 2931 ipse
1133 2861 1241 2915 Curtius

79 2928 304 2986 xMacedoniae
334 2930 605 3000 entibusconscripto-
639 2946 667 2997 r,
688 2938 702 2985 6
721 2929 861 2983 tradiderit
887 2938 916 2982 et
938 2929 993 2981 eius
1018 2929 1184 2998 praefectura
1201 2928 1241 2981 in-

79 3016 109 3055 ex
123 3000 264 3081 legiones
275 2999 388 3065 (ταίψις)
403 2999 521 3079 singulae
533 2998 605 3051 mille
640 2998 718 3051 terim
735 2999 768 3050 ab
786 2997 838 3050 alio
856 2996 1037 3049 administrata
1054 2997 1089 3049 sit
1108 2997 1154 3065 (ab
1172 2996 1241 3050 Sim-

89 3069 250 3132 homrnum,
271 3073 297 3117 et
310 3072 393 3137 prima
405 3068 510 3137 qu1dem
520 3066 604 3120 Caeni
639 3067 691 3119 mia
704 3065 727 3119 si
743 3065 884 3118 Arrianum
893 3080 937 3131 111,
949 3072 990 3133 11,
1002 3071 1016 3118 9
1035 3081 1154 3134 sequare,
1164 3081 1242 3135 quem

85 3134 247 3207 Elymiotis.
290 3134 459 3204 Reliquamm
487 3135 604 3205 quinque
638 3135 771 3188 Diodorus
793 3133 899 3204 quidem
920 3151 974 3186 non
999 3131 1087 3200 novit,
1117 3134 1163 3185 sed
1186 3132 1242 3186 eius

79 3204 114 3259 aa·
130 3212 221 3260 erant
241 3204 382 3256 secundum
390 3203 531 3256 Arrianum
539 3203 605 3256 Per·
639 3204 697 3256 loco
714 3201 814 3255 inscie
832 3201 1002 3255 describenda
1014 3200 1165 3272 Philippum
1180 3202 1242 3254 sub-

100 3274 239 3328 Orontae
263 3271 306 3338 fil,
323 3271 453 3341 Melager,
477 3272 605 3342 Polyper·
640 3272 709 3338 dit);
732 3269 832 3342 poterit
855 3269 947 3341 aliquis
977 3269 1102 3323 audacior
1127 3269 1164 3324 sic
1185 3270 1242 3323 sere

79 3342 196 3396 limmias
219 3340 364 3408 (Amyntae
372 3340 452 3408 loco),
472 3340 606 3394 Craterus.
639 3341 718 3393 firisse
735 3347 842 3410 putare:
864 3341 957 3393 cuias
980 3339 1094 3407 cymbris
1114 3340 1242 3408 princeps

79 3430 121 3464 rus
150 3409 259 3463 eadem
288 3408 474 3477 praesectorem
500 3407 606 3461 nomina
641 3410 769 3477 Amyntas
784 3416 849 3473 erat,
863 3409 1003 3477 Philippus
1014 3406 1081 3475 (sive
1107 3408 1162 3460 uod
1171 3406 1243 3460 aliud

83 3486 208 3551 praeter
227 3474 376 3540 Simmiam,
395 3476 437 3528 cui
453 3475 541 3546 Philip
561 3494 605 3527 um
640 3475 840 3546 nomenmavis)
858 3477 971 3529 Balacri
985 3425 1148 3545 eorrepebat,
1159 3493 1242 3544 nuper

79 3548 137 3615 nit,
154 3543 295 3612 additque
304 3543 445 3597 Perdiccae
453 3544 528 3596 taxin
538 3495 606 3597 bre-
640 3547 669 3597 in
686 3547 831 3597 societatem
845 3544 1049 3664 qrraefecturae)
1067 3546 1174 3598 ascitas.
1191 3545 1243 3598 At-

79 3636 85 3668 ι
108 3616 382 3685 Lyncestarumque,
405 3611 606 3682 Polypercontis
640 3629 692 3684 que
712 3630 766 3666 non
788 3611 910 3692 equiem
932 3613 1008 3666 video
1035 3612 1098 3682 quid
1116 3612 1243 3683 impediat

80 3685 228 3737 haeorum
245 3678 330 3732 fuisse.
364 3685 458 3751 Itaque
470 3691 532 3751 port
550 3698 607 3733 eum
641 3680 778 3751 quominus
796 3698 832 3733 sic
849 3683 956 3748 edatur,
980 3689 1051 3734 certo
1071 3680 1116 3760 qui
1134 3681 1198 3733 haee
1215 3680 1243 3732 in

79 3771 97 3805 'e
128 3753 337 3868 Lyncestaeque
363 3759 423 3802 sunt
449 3749 605 3820 scripsimus,
641 3756 720 3802 textu
745 3748 830 3819 leget,
857 3749 976 3819 proxime
998 3749 1030 3801 ad
1048 3765 1086 3801 ror
1103 3748 1244 3800 veritatem

79 3838 111 3874 ae
130 3815 238 3872 invitis
258 3830 288 3868 co
308 3816 607 3888 'cibus,quorumlibra-
641 3819 758 3871 accedet.
803 3816 889 3880 Quam
910 3835 970 3868 uam
1005 3816 1061 3867 ficri
1094 3822 1185 3884 potest
1211 3823 1243 3867 ut

79 3899 170 3941 restes
203 3885 285 3936 heros
309 3885 415 3938 nimium
441 3894 519 3939 notus
545 3884 606 3951 fuit,
642 3885 764 3951 Curtius,
783 3885 828 3954 qui
847 3835 926 3938 modo
944 3883 1142 4002 Polpperoontis
1161 3881 1242 3961 legio·

79 3967 136 4010 stae
162 3960 198 4006 et
228 3961 290 4004 sunt
314 3954 430 4006 codicum
456 3957 605 4018 consensu),
641 3971 701 4006 nem
731 3971 781 4022 pro
812 3951 958 4022 peregrinis
1001 3951 1127 4016 rabuerrt,
1156 3957 1242 4027 ¹etiam

79 4025 134 4078 rlso
154 4019 250 4088 vulgo
269 4019 386 4074 ederetur
414 4024 516 4075 Orestes
534 4022 606 4088 Lyn·
640 4019 773 4090 Amyntae
807 4038 900 4089 agmen
936 4016 1093 4087 singularem
1128 4015 1243 4086 ahquam

79 4110 117 4146 'ue
145 4085 235 4161 quasi
254 4085 345 4141 dueum
362 4091 467 4143 nomina
483 4097 512 4142 et
529 4088 607 4142 omit-
660 4098 748 4142 entem
764 4088 882 4158 putarit,
901 4086 973 4140 cuius
989 4083 1095 4153 regulus
1112 4087 1242 4153 Amyntas

78 4181 87 4214 .·
115 4166 199 4213 sunt.
245 4152 389 4212 Diodorus:
419 4158 480 4224 ἑξῆς
504 4155 534 4209 δὲ
554 4157 608 4221 τὴν
640 4107 733 4223 iuerit,
755 4173 813 4208 eam
834 4173 866 4207 uo
888 4155 970 4225 ipsam
991 4159 1096 4217 gentem
1113 4168 1197 4222 nuper
1215 4153 1244 4206 iu

79 4231 202 4281 αεστιῦν
217 4225 315 4273 καὶΛυ
333 4226 608 4289 κηστῶατάξινέατη-
642 4226 795 4281 societatem
835 4225 976 4277 aoedonum
986 4220 1152 4288 adsumptam
1160 4220 1243 4273 finxe-

79 4286 193 4349 'rr-ianus
220 4303 277 4359 pr0
325 4294 399 4346 restis
425 4303 453 4348 et
469 4293 607 4373 Lyncestis
642 4294 691 4361 rit;
711 4293 782 4363 quod
799 4291 821 4345 si
838 4292 876 4344 ita
894 4305 949 4343 sese
967 4288 1073 4353 habeat,
1091 4287 1172 4339 etiam
1189 4305 1243 4341 ser·

79 4379 129 4417 cae
160 4369 197 4413 et
226 4355 358 4428 (alterius)
375 4362 503 4433 Meleagri
525 4361 608 4422 τάξιν
642 4362 758 4415 vandum
774 4377 830 4413 esse
848 4356 975 4434 pluralem
991 4371 1130 4409 numerum
1147 4358 1243 4409 ascitos
