2926 5174
492 313 539 362 nn
566 311 693 363 ansus
720 312 828 360 anax.
856 312 906 379 1v,
934 310 976 356 ee.
1286 296 1358 367 109

94 498 274 572 destituit:
322 495 481 585 Hector,
508 495 568 568 din
594 495 731 567 flumini
757 496 980 585 obluctatus,
1016 521 1097 568 cum
1123 495 1272 569 madens
1299 524 1360 571 ve·

96 611 144 683 stis
170 619 214 680 et
246 606 437 680 adstricti
461 605 609 703 crepidis
637 605 748 703 pedes
774 618 899 679 natare
924 608 1167 704 prohiberent,
1180 609 1217 679 in
1243 610 1361 707 ripam

96 734 204 794 tamen
247 718 487 791 semianimis
519 719 650 807 evasit,
688 728 724 804 et
750 728 792 788 ut
817 718 972 815 primum
997 719 1167 816 fatigatus
1195 720 1361 817 spiritum
1410 751 1414 756 ’

99 832 226 904 laxavit
238 887 249 921 ‚
296 854 419 926 quem
444 839 557 901 metus
585 839 620 901 et
656 829 853 926 periculum
880 829 1102 919 intenderat,
1138 831 1236 903 nullo
1263 830 1361 903 adiu-

101 953 193 1016 vante
237 941 413 1039 (quippe
438 940 474 1011 in
499 938 683 1013 diversum
709 952 899 1013 evaserant
926 940 999 1037 alii)
1032 943 1257 1014 exanimatus
1294 952 1360 1015 est.

91 1054 221 1127 ilmissi
253 1052 346 1124 cius
379 1048 555 1124 desiderio
581 1053 813 1125 vehementer
839 1054 992 1125 afflictus
1020 1063 1085 1142 est,
1107 1064 1361 1150 repertumque

109 1190 220 1262 corpus
250 1163 465 1259 magnifico
490 1165 620 1236 extulit
644 1167 777 1237 funere.

191 1273 399 1348 Oneravit
434 1273 525 1345 hunc
562 1274 722 1348 dolorem
756 1276 904 1347 nuntius
944 1276 1070 1347 mortis
1105 1274 1359 1368 Andromachi,

118 1412 201 1482 quem
239 1387 488 1484 praefecerat
523 1382 667 1485 Syriae:
714 1388 839 1459 vivum
870 1384 1068 1460 Samaritae
1103 1399 1363 1461 cremaverant.

91 1496 163 1568 ald
184 1498 286 1569 cuius
320 1496 515 1568 interitum
540 1496 806 1588 vindicandum,
834 1511 969 1596 quanta
996 1498 1153 1570 maxima
1179 1499 1362 1574 celeritate

118 1611 228 1705 putuit,
270 1606 495 1681 contendit:
531 1607 805 1707 advenientique
840 1620 924 1682 sunt
949 1608 1073 1682 traditi
1099 1610 1191 1683 tanti
1217 1611 1361 1684 sceleris
1412 1602 1418 1613 ¹

91 1732 274 1794 tractores.
322 1716 588 1792 Andromacho
614 1721 744 1795 deinde
770 1721 963 1794 Menmona
988 1722 1183 1812 substituit,
1211 1723 1363 1796 affectis·

107 1957 167 2023 fona
183 1989 219 1997 -
240 1958 407 2010 destituere
426 1966 600 2024 papnuntem,
628 1955 724 2010 Sueto·
759 1957 873 2009 maxima
890 1956 1026 2009 celeritate
1043 1955 1132 2026 potuit
1150 1957 1295 2023 contendit,
1314 1975 1362 2010 ne-

112 2024 194 2078 riusin
214 2025 326 2080 Claud.
348 2031 388 2078 30
414 2025 597 2095 inpredientem
610 2029 735 2096 poplites,
760 2043 811 2096 que
828 2035 952 2078 neutrum
970 2036 1093 2093 quantum
1110 2024 1204 2095 recipit
1221 2024 1362 2095 superlati·

112 2095 282 2148 destituebant.
339 2092 507 2146 Destituant
532 2094 614 2164 igitur
637 2095 726 2147 omnia
759 2113 835 2158 vum,
861 2095 907 2147 scd
925 2093 1033 2146 dicimus
1061 2103 1185 2163 quantum
1198 2096 1284 2162 potuit
1301 2112 1362 2147 cou-

112 2161 188 2231 qn'bns
205 2171 299 2216 antea
319 2160 387 2214 nixi
412 2160 465 2214 sive
482 2162 565 2217 adiuti
582 2166 724 2231 fueramus,
760 2166 848 2216 tendit.
885 2162 961 2227 Quae
978 2171 1070 2216 contra
1087 2162 1213 2231 leguntur
1229 2163 1299 2244 apud
1316 2163 1363 2216 Li-

111 2248 156 2283 cun
170 2249 267 2286 eorum
289 2229 409 2284 auxilio
426 2230 564 2299 privamur.
759 2232 830 2284 vium
848 2246 888 2299 nr,
910 2238 941 2284 10
960 2240 1029 2285 extr.
1056 2242 1154 2300 quanta
1178 2249 1289 2284 maxema
1311 2250 1362 2302 po-

136 2318 201 2368 quem
225 2311 325 2354 metus
355 2308 383 2350 et
404 2302 547 2367 periculum
565 2302 723 2371 intenderat]
760 2312 827 2354 terat
845 2303 883 2367 oi,
907 2301 965 2353 cod.
984 2301 1028 2354 lib.
1047 2307 1081 2353 24
1099 2300 1167 2353 med.
1190 2311 1287 2369 quanto
1304 2319 1363 2354 ma-

109 2366 143 2422 sic
158 2387 249 2422 omnes
277 2368 373 2422 codd.
394 2384 444 2436 pro
460 2369 529 2439 vulg.
547 2373 723 2436 intenderant,
758 2372 826 2422 xime
847 2379 954 2439 poterat
980 2388 1037 2423 cum
1063 2371 1185 2435 tumultu,
1212 2369 1257 2423 lib.
1275 2384 1305 2437 x,
1328 2377 1362 2423 40

109 2439 312 2504 mammutius,
336 2434 454 2505 opinor,
471 2436 592 2507 quoniam
609 2438 654 2490 illa
671 2439 723 2491 duo
758 2440 825 2491 med.
853 2448 950 2508 quanto
974 2440 1086 2492 maxime
1104 2448 1194 2518 posset
1211 2448 1277 2492 moto
1299 2441 1363 2508 pul-

109 2504 198 2560 nomina
215 2509 247 2560 in
267 2523 369 2559 unam
384 2504 519 2559 notionem
529 2511 633 2560 coeunt.
652 2506 724 2559 Tum
758 2525 815 2560 vere
833 2508 933 2560 dudum
950 2517 1028 2560 erant
1045 2509 1202 2577 corrigenda
1224 2516 1255 2559 nt
1276 2509 1362 2560 maxi-

108 2591 144 2626 rex
162 2576 188 2628 in
210 2574 402 2630 Snakenbur
422 2572 437 2584 '¹
459 2576 492 2626 et‘
506 2575 602 2629 nostris
619 2584 725 2646 praeter
759 2595 802 2629 ma
818 2578 856 2646 (a)
876 2576 1044 2642 scriberetur,
1063 2593 1111 2629 nec
1128 2577 1198 2646 apud
1208 2576 1363 2630 Ciceronem

108 2641 204 2698 Flora
223 2643 370 2699 omnibus
427 2650 475 2708 est,
494 2652 522 2696 et
539 2662 675 2714 possumus
693 2661 725 2697 co
760 2663 798 2698 or.
816 2665 842 2716 p.
865 2645 960 2698 Flacco
980 2653 1025 2711 10,
1045 2650 1078 2697 38
1101 2662 1193 2696 verum
1216 2653 1257 2697 est
1279 2663 1363 2713 quan-

108 2713 175 2766 verbo
190 2731 300 2779 curere,
324 2709 401 2783 quia
417 2710 560 2765 subiectum
573 2713 726 2785 primarium
760 2725 813 2767 tum
830 2715 942 2766 maxime
956 2731 1060 2781 possem
1075 2717 1251 2765 contenderem
1262 2714 1364 2765 sadde-

108 2779 169 2834 fccile
183 2781 377 2853 intelligitur.
758 2785 805 2837 bet
823 2800 879 2835 esse
896 2783 1040 2834 secundum
1057 2780 1178 2834 meliores
1191 2782 1266 2834 codd.
1285 2799 1364 2848 quam

136 2853 156 2918 ξ.
183 2859 205 2906 9.
236 2852 349 2906 extulit
369 2849 474 2919 funere
512 2849 544 2902 In
570 2851 622 2904 suis
648 2851 724 2904 codd.
759 2854 871 2904 mraxime
883 2868 990 2919 possem
1008 2852 1194 2902 contenderem.

110 2934 197 2973 manue
219 2920 279 2992 legi
315 2924 445 2972 annotat
496 2919 582 2973 odius:
608 2919 636 2972 in
659 2918 724 2972 meis
794 2923 817 2988 §.
838 2926 878 2971 11.
902 2921 1056 2987 affectisque
1074 2920 1202 2986 supplicio
1221 2948 1256 2959 —
1273 2927 1364 2984 tyran·

112 2985 156 3039 tale
176 2989 238 3069 quid
266 3007 332 3043 non
367 2985 519 3056 invenitur,
547 2989 594 3042 sed
618 3007 725 3058 prorsus
760 2994 807 3040 no's
830 2989 899 3039 inter
924 3005 988 3054 quos
1006 3018 1039 3026 —
1060 2987 1238 3037 Aristonicum
1255 2995 1365 3038 -tra-

116 3054 177 3108 abest
190 3057 235 3111 illa
250 3077 311 3112 vox
335 3073 357 3109 a
376 3053 453 3109 Flor.
469 3055 501 3109 B.
761 3059 838 3123 dedit]
858 3056 957 3106 Locum
974 3055 1014 3107 ita
1031 3053 1156 3107 constitui
1174 3053 1241 3105 sicut
1252 3052 1364 3105 inLeid.

146 3125 166 3190 ξ.
181 3132 219 3179 10.
246 3135 361 3195 quanta
388 3125 505 3176 maxima
527 3127 656 3179 celeritate
675 3127 725 3196 po·
760 3124 834 3178 etin
851 3122 926 3175 mstis
943 3123 1014 3177 Flor.
1032 3140 1085 3174 nno
1102 3122 1130 3173 H
1152 3129 1263 3191 excepto
1281 3121 1365 3174 omni-

121 3191 169 3262 tu't]
184 3193 307 3248 Maxima
330 3210 391 3264 pro
406 3194 519 3262 eoquod
535 3193 563 3247 in
581 3195 640 3247 edd.
657 3202 725 3248 vett.
760 3195 809 3247 bus
840 3192 980 3261 legebatur
1010 3209 1043 3244 ac
1067 3189 1173 3243 Modins
1204 3188 1364 3260 praeiverat,

119 3255 240 3327 legebatur
275 3263 412 3317 maxime
442 3260 539 3330 primns
575 3263 726 3317 emendavit
760 3281 819 3316 oum
838 3257 928 3330 vulgo,
947 3261 1037 3314 deleta
1054 3259 1148 3330 copula
1165 3267 1221 3328 que,
1238 3267 1301 3311 ante
1319 3277 1365 3313 vo-

116 3328 229 3386 reatus
247 3341 282 3386 et
301 3330 652 3401 receperuntinsequentes
669 3331 725 3384 edi·
761 3350 817 3385 cern
835 3342 961 3401 tyrannos
979 3327 1082 3401 plenius
1095 3328 1366 3398 interpungereturct

115 3402 176 3452 tores
274 3400 341 3454 ‘tur
371 3414 439 3451 sane
462 3402 571 3452 maxime
597 3401 624 3452 in
648 3400 723 3453 Leid.
760 3419 809 3471 pro
826 3403 895 3454 inter
912 3415 977 3467 quos
995 3400 1130 3468 legeretur
1147 3399 1215 3449 inter
1224 3415 1274 3450 eos.
1293 3396 1367 3451 Con·

114 3462 201 3523 Vosal
263 3488 310 3523 or.
332 3466 404 3533 AB,
423 3484 454 3520 ac
470 3469 590 3521 deberem
608 3469 726 3540 recipere
760 3477 815 3522 stat
837 3476 927 3522 autem
950 3486 1036 3533 nuno,
1064 3467 1135 3547 quod
1161 3465 1293 3519 veteribus
1315 3465 1366 3519 illis

113 3533 168 3590 niin
183 3539 273 3592 Bern.
295 3539 328 3591 A
350 3543 382 3587 et
409 3533 437 3587 in
457 3536 562 3607 reliquis
580 3538 650 3591 Flor.
668 3555 726 3589 ma·
761 3537 906 3591 editoribus
923 3536 1032 3590 latuisse
1049 3536 1162 3602 videtur,
1181 3537 1322 3604 inter-quoe
1337 3543 1366 3590 et

113 3605 168 3660 rimu
184 3616 272 3674 esset,
295 3605 381 3675 quod
407 3620 455 3656 usu
473 3613 500 3658 et
517 3606 599 3660 nostri
618 3615 646 3660 et
664 3604 726 3658 reli·
761 3608 901 3675 inquibus
920 3605 958 3658 ita
976 3607 1004 3658 in
1022 3603 1275 3658 continuaoratione
1294 3604 1365 3673 poni,

114 3686 205 3738 qnorum
224 3672 495 3748 probatissimorum
509 3684 646 3728 auctorum
655 3692 726 3727 com-
760 3683 791 3726 ut
808 3691 914 3744 prorsus
932 3692 981 3743 pro
1003 3684 1027 3725 et
1044 3675 1113 3725 inter
1130 3692 1172 3727 eos
1191 3691 1243 3726 non
1261 3682 1365 3726 mutata

113 3745 247 3798 mandatur.
292 3741 342 3798 cf.
371 3741 409 3792 de
430 3740 497 3795 Livii
519 3745 568 3797 hac
585 3751 726 3804 consuetu·
760 3742 863 3812 reliqua
880 3741 1364 3795 verborumconstructionadioantur.

115 3807 157 3864 dire
174 3812 308 3868 Gronov.
331 3817 365 3863 et
385 3808 520 3865 Drakenb.
538 3819 615 3866 notas
632 3812 667 3865 ad
680 3810 726 3864 lib.
759 3825 804 3877 vr,
831 3819 861 3864 17
886 3813 1035 3879 exceptique
1058 3821 1119 3863 sunt
1165 3811 1265 3875 uidem,
1296 3811 1366 3861 inter

114 3886 166 3947 1111,
191 3889 225 3936 15
253 3880 325 3935 init.
376 3877 425 3930 Aa
445 3896 520 3947 quam
547 3880 609 3933 addi
636 3888 727 3950 potest
779 3898 824 3933 uos
848 3896 929 3948 equus
950 3881 1030 3947 repis.
1076 3879 1118 3931 Cf.
1142 3828 1305 3931 dronovium
1331 3877 1366 3929 ad

115 3949 282 4017 aprunum
303 3957 337 4001 et
358 3947 478 4001 adverbii
496 3957 523 4003 et
535 3948 726 4004 adiectivicum
760 3898 829 4001 livii
851 3947 896 4001 lib.
914 3962 956 4013 vr,
977 3955 1017 4013 14,
1042 3947 1154 3999 eundem
1176 3953 1204 3996 et
1226 3944 1366 3997 Dukernm

116 4019 177 4072 verbo
190 4036 283 4089 posse
309 4034 347 4069 ac
366 4013 426 4067 sine
442 4032 487 4083 eo,
510 4027 542 4071 ut
559 4020 585 4071 h.
603 4018 620 4070 l.
639 4017 726 4070 dicere
761 4018 794 4068 ad
812 4016 872 4069 Liv.
887 4030 1002 4083 xxxvu,
1021 4022 1064 4080 23,
1083 4019 1098 4067 t
1121 4022 1149 4065 et
1172 4012 1307 4064 Drakenb.
1331 4013 1366 4065 ad

116 4086 189 4148 usis:
208 4099 301 4159 quam
324 4082 467 4137 celerrime
483 4086 571 4156 potuit
580 4085 726 4150 contendit,
762 4084 826 4155 epit.
848 4084 910 4137 libri
930 4091 986 4137 107.
1023 4083 1097 4136 Suet.
1117 4082 1192 4135 Caes.
1212 4087 1243 4133 52
1273 4081 1366 4134 dilexit

117 4159 136 4202 tt
160 4174 222 4209 uam
247 4152 384 4208 maxima
403 4151 535 4207 celeritate
556 4154 648 4225 potnit
665 4172 727 4207 con-
763 4163 786 4205 et
804 4155 920 4222 rapinas,
939 4154 1007 4212 mter
1024 4168 1090 4220 quas
1108 4150 1364 4216 Eunoe'nMuuram,

118 4173 199 4291 vadit,
222 4223 302 4277 item
323 4237 415 4300 quam
430 4221 563 4276 celerrime
581 4219 726 4288 abutenda,
761 4221 820 4274 Liv.
837 4236 878 4286 vr,
898 4227 931 4273 20
954 4224 1023 4274 dona
1042 4221 1227 4286 impactorum
1245 4219 1283 4269 ad
1299 4234 1366 4284 qua-

120 4293 232 4362 edquam
262 4305 398 4344 maxrma
425 4289 559 4345 celeritate
581 4290 726 4345 contendit.
763 4292 888 4358 drapinta
912 4287 1066 4357 (protulisse
1087 4285 1195 4354 dicitur)
1220 4287 1249 4337 in
1271 4287 1366 4352 quibus

121 4351 156 4410 Sti
171 4363 205 4414 ad
222 4361 258 4414 id
277 4357 362 4429 quod
381 4364 425 4409 est
442 4371 551 4428 quantus
568 4375 726 4413 nonconve-
761 4361 879 4428 iusipner
899 4360 966 4410 duae
989 4356 1103 4409 murales
1121 4370 1244 4417 coronas,
1268 4353 1366 4407 ciuicas

121 4422 149 4477 ”it
163 4429 212 4484 nisi
229 4425 416 4484 adiectivum
438 4443 496 4480 cum
511 4429 598 4499 posse&
627 4425 728 4499 quanta
762 4435 825 4481 octo.
853 4424 931 4479 oria
949 4424 1059 4478 Metam.
1077 4436 1141 4489 xm,
1162 4427 1211 4474 104
1230 4424 1367 4490 deceperat
