2926 5174
427 320 477 370 nn
504 318 630 371 onsr1s
656 318 765 372 Anax.
792 319 843 389 rx,
869 315 913 368 so.
1218 296 1292 368 467

37 514 94 578 aet
118 503 226 577 dorsa
259 503 493 578 testudinum.
554 501 702 578 Cratero
737 502 866 578 deinde
900 504 1053 601 imperat
1077 527 1162 593 rex,
1196 499 1296 576 haud

61 617 179 716 procul
205 639 320 707 amne,
346 639 421 713 per
439 640 546 712 quem
571 625 649 702 erat
673 615 750 712 ipse
773 616 1017 713 navigaturus,
1045 614 1165 711 copias
1192 612 1295 686 duce-

61 740 130 802 ret:
156 752 220 802 eos
247 736 388 818 autem,
416 726 476 823 qui
502 726 662 798 comitari
689 750 772 798 eum
796 726 971 817 solebant
997 725 1148 824 imponit
1173 726 1211 798 in
1236 750 1296 798 na·
1354 766 1358 773 ·

60 865 135 931 ves,
162 839 263 912 etin
287 840 378 912 fines
405 836 595 911 Mallorum
621 837 778 910 secundo
805 863 911 911 amne
937 838 1135 911 devehitur.

32 972 45 1018 4
158 947 249 1022 Inde
288 946 465 1022 Sabarcas
506 947 608 1038 adiit,
650 946 804 1021 validam
842 947 964 1022 Indiae
1004 959 1164 1046 gentem,
1204 972 1304 1046 quae¹
1408 1000 1412 1008 -

58 1061 187 1162 populi,
214 1085 289 1133 non
313 1084 441 1158 regum
467 1059 615 1156 imperio
641 1061 843 1157 regebatur.
897 1057 1094 1158 Sexaginta
1118 1059 1215 1132 milia
1239 1084 1299 1156 pe·

59 1175 169 1247 ditum
196 1172 389 1262 habebant,
417 1170 576 1267 equitum
603 1195 669 1243 sex
685 1172 796 1244 milia:
823 1172 888 1244 has
911 1171 1031 1269 copias
1049 1195 1174 1244 currus
1200 1170 1299 1267 quin·

31 1285 153 1384 agenti
185 1284 440 1380 sequebantur.
512 1280 600 1357 Tres
640 1281 749 1356 duces
782 1293 975 1382 spectatos,
1002 1284 1135 1355 virtute
1173 1281 1300 1355 bellica

60 1397 253 1494 elegerant.
298 1393 350 1467 At
377 1393 438 1491 qui
464 1392 502 1464 in
528 1394 623 1491 agris
651 1405 754 1468 erant
779 1394 934 1493 proximi
959 1393 1096 1466 flumini
1123 1394 1300 1492 (frequen
1379 1414 1389 1432 ·

59 1521 112 1582 tes
129 1516 262 1598 autem
279 1505 388 1595 vicos,
414 1505 571 1578 maxime
588 1506 625 1578 in
651 1505 729 1602 ripa
744 1503 941 1603 habebant)
968 1516 1010 1578 ut
1034 1504 1157 1578 videre
1183 1515 1301 1578 totum

59 1644 218 1707 amnem,
252 1642 324 1714 qua
354 1616 511 1714 prospici
537 1627 695 1714 poterat,
733 1617 885 1714 navigiis
913 1627 1151 1706 constratum,
1184 1627 1221 1689 et
1246 1626 1302 1689 tot

59 1732 211 1804 militum
238 1753 338 1817 arma
363 1728 556 1825 fulgentia,
591 1729 705 1803 territi
731 1754 828 1802 nova
853 1727 958 1818 facie,
994 1727 1143 1800 deorum
1169 1729 1301 1803 exerci-

60 1854 135 1915 tum
162 1851 202 1914 et
227 1840 337 1912 alium
362 1838 533 1912 Liberum
545 1838 701 1929 Patrem,
729 1840 868 1913 celebre
893 1838 931 1911 in
955 1840 1023 1913 illis
1046 1839 1213 1937 gentibus
1239 1866 1302 1914 no·

10 1972 157 2045 tmen,
186 1950 385 2024 adventare
412 1948 617 2024 credebant.
670 1948 764 2023 Hinc
789 1950 941 2022 militum
968 1952 1116 2040 clamor,
1143 1951 1226 2025 hinc
1251 1977 1303 2026 re·
1379 1990 1386 1997 ·

60 2091 200 2139 morum
213 2062 339 2161 pulsus
359 2062 551 2158 variaeque
569 2072 760 2134 nautarum
786 2087 894 2135 voces
913 2062 1134 2134 hortantium
1153 2062 1303 2160 pavidas

35 2188 165 2244 lauros
211 2169 459 2270 impleverant.
525 2171 620 2270 Ergo
656 2175 814 2247 universi
844 2173 891 2246 ad
918 2198 996 2265 eos,
1037 2174 1096 2271 qui
1134 2174 1171 2247 in
1197 2175 1304 2247 armis

63 2294 177 2374 erant,
204 2295 385 2375 currunt,
424 2285 543 2357 furere
578 2284 821 2376 clamitantes,
860 2296 1005 2359 etcum
1039 2283 1106 2358 diis
1132 2285 1306 2384 proelium

63 2393 234 2468 inituros:
268 2395 414 2492 navigia
439 2421 513 2467 non
538 2421 646 2495 posse
672 2396 870 2487 numerari,
906 2422 997 2495 quae
1023 2398 1176 2471 invictos
1208 2397 1306 2470 viros

62 2506 247 2579 veherent.
260 2530 274 2545 ¹
287 2504 514 2604 Tantumque
540 2507 791 2581 inexercitum
809 2532 956 2581 suorum
980 2509 1133 2582 intulere
1149 2509 1306 2600 terroris

63 2626 103 2689 ut
126 2618 269 2716 legatos
296 2616 483 2691 mitterent
507 2629 652 2714 gentem
679 2617 873 2691 dedituros.

35 2743 48 2791 ⁸
163 2727 233 2802 His
259 2726 298 2798 in
332 2727 441 2803 fidem
468 2730 638 2826 acceptis,
674 2723 834 2802 adalias
866 2728 994 2803 deinde
1026 2741 1151 2827 gentes
1179 2732 1357 2829 quartossl

65 2836 119 2912 die
144 2839 323 2938 pervenit.
375 2837 495 2912 Nihilo
521 2841 602 2938 plus
629 2840 737 2913 animi
762 2840 817 2912 his
843 2839 920 2931 fuit,
948 2866 1055 2937 quarn
1082 2841 1209 2915 ceteris
1235 2843 1308 2916 tire·

64 2959 127 3021 rat.
165 2949 297 3048 ltaque
322 2950 456 3051 oppido
481 2952 531 3025 ibi
558 2951 712 3043 condito,
740 2951 837 3050 quod
852 2950 1112 3024 Alexandriam
1138 2953 1310 3052 appellari

58 3240 61 3245 -
97 3203 119 3270 ξ.
136 3208 161 3256 3.
193 3202 306 3271 influet
323 3202 478 3272 Mallorum]
505 3204 671 3272 Molliorem,
740 3209 764 3271 S.
783 3210 807 3258 ὅ.
851 3213 887 3258 tot
913 3206 1020 3259 militam
1046 3207 1133 3277 amm]
1178 3204 1224 3260 Sic
1250 3206 1311 3262 edd.

63 3268 159 3340 partim
176 3271 262 3324 etiam
272 3271 419 3326 Moliorwn
436 3271 546 3326 codices.
573 3273 672 3326 Eorum
704 3280 769 3326 vett.
788 3272 880 3341 (etiam
896 3272 955 3328 Iun.
973 3281 1001 3326 et
1018 3273 1106 3338 Mod.)
1124 3283 1152 3328 et
1170 3276 1246 3329 codd.
1264 3295 1311 3331 no-

64 3339 123 3391 urbs
133 3338 155 3392 si
165 3337 251 3392 hodie
260 3339 368 3394 Mallon
377 3341 614 3406 esttdAcesinem
625 3359 671 3394 au·
706 3341 755 3395 stri
773 3358 879 3408 omnes,
899 3359 1012 3412 quorum
1030 3359 1185 3398 consensum
1202 3362 1256 3399 non
1272 3344 1311 3398 vi·

63 3413 135 3460 ctore
153 3405 186 3462 C.
205 3406 328 3475 Rittero‚
351 3410 468 3463 nondum
485 3408 513 3463 in
530 3409 587 3480 ipso
604 3409 672 3465 Indo
706 3411 757 3463 deo
774 3427 822 3463 cur
842 3418 1001 3481 postponam
1023 3412 1157 3466 recentius
1179 3413 1313 3468 editorum

62 3473 672 3546 navigabatAlexander:etsicsaneArrianus.
706 3478 835 3532 librorum
858 3477 1027 3549 auctoritati,
1051 3479 1079 3533 in
1104 3481 1201 3552 quibus
1218 3491 1259 3538 est
1277 3493 1313 3537 tot

112 3551 161 3597 .4.
200 3545 337 3598 Sabarcas
361 3549 437 3668 odil?
472 3547 542 3600 Edd.
559 3555 626 3601 vett.
644 3556 673 3601 et
706 3549 815 3601 millium
831 3565 916 3601 arma.

110 3609 162 3666 ices
180 3611 266 3682 longe
288 3612 393 3682 plurimi
433 3617 560 3682 alarcos,
583 3615 670 3669 Pall
741 3619 765 3684 ξ.
784 3623 808 3670 6.
844 3634 917 3670 voces
943 3619 1114 3739 horlunlicnfi]
1159 3621 1313 3674 laetantium

61 3687 89 3732 et
104 3680 177 3734 Flor.
197 3680 222 3733 F
246 3680 397 3750 Sadracas,
423 3684 497 3737 Flor.
514 3684 567 3737 ΕΗ
591 3685 672 3737 Bern.
706 3684 794 3754 potius
810 3685 883 3740 Flor.
900 3685 976 3738 EFH
994 3685 1074 3740 Bern.
1114 3686 1313 3742 .Pal.1Voss.

61 3747 85 3800 B
111 3756 141 3802 nt
163 3767 182 3802 a
200 3747 395 3804 recentioribus
421 3751 510 3805 editur
528 3753 672 3806 Sabrccas.
707 3760 737 3820 2,
762 3754 836 3823 quod
854 3752 966 3824 speciem
984 3754 1067 3808 habet
1085 3755 1199 3826 aliquam
1215 3755 1313 3809 verita-

62 3814 114 3868 Sed
131 3825 258 3886 praestat
274 3815 302 3869 in
320 3818 423 3872 nomine
445 3819 547 3874 incerto
565 3838 581 3873 a
597 3819 672 3873 meli-
706 3821 755 3888 tis,
773 3823 820 3875 sed
837 3822 950 3891 speciem
967 3830 1081 3876 tantum.

61 3883 150 3938 oribus
168 3883 307 3940 codicibus
324 3903 378 3940 non
390 3888 536 3953 discedere,
553 3905 672 3970 praescr·
741 3900 766 3965 §-
791 3906 815 3951 7,
851 3908 875 3952 et
902 3916 958 3952 cum
987 3899 1051 3967 diis]
1091 3897 1229 3953 Editiones
1257 3901 1315 3953 fere

61 3951 108 4006 h'm
129 3971 193 4006 oum
211 3952 300 4023 gentis
318 3971 413 4036 nomen
435 3956 507 4026 apud
524 3956 672 4037 D10d01fun}
707 3965 762 4018 sine
780 3976 815 4020 el:
841 3974 983 4036 utrumque
1008 3965 1085 4019 bonis
1110 3965 1183 4020 libris
1207 3966 1313 4022 nititur:
1371 3962 1375 3970 ’

60 4024 252 4089 Σαμβασταὶ,
296 4023 351 4075 ¹¹⁰d
367 4025 471 4077 wdetur
488 4040 546 4077 0⁸⁸0
564 4025 671 4078 Arrlflssl
706 4033 805 4104 legitur
826 4034 895 4089 enim
918 4032 1083 4101 coniunctio,
1109 4043 1141 4087 ut
1167 4043 1314 4091 ceterorum

57 4085 251 4168 {ipsamasole
264 4039 366 4159 sivos,
384 4091 490 4163 propius
507 4096 617 4146 accedat
639 4094 673 4173 ad
709 4104 814 4157 turbam
840 4101 1068 4174 praetermittam,
1095 4101 1122 4153 in
1144 4103 1216 4157 Flor.
1235 4106 1261 4158 Α
1287 4113 1315 4159 et

62 4166 178 4212 nostram
197 4165 367 4238 senmurum·
393 4160 464 4214 Nam
474 4161 602 4216 Salutius
621 4169 673 4214 lm·
708 4171 785 4225 Voss.
804 4181 815 4224 l
835 4179 864 4224 et
890 4170 953 4223 edit.
971 4169 1057 4236 Mod,
1074 4170 1150 4224 abest
1167 4189 1183 4225 a
1199 4173 1316 4227 Bem.A

64 4241 113 4295 ‘1¹10
129 4243 228 4307 vm
246 4226 360 4306 Vldqtllr·
430 4299 436 4311 .
708 4246 737 4294 et
753 4240 863 4295 Flor.B
882 4247 910 4292 et
927 4237 1056 4292 Leidensi.
1085 4237 1138 4292 Sed
1155 4241 1236 4311 paulo
1253 4249 1316 4313 post

96 4296 247 4364 SWWG
273 4296 364 4375 ma,
393 4301 498 4365 edmlml
546 4298 598 4351 Efll
624 4296 675 4351 ¹¹0⁰
709 4325 798 4362 omnes
816 4307 984 4362 consentiunt
1007 4314 1038 4359 ut
1055 4323 1147 4360 vocem
1169 4311 1238 4366 viros
1256 4329 1315 4366 oum

63 4377 95 4440 ⁸-
94 4361 236 4430 Diodoro,
261 4378 325 4416 Μ
346 4362 366 4417 1¹
384 4365 407 4420 ri
428 4375 534 4421 vetem
554 4364 675 4420 curtim
708 4377 802 4431 Modio
820 4377 946 4429 addamus
963 4382 1025 4444 post
1042 4376 1161 4430 invictos.

64 4451 94 4491 vr
103 4442 240 4510 peditum.
708 4439 713 4452 “
745 4446 863 4516 οαρ.81,
879 4447 901 4512 ξ.
912 4449 936 4498 8.
952 4445 1023 4514 quod
1029 4445 1233 4520 Alexandriam]
1252 4450 1315 4502 Ale·

1140 4535 1175 4587 80
1184 4531 1197 4559 ⁹
