2926 5174
160 291 233 363 248
561 370 564 375 ,
657 315 691 378 o.
713 255 839 366 cuarn
864 315 949 367 aum

107 499 153 570 19
259 496 364 588 Erat,
396 507 437 571 ut
469 522 580 595 supra
613 497 749 571 dictum
784 508 856 588 est,
887 497 1090 598 Hyrcaniae
1121 500 1273 574 finitima
1293 523 1411 601 gersa

102 621 107 633 '
156 611 398 699 Amazonum,
434 608 527 680 circa
553 606 821 681 Thermodonta
856 634 997 683 amnem
1023 609 1277 711 Themiscyrae
1300 612 1378 686 inco

156 721 307 794 lentium
342 742 497 816 campos.
557 716 732 815 Reginam
757 717 942 794 habebant
968 719 1199 813 Thalestrim,
1232 725 1377 797 omnibus
1390 742 1412 789 a

158 833 252 906 inter
284 827 483 904 Caucasum
518 818 678 902 montem
710 838 762 912 et,
777 827 911 903 Phasin
948 856 1090 904 amnem
1123 833 1379 930 imperitantem.

156 942 256 1015 Haec
288 940 452 1038 cupidine
487 939 626 1013 visendi
659 940 752 1036 regis
788 966 939 1023 accensa
970 942 1100 1015 finibus
1126 944 1231 1041 regni
1256 946 1310 1030 sui
1332 971 1379 1018 cx·

158 1054 282 1142 cessit,
318 1042 355 1124 et
386 1077 466 1125 cum
501 1050 599 1123 haud
629 1052 755 1148 procul
789 1051 948 1143 abesset,
979 1054 1164 1150 praemisit
1188 1053 1379 1144 indicantes,

156 1166 298 1238 venisse
324 1163 485 1260 reginam
509 1161 665 1235 adeundi
692 1163 767 1234 eius
794 1162 1103 1259 cognoscendique
1130 1163 1284 1237 avidam
1310 1163 1379 1237 Pro
1390 1183 1411 1231 a

155 1278 251 1350 tinus
277 1275 373 1346 facta
398 1283 579 1371 potestate
604 1271 781 1363 veniendi,
808 1275 935 1347 ceteris
961 1274 1066 1346 iussis
1094 1275 1300 1366 subsistere,
1325 1287 1378 1349 trc-

156 1387 267 1459 centis
293 1384 505 1457 feminarum
531 1383 701 1457 comitata
725 1384 909 1480 processit.
948 1383 1068 1480 Atque
1096 1397 1137 1458 ut
1163 1387 1378 1483 primum-rex

92 1508 95 1520 '
153 1499 191 1570 in
217 1507 411 1592 conspectu
435 1494 520 1585 fuit,
556 1519 648 1590 equo
679 1493 757 1590 ipsa
789 1492 932 1567 desiluit
959 1486 1048 1566 duas
1074 1494 1218 1568 lanceas
1246 1495 1378 1569 dextera

154 1608 369 1705 praeferens,
417 1601 540 1679 Vestis
566 1631 640 1677 non
666 1614 745 1678 toto
771 1603 996 1678 Amazonum
1023 1606 1164 1702 corpori
1191 1607 1376 1681 obducitur:
1388 1624 1407 1671 21

154 1814 288 1870 omittitur
305 1813 386 1868 etiam
405 1824 437 1881 ct,
456 1813 528 1885 quod
545 1829 620 1892 more
627 1811 756 1866 cartiano
793 1823 871 1881 tum,
896 1815 942 1884 qai
959 1814 1083 1866 saevitiae
1100 1832 1189 1868 corum
1207 1818 1320 1870 ministri
1328 1816 1377 1886 fac·

155 1901 216 1936 cum
247 1882 354 1954 singulis
386 1881 533 1936 nominibus
600 1888 680 1934 situm
705 1881 758 1933 fre·
791 1890 871 1948 rant,
890 1883 990 1935 occidit.

156 1959 268 2023 quanter
300 1951 370 2004 idem
400 1950 472 2004 valet
499 1968 536 2021 qu
598 1951 676 2002 etiam
703 1948 758 2002 sive
811 1951 855 2028 ‚in
878 1960 1014 2030 conspectu
1035 1952 1104 2020 suit]
1149 1951 1226 2005 Nihil
1252 1952 1307 2024 agit
1328 1952 1374 2004 Mo-

155 2038 304 2159 qudbhi'rs,
328 2087 683 2156 aanpcanuefinatma]
702 2084 756 2138 ae-
791 2017 972 2138 dilhddtfril
990 2018 1180 2156 limidi?
1206 2020 1377 2160 qqqqpqnp

153 2153 756 2227 petiterroremquemsupracap.12commisc-
791 2153 877 2207 nostri
902 2170 951 2207 nec
968 2155 1049 2209 Snalr.
1067 2155 1210 2227 quicquam
1226 2165 1341 2222 mutant,
1354 2163 1375 2208 ct

153 2233 205 2290 rat,
223 2223 332 2277 Pontici
341 2223 565 2277 marisoramcum
572 2222 669 2293 Caspio
678 2221 756 2276 litore
790 2220 834 2273 ille
852 2223 916 2275 dum
937 2221 987 2276 sibi
1003 2223 1189 2294 patrocinatur
1206 2243 1298 2296 parum
1314 2241 1376 2278 accu-

154 2292 325 2347 confimdens.
347 2291 418 2344 Nam
434 2292 598 2344 Amazonum
615 2289 716 2370 regina,
735 2289 756 2343 si
793 2297 851 2344 rate
869 2290 993 2361 loquitur.

153 2359 227 2413 venit
244 2362 278 2413 ad
295 2360 476 2412 Alexandrum
493 2359 521 2411 in
534 2359 671 2428 Hyrcama
688 2377 759 2412 com·
829 2360 888 2428 ipsa
907 2361 1021 2428 desiluit]
1057 2360 1148 2432 Vulgo
1170 2362 1236 2416 editi
1253 2364 1307 2416 fere
1323 2362 1374 2415 desi·

153 2435 316 2495 morantem,
336 2427 402 2481 sicut
420 2444 482 2480 sane
499 2426 650 2489 Clitarchus
668 2426 760 2479 multi·
795 2427 850 2494 tiit,
872 2427 942 2480 male
968 2436 996 2481 et
1018 2437 1112 2482 contra
1130 2430 1249 2499 codices.¹
1273 2431 1336 2486 Vide
1349 2429 1374 2482 ad

156 2513 207 2568 que
224 2495 269 2549 alii
285 2495 418 2550 tradidere
428 2495 492 2563 (vid
503 2495 760 2549 PlutarchinAlex.
793 2510 834 2561 1v,
855 2502 894 2548 12.

154 2570 201 2632 46)
220 2573 291 2619 certe
309 2564 355 2618 lon
427 2564 577 2618 confecerat
586 2563 759 2617 iteraTher·
829 2566 935 2617 dextera
956 2566 1127 2686 praeperans]
1163 2568 1279 2623 Desara
1295 2584 1341 2621 uno
1354 2573 1375 2618 ct

154 2634 280 2688 medonte
306 2642 335 2687 et
376 2632 432 2686 hasi
455 2634 591 2703 usquead
608 2633 758 2702 Hyrcanos,
793 2631 879 2685 altero
897 2632 1014 2701 (stoan
1031 2636 1043 2699 l
1061 2642 1088 2687 et
1097 2635 1274 2691 deterioribus
1283 2644 1374 2706 excepto

155 2705 267 2774 quirrque
285 2712 308 2755 et
326 2703 419 2770 vipinti
438 2703 538 2755 dieram
556 2703 623 2755 inter
638 2701 759 2770 infestis·
793 2699 879 2753 nostri
896 2718 994 2755 omnes.
1011 2701 1079 2754 Item
1096 2702 1232 2775 aliquanto
1250 2714 1310 2776 post
1325 2707 1374 2758 cdo

154 2774 236 2825 simas
256 2781 362 2840 pentes,
389 2777 420 2822 ut
443 2769 480 2823 ait
507 2769 624 2823 Iustinus
649 2784 708 2835 ΧΗ,
733 2775 758 2823 3.
792 2770 862 2822 riter
880 2772 985 2823 dextera
1003 2769 1031 2823 in
1048 2770 1153 2841 optimis
1172 2771 1374 2829 duobusBemh

155 2840 209 2893 Sed
230 2840 434 2892 Tbcnnodoonta
458 2837 555 2919 duplici
578 2856 593 2892 o
620 2837 684 2891 editi
702 2838 758 2890 fere
792 2836 863 2891 Flor.
880 2838 915 2890 A.
947 2838 979 2891 In
997 2855 1028 2892 ea
1044 2839 1174 2894 varietate
1192 2861 1271 2897 sonus
1288 2843 1374 2896 videtur

154 2907 215 2963 libri
237 2907 369 2975 scribunt,
392 2906 503 2978 simplior
526 2906 617 2960 littera
638 2906 757 2977 plerique
793 2905 850 2959 anti
870 2924 932 2958 uum
950 2906 1105 2978 scriptorem
1130 2910 1256 2979 movisse,
1275 2919 1304 2965 ut
1323 2911 1375 2964 hue

153 2976 338 3048 manuscripti,
357 2975 450 3047 quibus
467 2976 613 3047 parendum
630 2981 688 3040 est,
712 2974 757 3028 ubi
792 2974 835 3027 vel
852 2993 860 3027 1
881 2991 923 3027 am
940 2975 1053 3028 formam
1070 2979 1219 3048 praeferret
1238 2985 1279 3047 (ut
1295 2980 1340 3032 hl.
1353 2983 1373 3030 ct

174 3051 295 3099 cetarum
312 3044 456 3098 auctoritas
474 3045 583 3110 clamat,
610 3042 670 3096 vide
688 3042 758 3096 Dra·
792 3061 872 3122 supra
890 3059 913 3096 c.
933 3051 965 3096 14
983 3047 1006 3112 ᾗ.
1024 3049 1069 3108 4),
1096 3047 1171 3101 nobis
1199 3049 1303 3119 quidem
1326 3043 1374 3100 nihil

153 3065 298 3168 henborch.
328 3114 363 3165 ad
389 3112 483 3165 Silium
508 3112 576 3165 Pun.
604 3127 642 3178 11,
669 3117 702 3165 80
729 3120 757 3165 et
792 3111 863 3164 ahud
881 3119 1002 3181 superest
1019 3111 1071 3166 nisi
1092 3124 1122 3168 ut
1141 3115 1250 3188 singulis
1268 3117 1326 3172 locis
1340 3132 1373 3168 au-

174 3201 221 3236 uos
238 3183 336 3235 laudat.
355 3180 408 3234 Sed
426 3181 525 3234 habent
542 3188 631 3233 tamen
646 3179 757 3234 ooFlor.
792 3179 942 3234 ctoritatem
968 3180 1095 3235 librorum
1121 3187 1307 3254 expendamus.
1341 3181 1375 3236 Sic

155 3200 226 3316 dH,
260 3251 421 3303 termodaata
448 3249 528 3302 Bern.
557 3249 583 3300 A
608 3248 678 3302 Flor.
706 3250 756 3302 AB
792 3266 813 3302 c.
840 3253 873 3302 38
898 3248 937 3301 bis
970 3267 1060 3303 omnes
1093 3252 1196 3306 codices
1228 3255 1374 3327 explanatam

155 3318 242 3387 (Leid.
259 3317 337 3370 Voss.
356 3322 384 3385 1)
404 3319 582 3369 thermoduma
599 3316 670 3370 Flor.
686 3316 756 3370 CEI.
791 3317 901 3370 somnam
920 3316 1059 3385 exhibent,
1083 3335 1195 3391 eamque
1218 3323 1321 3376 omnino
1340 3318 1374 3372 sli-

190 3391 215 3451 §.
233 3391 274 3438 25.
296 3385 452 3437 Thalestrim
469 3401 518 3454 per
535 3383 638 3437 literam
650 3384 756 3439 mFlor.
793 3393 893 3456 quanto
969 3387 1112 3447 nentiorem
1131 3407 1212 3460 quam
1230 3392 1372 3445 decurtatum

154 3469 259 3574 lmlllr
273 3450 461 3573 Plsshhdl'
479 3453 757 3574 {ltfttlltttl
790 3469 847 3590 ⁰⁶⁸3
865 3454 1093 3576 lluholnlolffl
1112 3465 1198 3511 mm
1215 3459 1355 3580 uveam

155 3589 207 3643 suis
240 3561 325 3642 tribus
352 3561 492 3710 utrobique
509 3591 538 3642 ia
555 3540 757 3660 fixissegdignifi-
792 3562 869 3658 citur]
902 3562 951 3645 'Sic
967 3591 1029 3644 libri
1046 3542 1373 3663 drstimdrdhdszqdddzmitd

157 3667 217 3722 cat,
244 3657 285 3710 cui
311 3655 413 3710 accedit
463 3675 518 3711 ern.
543 3661 577 3711 A.
612 3658 702 3728 Vulgo
729 3657 758 3711 in
791 3676 833 3711 res
850 3658 1011 3713 recentiores
1036 3678 1096 3713 cum
1121 3662 1192 3717 ferre
1215 3682 1269 3719 non
1285 3666 1374 3735 posent

156 3735 270 3798 utroque
287 3724 391 3779 nomine
409 3734 449 3779 est
465 3729 515 3793 im,
532 3726 561 3780 in
577 3725 704 3780 Modiana
721 3728 758 3779 in.
792 3737 841 3780 toto
859 3745 908 3798 pro
926 3729 972 3781 toti
997 3727 1064 3795 dici,
1092 3747 1201 3800 corpore
1222 3733 1308 3803 potius
1331 3746 1374 3784 cor·

191 3800 214 3864 ξ.
233 3801 274 3849 26.
310 3796 429 3847 trecentis
438 3797 604 3865 seminarum
622 3796 756 3866 comitata]
791 3804 924 3848 rexerunt
960 3795 1013 3860 Qui
1038 3805 1128 3850 tamen
1172 3802 1287 3855 uomodo
1302 3801 1328 3854 id
1339 3813 1374 3851 sc

155 3863 230 3918 Libri
257 3862 320 3917 msti
350 3879 439 3917 omnes
462 3862 615 3917 Genitivum
639 3871 757 3930 tuentur,
793 3863 890 3917 luerint
916 3863 1041 3933 explicari
1062 3883 1116 3919 non
1134 3817 1301 3923 addiderunt.
1331 3865 1373 3921 llos

155 3950 294 3986 numerum
311 3931 394 3985 nostri
405 3930 511 4002 quidem
523 3931 603 4002 signis
618 3950 671 3986 non
686 3930 758 3984 litte·
792 3932 873 4002 igitur
890 3933 924 3986 ab
941 3931 991 3985 ista
1009 3933 1153 3988 soloecismi
1163 3937 1311 4007 specienon
1325 3951 1372 4056 ppr-

155 4001 190 4055 ris
217 4007 320 4067 notant,
340 4003 511 4071 (quamquam
536 4000 562 4053 in
587 4001 665 4055 Voss.
692 4007 714 4052 1.
742 4007 756 4053 2
791 4000 853 4054 inde
879 4001 1048 4054 abhorrentes
1066 4010 1145 4073 atque
1169 4022 1186 4058 a
1208 4004 1314 4060 crimine
1351 4017 1371 4052 e·

155 4071 276 4122 tercentis
294 4068 489 4139 scriptumesse
504 4068 640 4130 traditur).
662 4068 758 4138 Itaque
790 4085 835 4122 sae
861 4068 921 4122 fidei
943 4069 1017 4123 bonis
1039 4070 1171 4126 codicibus
1195 4074 1298 4128 debitae
1318 4078 1372 4126 rete»

155 4136 263 4189 fuerunt
274 4137 345 4204 olim,
364 4136 409 4208 qui
425 4137 529 4190 Iunium
543 4137 626 4190 secuti
635 4138 758 4190 comitatu
791 4154 847 4191 rem
865 4137 983 4191 codicum
999 4138 1138 4192 lectionem
1155 4142 1319 4195 restituimus.
1344 4136 1372 4191 n

155 4205 279 4271 ederent,
306 4204 476 4274 ineleganter.
512 4206 595 4259 Posse
616 4203 686 4257 enim
708 4223 757 4257 nu·
792 4214 909 4273 constat,
935 4205 1076 4276 scriptores
1097 4207 1234 4263 Romanos
1256 4228 1306 4265 non
1324 4219 1369 4261 raro

155 4271 263 4325 meralia
279 4273 410 4328 adiectiva
427 4291 487 4327 cum
496 4272 757 4345 Genitivopartitivo
791 4274 818 4326 in
836 4273 876 4327 bis
893 4274 979 4328 verbis
996 4294 1082 4342 anus,
1101 4279 1208 4345 nullas,
1226 4280 1302 4344 obus,
1318 4283 1369 4329 totus

155 4339 272 4394 construi
289 4340 346 4411 quis
363 4341 489 4411 negabit?
507 4342 655 4396 Lib.xc.l
676 4342 758 4409 ipitur
792 4359 958 4396 communem
981 4343 1127 4415 analogiam
1149 4363 1253 4399 servare
1268 4341 1369 4399 meuse

156 4410 203 4463 bos
228 4409 331 4479 quidem
352 4411 454 4477 anaim
479 4411 534 4465 Do
556 4421 641 4466 autem
668 4411 757 4463 mttt-
791 4429 870 4483 quam
888 4411 1046 4482 singularem
1069 4430 1153 4467 usum.
1189 4413 1249 4483 Sic,
1266 4421 1369 4466 utare·
