2926 5174
180 284 252 353 100
650 302 683 363 o.
712 252 836 352 cunrri
861 301 948 351 nuru

177 487 291 575 biem,
332 485 403 557 iam
437 495 515 557 tum
549 485 757 581 peregrinos
792 485 881 556 ritus
917 508 1012 557 nova
1056 486 1242 558 subeunte
1279 485 1422 557 fortuna.

177 597 249 672 Per
281 599 374 669 talos
407 597 501 668 enim
534 594 700 692 spirantis
733 596 811 667 lora
843 596 992 668 traiecta
1027 607 1128 684 sunt,
1167 597 1422 692 religatumque

178 707 226 781 ad
252 734 397 782 currum
422 717 566 779 traxere
594 707 687 778 circa
712 707 840 778 urbem
866 706 965 801 equi:
992 706 1173 801 gloriante
1202 730 1303 804 rege,
1318 706 1420 780 Achil·

177 823 256 910 len,
284 847 402 916 aquo
429 844 541 915 genus
572 817 650 915 ipse
686 815 897 905 deduceret,
933 817 1110 888 imitatum
1140 842 1181 889 se
1210 843 1293 891 esse
1320 844 1421 916 poena

178 932 217 1004 in
248 932 390 1004 hostem
422 927 605 1026 capienda.
660 924 828 999 Cecidere
854 926 1047 1000 Persarum
1072 927 1318 1026 Arabumque
1344 931 1448 1003 cumr

180 1042 306 1115 decem
332 1041 445 1113 milia:
472 1065 539 1113 nec
567 1037 824 1110 Macedonibus
851 1039 1038 1110 incruenta
1072 1039 1231 1112 victoria
1256 1043 1336 1114 fuit.
1362 1038 1419 1116 Ob

179 1152 269 1226 sidio
305 1162 401 1225 certe
436 1177 510 1222 non
546 1162 622 1222 tam
657 1149 818 1220 claritate
858 1149 957 1221 urbis
989 1149 1183 1222 nobilitata
1220 1161 1294 1243 est,
1329 1178 1419 1249 quam

179 1266 360 1362 geminato
387 1262 544 1359 periculo
571 1261 676 1357 regis.
1238 1331 1240 1336 ,
1459 1358 1461 1363 Ι

283 1372 354 1463 Qui
378 1373 587 1471 Aegyptum
622 1371 720 1443 adire
746 1371 936 1461 festinans,
975 1371 1166 1469 Amyntan
1202 1399 1288 1446 cum
1315 1374 1418 1448 decen
1459 1366 1461 1399 ²

179 1485 384 1558 triremibus
419 1485 457 1556 in
482 1481 730 1555 Macedoniam
762 1481 810 1553 ad
840 1482 1103 1578 inquisitionem
1137 1510 1326 1557 novorum
1349 1487 1417 1557 mili·

179 1605 257 1666 tum
291 1596 397 1667 misit.
464 1592 627 1690 Namque
667 1594 775 1665 etiam
808 1593 973 1665 secundis
1009 1596 1269 1669 atterebantur
1305 1598 1442 1695 copiaer

180 1705 473 1804 devictarumque
506 1707 670 1803 gentium
702 1706 804 1776 militi
838 1705 954 1778 minor
982 1731 1089 1801 quam
1116 1705 1323 1780 domestico
1347 1707 1416 1781 fides

180 1818 392 1890 habebatur.

129 1931 176 2002 29
282 1929 463 2029 Aegyptii,
490 1928 574 2001 olim
600 1927 792 2002 Persarum
824 1927 951 2023 opibus
977 1927 1121 2017 infensi,
1161 1931 1301 2028 quippe
1328 1943 1444 2004 avareu

181 2050 219 2112 et
244 2041 408 2137 superbe·
429 2040 673 2137 imperitatum
706 2039 773 2110 sibi
805 2063 883 2110 esse
919 2037 1132 2127 credebant,
1171 2040 1223 2112 ad
1252 2068 1352 2140 spem
1376 2040 1419 2113 ad·

179 2160 312 2223 ventus
337 2151 413 2223 eius
426 2148 629 2224 *erexerant
655 2150 802 2238 animos,
828 2159 955 2245 utpote
982 2149 1042 2244 qui
1061 2147 1273 2247 Amyntam
1301 2177 1420 2250 quoque

179 2260 421 2359 transfugam,
455 2270 493 2335 et
524 2286 606 2340 cum
640 2261 800 2356 precario
835 2261 983 2356 imperio
1018 2260 1249 2353 venientem,
1277 2265 1362 2338 laeti
1382 2289 1420 2336 re

181 2371 369 2468 cepissent.
421 2368 535 2468 Igitur
565 2371 691 2468 ingens
726 2370 918 2442 multitudo
946 2370 1149 2461 Pelusium,
1189 2399 1267 2470 qua
1294 2377 1439 2449 intratur

180 2507 242 2554 rus
257 2468 457 2571 videbatur,
471 2491 699 2554 convenerat.
739 2481 861 2577 Atque
887 2483 945 2554 ille
973 2483 1125 2579 septimo
1156 2483 1220 2558 die
1248 2498 1421 2585 postquam

181 2619 203 2664 a
231 2588 329 2664 Gaza
355 2593 474 2690 copias
501 2602 679 2682 moverat,
714 2593 751 2664 in
777 2593 960 2690 regionem
986 2592 1164 2690 Aegypti,
1205 2621 1324 2692 quam
1349 2621 1420 2672 nunc

182 2701 310 2777 Castra
341 2702 539 2775 Alexandri
574 2714 725 2794 vocant,
760 2705 933 2801 pervenit.
1001 2702 1162 2794 Deinde,
1208 2709 1437 2804 pedestribust

179 2817 290 2914 copiis
304 2808 487 2890 Pelusium
513 2827 635 2912 petere
662 2817 776 2906 iussiS,
799 2817 875 2912 ipse
901 2841 984 2888 cum
1010 2815 1185 2912 expedita
1217 2817 1421 2895 delectorum

179 2953 290 3001 manu
316 2925 397 2999 Nilo
424 2952 528 2999 amne
555 2938 680 3000 vectus
708 2940 777 3001 est:
805 2951 872 2998 nec
899 2927 1099 3000 sustinuere
1127 2927 1339 3006 adventum
1362 2931 1417 3004 eius

180 3098 297 3149 cordiam
307 3095 382 3147 vertit
395 3113 444 3165 pro
453 3112 484 3147 eo
494 3096 565 3165 quod
574 3103 615 3148 cst
625 3098 742 3162 vertitur,
752 3096 786 3149 si·
823 3102 834 3147 1
856 3093 931 3147 adiici
950 3104 1035 3146 torreo
1053 3102 1113 3165 post
1131 3100 1338 3153 atterebantur:
1356 3092 1418 3151 tradit

151 3158 226 3218 'cut
247 3179 281 3231 V,
306 3170 336 3217 12
360 3165 402 3215 ira
426 3165 519 3216 deinde
542 3165 570 3216 in
589 3166 686 3216 rabiem
710 3182 785 3218 versa
821 3161 900 3214 etiam
931 3161 959 3214 in
993 3163 1062 3216 Flor.
1093 3163 1202 3218 Heinsii
1233 3167 1276 3220 sie
1307 3168 1418 3221 inventum

179 3234 404 3285 eminentiorum
423 3234 550 3299 complexi
572 3263 606 3270 —
624 3235 786 3286 conabantur
821 3248 877 3283 esse
902 3229 1059 3284 Snakenbur
1079 3230 1132 3297 ius,
1165 3233 1212 3286 cui
1239 3236 1323 3289 fidem
1344 3235 1417 3289 habac

180 3303 331 3353 ascendere.
821 3317 875 3351 non
897 3317 1009 3368 possum.
1078 3317 1107 3353 ec
1134 3300 1238 3372 utique
1266 3305 1353 3376 placet
1370 3303 1389 3355 lu
1404 3299 1416 3351 l.

216 3371 238 3434 ἓ.
257 3375 299 3421 29.
337 3367 458 3418 Achilleo
499 3384 528 3419 ro
555 3368 682 3419 Achillem
706 3367 786 3420 Bern.
822 3378 924 3433 tonica,
952 3369 1023 3437 quod
1051 3367 1185 3438 oppositio
1219 3374 1335 3426 nonsit
1370 3367 1416 3423 uilis

180 3436 207 3487 A
223 3435 293 3488 Flor.
312 3434 371 3486 AB.
389 3434 464 3486 Leid.
480 3385 559 3486 i'oss.
581 3443 608 3500 1,
624 3435 786 3504 'quamquam
822 3453 863 3487 cx.
882 3454 921 3504 gr.
940 3451 999 3501 vir,
1022 3443 1054 3490 35
1078 3438 1157 3489 etiam
1181 3440 1213 3492 in
1231 3459 1306 3509 poce
1323 3388 1415 3494 tellia-

172 3504 309 3559 Achillem
327 3517 398 3568 vm,
428 3509 474 3568 16,
497 3509 529 3555 26
558 3512 710 3555 constanter
728 3504 787 3557 libri
821 3522 879 3556 men
897 3506 958 3557 iuro
976 3517 1113 3558 serrantur
1132 3512 1161 3558 et
1175 3502 1414 3578 magisetiamalbi.

180 3588 241 3624 mss.
259 3579 377 3623 tuentur.
403 3569 472 3622 Item
509 3572 694 3639 ostAmyotoo
708 3572 786 3625 iidem
858 3572 923 3642 Cap.
941 3580 984 3638 29,
1002 3577 1025 3642 ξ.
1046 3582 1068 3626 1.
1103 3591 1161 3626 csse
1179 3579 1340 3649 credebant]
1363 3571 1414 3631 Ulli·

180 3644 235 3692 lcre
252 3640 327 3693 codd.
345 3647 452 3707 praeter
469 3589 538 3692 Flor.
556 3641 595 3705 B,
622 3641 668 3691 sed
686 3640 713 3692 in
731 3659 786 3711 seq.
821 3659 893 3692 mum
916 3643 1024 3694 verbum
1043 3650 1178 3711 tamquam
1200 3662 1218 3696 a
1237 3655 1330 3699 mente
1346 3650 1413 3697 aucto
1460 3664 1461 3670 ¹

180 3726 238 3777 cap.
256 3708 329 3761 nulla
342 3707 467 3776 ,venetas
821 3709 857 3762 ris
879 3709 992 3763 alienum
1020 3709 1097 3763 eiecit
1125 3711 1256 3780 Modius,
1290 3733 1344 3768 non
1363 3709 1412 3765 enim

216 3780 237 3845 §.
256 3785 299 3832 31.
322 3793 441 3844 nomque·
457 3778 534 3829 eriam
552 3780 674 3830 secundis
693 3788 786 3831 ottere—
821 3777 962 3831 credidisse
979 3787 1092 3844 tantum,
1111 3780 1159 3831 sed
1177 3791 1258 3836 certo
1272 3783 1323 3837 sibi
1331 3793 1412 3854 persu-
1457 3778 1461 3783 ’

180 3847 287 3917 bantur]
329 3845 441 3898 Addunt
471 3845 552 3913 vulgo
580 3848 707 3916 proeliis,
740 3848 785 3899 sed
822 3846 892 3899 sisse.
928 3848 1029 3900 Verum
1051 3865 1103 3900 non
1129 3849 1199 3902 haec
1227 3869 1310 3905 causa
1331 3843 1411 3904 estad

171 3933 273 3973 rocem
294 3914 367 3967 illam
391 3930 481 3966 omncs
504 3913 563 3967 libri
585 3914 668 3968 nostri
691 3924 719 3967 et
741 3915 785 3986 qui
822 3915 940 3984 ineptum
958 3913 1141 3988 βραχυλογίας
1164 3919 1304 3987 studium,
1327 3912 1411 3991 quoin

180 4001 197 4038 a
223 3983 303 4038 snak.
336 3982 425 4036 collati
455 3992 517 4036 sunt
549 3983 687 4051 ignorant,
715 3987 785 4036 unde
822 3983 888 4035 tales
921 3983 1113 4037 enuntiationes
1145 3985 1260 4041 Modius
1293 3992 1410 4059 grassatur·

179 4070 233 4105 non
250 4052 355 4106 incerta
373 4051 585 4121 interpolationis
604 4052 715 4122 suspicio
733 4053 785 4106 ori·
821 4051 890 4105 Vide
907 4054 940 4104 ad
959 4068 1007 4118 111,
1028 4060 1052 4118 t,
1073 4059 1096 4105 6.

180 4129 233 4172 tur.
269 4123 391 4174 Secundo
418 4138 467 4190 pro
497 4123 576 4174 rebus
602 4121 722 4173 secundis
745 4122 784 4174 di-
855 4123 877 4188 ξ.
896 4126 921 4174 2.
956 4140 1007 4190 quo
1025 4124 1173 4175 intraturus
1192 4124 1345 4195 videbatur]
1370 4116 1409 4174 Ad·
1453 4182 1459 4189 ,

180 4195 283 4253 cuntur,
299 4189 361 4242 vide
377 4187 428 4242 lex.
447 4197 475 4242 et
493 4191 525 4242 cf.
544 4188 602 4243 Liv.
620 4205 732 4256 xxvru,
755 4200 782 4243 11
820 4190 888 4241 dunt
906 4189 986 4258 vulgo
1004 4207 1064 4252 rex,
1082 4188 1163 4242 etiam
1180 4193 1258 4261 quod
1277 4193 1354 4246 miror
1367 4186 1408 4242 lle
1458 4196 1461 4203 “

172 4273 237 4315 ‚cum
256 4260 367 4310 omnium
381 4261 551 4312 secandorum
566 4261 784 4328 aduersorumque
818 4257 892 4324 dius,
916 4277 977 4311 nam
999 4257 1116 4310 inlibris
1134 4276 1196 4310 mss.
1217 4261 1340 4315 omnium
1354 4258 1407 4311 dest
1455 4262 1461 4281 ²

171 4341 277 4383 ‚caucos
304 4328 332 4379 in
360 4329 420 4379 deos
447 4336 581 4380 verterent.
622 4325 675 4379 Sed
702 4346 784 4381 anno-
820 4332 848 4377 et
866 4334 955 4395 potest
973 4325 1085 4395 intelligi
1107 4334 1138 4378 ut
1161 4329 1319 4399 saepissime
1337 4325 1407 4385 iohtc
1456 4388 1461 4397 ⁸

173 4394 291 4452 ‚tandum
306 4394 335 4447 in
352 4393 433 4449 Bern.
445 4396 470 4446 A
488 4412 504 4447 a
520 4414 561 4464 pr.
575 4412 609 4446 m.
623 4394 697 4447 Leid.
709 4397 783 4449 Voss.
820 4394 891 4446 omni
909 4395 1018 4448 historia
1035 4393 1206 4464 intelligitur.
1238 4397 1344 4452 Deinde
1352 4397 1406 4465 pul·
