2926 5174
167 303 239 377 322
632 321 666 386 Q.
695 322 818 374 cunrn
845 324 929 375 surr

160 507 307 581 fratrem
333 502 456 596 Darei,
492 528 598 600 quern
623 505 715 577 inter
741 507 898 603 corporis
926 505 1092 580 custodes
1118 505 1283 598 habebat,
1305 535 1367 607 pro-

160 619 240 715 pius
267 616 369 688 iussit
395 615 581 706 accedere,
612 617 775 713 tradique
801 616 951 690 Bessum
977 617 1027 708 ei,
1062 628 1103 691 ut
1129 617 1223 690 cruci
1248 619 1369 692 affixum
1398 707 1400 710 .

162 727 333 799 mutilatis
372 727 517 801 auribus
558 727 773 825 naribusque
811 729 950 826 sagittis
993 729 1211 828 configerent
1242 728 1369 821 barbari,

161 850 456 937 asservarentque
497 863 644 937 corpus,
686 850 727 912 ut
760 864 806 912 ne
838 865 923 913 aves
955 839 1098 937 quidem
1140 839 1369 939 contingerent.

162 947 344 1024 Oxathres
377 962 495 1023 cetera
530 950 596 1023 sibi
633 976 739 1024 curae
773 951 849 1024 fore
883 952 1087 1049 pollicetur:
1123 975 1211 1024 aves
1245 978 1312 1024 non
1339 955 1400 1026 abu

114 1110 124 1154 .·
164 1063 243 1154 alio,
271 1089 378 1165 quam
404 1089 425 1135 a
453 1059 603 1152 Catane,
625 1086 735 1159 posse
760 1063 941 1159 prohiberi
958 1062 1100 1153 adiicit,
1128 1062 1292 1135 eximiam
1315 1065 1369 1136 eius

161 1187 275 1248 artem
300 1176 445 1274 cupiens
472 1172 679 1248 ostendere:
705 1199 859 1271 namque
885 1174 976 1248 adeo
1003 1183 1100 1248 certo
1126 1173 1203 1246 ictu
1222 1173 1371 1249 destinata

160 1287 325 1377 feriebat,
353 1297 394 1359 ut
420 1311 505 1359 aves
532 1309 673 1382 quoque
699 1285 888 1382 exciperet.
941 1283 1033 1359 Nam
1058 1284 1088 1357 si
1113 1283 1265 1358 forsitan
1289 1287 1370 1384 sagit
1381 1304 1398 1350 n

163 1397 264 1472 tandi
299 1410 374 1471 tam
406 1396 534 1471 celebri
569 1422 637 1469 usu
667 1396 784 1469 minus
817 1396 1033 1470 admirabilis
1070 1396 1186 1470 videri
1221 1423 1276 1471 ars
1306 1399 1374 1470 haec.

162 1511 284 1610 possit,
311 1520 432 1583 tamen
445 1512 569 1608 ingens
582 1506 781 1581 visentibus
795 1508 1013 1600 miraculum,
1040 1533 1246 1606 magnoque
1271 1507 1369 1582 honori

110 1705 114 1711 ,
162 1619 286 1696 careni
312 1623 388 1696 fuit.
427 1620 533 1695 Dona
544 1617 867 1711 deindefflomuibus,
894 1621 955 1716 qui
980 1618 1131 1695 Bessum
1159 1618 1396 1708 adduxerantt

158 1732 245 1807 data
271 1744 362 1806 sunt.
404 1730 571 1807 Ceterum
597 1731 807 1830 supplicium
833 1733 908 1806 eius
935 1731 1081 1822 distulit,
1108 1741 1150 1804 ut
1177 1756 1220 1804 eo
1246 1731 1325 1821 loco,
1344 1729 1368 1799 iu

159 1872 230 1945 quo
255 1843 414 1917 Dareum
439 1847 515 1943 ipse
543 1844 730 1935 occiderat,
756 1855 952 1917 necaretur.
1385 1846 1388 1853 '

111 1957 157 2030 25
260 1954 402 2030 Interea
418 1954 644 2048 Macedones,
671 1955 718 2028 ad
742 1956 937 2054 petendum
963 1955 1134 2053 pabulum
1160 1951 1401 2051 incompositos

159 2068 299 2165 agmine
325 2070 474 2165 egressi,
510 2093 532 2139 a
557 2068 738 2159 barbaris,
774 2067 834 2164 qui
860 2066 905 2140 de
931 2066 1103 2164 proximis
1129 2065 1304 2139 montibus
1326 2059 1365 2132 de·

162 2189 364 2268 currerunt,
400 2180 668 2277 opprimuntur,
695 2180 884 2277 pluresque
911 2178 1005 2275 capti
1032 2187 1117 2250 sunt
1143 2201 1248 2275 quam
1273 2171 1364 2246 occisi:

161 2289 305 2361 barbari
330 2300 461 2380 autem,
488 2291 649 2388 captivos
674 2315 760 2387 prae
788 2313 826 2362 se
853 2299 1010 2386 agentes,
1037 2314 1161 2362 rursus
1187 2289 1223 2360 in
1237 2295 1386 2360 montem

160 2411 393 2473 recesserunt.
445 2426 498 2472 xx
524 2401 620 2472 milia
645 2401 824 2472 latronum
857 2410 967 2472 erant.
1020 2398 1156 2472 Fundis
1186 2397 1364 2497 sagittisque

162 2537 320 2611 pugnam
345 2511 530 2584 invadunt.
584 2508 682 2600 Quos
710 2511 795 2583 dum
821 2510 962 2584 obsidet
987 2536 1063 2601 reX,
1089 2511 1183 2583 inter
1207 2505 1386 2608 promptis-³

160 2622 268 2694 simos
296 2621 465 2695 dimicans
492 2623 624 2720 sagitta
648 2623 739 2696 ictus
767 2632 837 2712 cst,
873 2621 1026 2718 quaein
1052 2620 1170 2694 medio
1197 2645 1294 2695 crure
1315 2616 1366 2687 fin

158 2734 351 2831 reliquerat
382 2734 566 2832 spiculum.
619 2731 723 2806 lllum
755 2730 897 2830 quidem
928 2732 1055 2805 maesti
1086 2742 1123 2805 et
1156 2731 1293 2805 attoniti
1315 2723 1389 2798 lle-¹

158 2944 238 3015 ditur.
272 2943 443 2998 Recentiores
465 2942 526 2996 inde
549 2960 564 2995 a
589 2940 680 2994 Medio
703 2939 760 2995 edi«
794 2943 903 3008 deatur,
939 2951 991 2994 tum
1023 2941 1115 3012 ingens
1146 2941 1294 2996 miraculum
1319 2940 1363 2992 erti-

157 3013 242 3067 tiones
268 3023 296 3066 at
321 3012 475 3066 maluerant.
513 3010 585 3064 Vide
615 3027 694 3080 supra
723 3011 758 3063 ad
792 3011 893 3064 Verum
916 3010 1018 3064 celeber
1040 3009 1185 3080 sagittandi
1207 3029 1267 3064 usus
1286 3005 1363 3062 adlit·

158 3089 231 3146 c.22,
250 3089 292 3135 24.
327 3081 397 3134 Tum
409 3082 541 3134 Oxathres
558 3078 648 3148 scripsi
658 3077 759 3132 Graeca
794 3078 907 3132 etrianos
931 3089 959 3132 et
981 3078 1037 3132 illas
1058 3087 1152 3148 gentes
1169 3079 1291 3133 barbaras
1332 3080 1363 3126 tir

157 3150 348 3215 terminatione,
365 3149 430 3218 -quia
447 3149 527 3202 Susk.
544 3147 572 3200 in
589 3147 662 3200 Leid.
680 3148 756 3201 Voss.
792 3156 847 3213 net,
866 3164 933 3226 quae
950 3159 1012 3200 arcu
1028 3146 1194 3217 potissimum
1211 3147 1249 3201 uti
1263 3091 1361 3219 solengi

159 3225 170 3271 l
192 3217 283 3286 (sicuti
301 3225 341 3270 est
358 3217 385 3269 in
394 3217 509 3271 BernA
524 3225 552 3269 et
565 3214 648 3268 Paris.
658 3215 756 3286 tribus)
794 3215 889 3269 Graeci
910 3215 1073 3287 Romanique
1098 3215 1178 3269 istam
1204 3224 1283 3269 artem
1304 3227 1346 3290 επεὶ

160 3286 278 3338 Oratim
295 3302 351 3337 esse
368 3284 480 3351 notavit,
499 3283 650 3353 simpliciter
668 3285 758 3338 edenti
793 3283 867 3337 tandi
884 3302 1018 3354 nunquam
1036 3283 1180 3338 coluerunt.
1206 3283 1295 3364 Itaque
1306 3289 1363 3333 etiem

157 3371 211 3407 nou
219 3353 360 3406 crederem.
382 3352 472 3404 Etiam
480 3350 757 3406 FlenFGleotren.
793 3353 819 3405 h.
832 3352 849 3405 l.
867 3369 925 3405 eam
951 3351 1171 3423 permutationem
1197 3349 1362 3423 particularum,

192 3428 214 3489 §-
232 3427 274 3474 42.
301 3423 333 3473 Si
340 3423 462 3490 forsitan
471 3421 658 3489 sapittandi—
663 3423 758 3488 possit,
813 3437 861 3474 uae
878 3420 941 3472 alibi
954 3420 1008 3473 sine
1022 3418 1176 3487 dubiofuit,
1193 3429 1307 3491 putemus
1319 3427 1363 3490 ως·

157 3499 250 3542 tamen.
295 3490 327 3541 Si
352 3506 411 3541 cum
438 3487 602 3542 coniunctivo
631 3505 659 3540 se
679 3497 759 3542 uente
794 3439 835 3543 df.
853 3489 888 3542 ad
904 3504 945 3556 vr,
964 3496 1005 3543 29.
1042 3490 1196 3557 Supittundi
1237 3488 1310 3542 rimus
1326 3480 1363 3535 ed·

158 3568 243 3611 tamen
268 3575 322 3609 nou
347 3575 407 3610 raro
430 3575 479 3627 pro
502 3558 550 3609 etsi
571 3555 648 3625 poni,
661 3506 759 3610 qlexico
793 3557 833 3609 dit
849 3556 933 3610 Aldus
955 3575 988 3610 ex
1010 3555 1160 3610 coniectura
1185 3507 1236 3610 sed>
1251 3551 1361 3610 verissimis

157 3627 262 3679 docent.
298 3623 339 3679 cf.
358 3625 458 3694 Nepet.
476 3625 556 3678 Phoc.
574 3642 596 3678 c.
610 3634 631 3691 l,
652 3623 707 3678 Cic.
726 3627 758 3678 de
792 3643 853 3678 nam
871 3624 898 3677 in
916 3626 990 3678 codd.
1003 3626 1171 3694 estsapittis.
1207 3624 1319 3704 Denique
1331 3631 1361 3697 nrt

158 3695 211 3749 Off.
221 3708 265 3761 111,
284 3699 336 3747 c.8
353 3702 422 3746 extr.
457 3693 574 3746 Adiuvat
596 3692 676 3746 etiam
694 3711 758 3747 non·
793 3697 855 3747 hoec
873 3711 961 3747 omnes
978 3692 1062 3746 nostri
1088 3700 1116 3745 et
1134 3693 1216 3747 Snalr.
1234 3694 1362 3762 eodmslfl·

157 3762 222 3826 nihil
230 3761 380 3833 appositum
390 3761 453 3815 illud
462 3764 595 3832 forsitan,
613 3761 758 3832 sicutapud
792 3779 867 3816 verso
882 3763 1020 3816 verborum
1035 3760 1136 3829 ordine,
1155 3762 1201 3833 qui
1213 3755 1360 3815 estineditt

158 3831 213 3887 Cic.
231 3832 265 3884 ad
278 3833 375 3897 Attv,
393 3838 409 3884 4
427 3833 494 3884 inm:
516 3831 626 3884 nuncsi
644 3833 697 3882 iem
715 3847 757 3884 res
827 3829 893 3900 Cap.
903 3837 945 3897 25,
961 3833 984 3898 ξ.
994 3837 1018 3883 2.
1038 3848 1159 3899 puppam
1172 3833 1293 3883 invadunt
1304 3837 1360 3882 neti·

154 3903 272 3969 placeat,
299 3901 396 3968 opendi
413 3909 498 3953 tamen
515 3901 583 3952 uiam
601 3915 653 3951 non
671 3901 758 3966 uidem
791 3897 946 3970 τικιότερον
961 3898 1072 3951 ‘dictum
1093 3916 1118 3969 p.
1144 3897 1236 3952 ineunt
1260 3915 1279 3950 s.
1296 3892 1359 4010 inp*

156 3978 188 4022 ut
204 3985 310 4022 necesse
327 3985 381 4021 non
398 3967 432 4021 sit
450 3985 510 4020 cum
519 3966 596 4020 Iunio
610 3975 638 4019 et
652 3965 757 4036 reliquis
791 3966 909 4032 diuntur,
927 3965 994 4020 sicut
1011 3966 1090 4019 etiam
1106 3968 1233 4019 invadunt
1249 3967 1309 4019 locos
1340 3971 1358 4006 Ι·

157 4039 206 4091 etsi
227 4036 365 4107 corrigere.
401 4036 455 4089 Sed
481 4046 565 4090 tamen
591 4052 649 4087 earn
675 4034 758 4104 ipsam
792 4034 858 4088 citus
871 4051 887 4086 a
900 4033 1002 4104 vulgari
1015 4053 1063 4087 usu
1076 4042 1190 4087 remotus
1203 4032 1271 4087 dicit.
1289 4027 1357 4104 usqu

156 4106 190 4158 ob
212 4123 316 4158 causam
337 4105 493 4158 servandum
515 4111 569 4170 est,
598 4120 675 4173 quam
696 4120 757 4156 uam
791 4103 860 4155 enim
883 4102 917 4155 de
938 4102 1043 4156 turbido
1064 4101 1183 4171 ingressu
1205 4099 1356 4154 innuerent

155 4172 240 4226 nostri
257 4172 362 4243 quidem
380 4173 455 4226 codd.
473 4179 677 4242 omnespraeter
708 4170 756 4225 lor.
790 4189 845 4224 non
869 4170 936 4223 sicut
954 4171 991 4224 ait
1009 4169 1101 4239 Virgil.
1117 4170 1185 4223 Aen.
1204 4175 1244 4235 12,
1262 4171 1312 4230 710,
1326 4158 1355 4212 lt

50 4254 57 4269 ¹
155 4240 194 4292 EI
212 4239 267 4292 eius
285 4241 342 4296 loco
355 4251 407 4294 tum
417 4241 568 4294 exhibeant.
602 4237 692 4291 Possit
710 4238 756 4291 ali-
790 4239 1012 4292 vaduntMartem
1026 4240 1113 4307 clipeis
1127 4247 1203 4308 arque
1216 4240 1353 4310 aeream,

131 4346 135 4353 .
157 4307 215 4376 quis
226 4306 335 4376 opinari,
355 4309 476 4362 Curtium
493 4309 543 4360 hoc
559 4306 613 4359 iere
630 4305 754 4360 voluisse:
790 4307 836 4360 sed
853 4314 884 4359 ut
902 4306 971 4360 idem
988 4311 1067 4378 po‘e'ta
1084 4305 1150 4359 Aen.
1167 4312 1192 4371 8,
1210 4309 1257 4358 382
1273 4301 1351 4378 viandi

156 4374 207 4427 etsi
228 4394 296 4429 nunc
317 4377 423 4449 quidem
444 4376 470 4428 in
488 4384 543 4429 tam
561 4373 657 4428 celebri
675 4373 756 4444 sagit·
790 4379 891 4445 iquore,
905 4394 992 4444 paras
1010 4378 1130 4431 invadere
1142 4381 1234 4444 portus
1250 4367 1307 4425 dini
1318 4372 1351 4432 1¹⁰

157 4441 232 4495 tandi
248 4458 297 4496 usu
312 4444 397 4498 minus
413 4442 572 4498 admirabilis
595 4441 639 4496 illa
657 4459 698 4495 ars
716 4441 755 4495 vi·
790 4446 899 4498 intrare.
1213 4444 1217 4452 “
