2926 5174
390 297 439 347 nn
466 295 593 348 ansus
620 295 730 349 Anax.
757 297 835 367 vm,
857 293 899 341 aa
1192 270 1266 349 387

77 478 212 552 cedere
236 505 297 554 eos
323 482 371 554 ad
395 482 554 556 curanda
580 506 741 580 corpora,
770 480 938 579 quoniam
964 489 1043 554 tota
1064 491 1170 553 nocte
1191 505 1270 579 per·
1360 474 1364 479 ¹

77 591 216 683 tissent,
245 594 353 668 iubet.
405 593 501 667 Data
527 595 674 691 singulis
701 592 961 692 quinquaginta
987 590 1167 684 sestertia,
1201 593 1272 666 col·

77 702 195 793 idetis,
221 703 316 801 quod
343 706 449 780 etiam
475 706 551 779 aliis
577 705 714 779 tradita
737 705 827 796 vice,
854 714 976 777 tamen
993 702 1174 777 excubare
1194 720 1272 802 perss

77 826 266 888 terassent.
335 879 340 889 .

130 923 188 997 Illi
214 935 315 999 tanta
341 952 403 1024 spe
438 928 603 1003 destituti·
632 928 759 1001 domos
793 928 937 1000 abeunt.
989 926 1037 1000 Et
1063 927 1173 1000 ceteri
1199 926 1322 1022 qui-23

77 1062 111 1108 m
145 1039 386 1134 expectabant
418 1042 581 1114 stationis
620 1066 707 1114 suae
744 1049 907 1112 noctem:
948 1037 1159 1136 EpimeneS,
1196 1038 1273 1110 sive

77 1148 198 1220 mitate
215 1150 319 1246 regis,
345 1175 415 1247 qua
431 1151 549 1248 ipsum
564 1152 659 1224 inter
676 1151 881 1225 coniuratos
900 1158 1100 1247 exceperat,
1125 1160 1273 1246 repente

77 1267 203 1348 rtatuS,
229 1259 304 1332 sive
330 1260 411 1356 quia
437 1261 572 1358 coeptis
600 1260 686 1335 deos
714 1261 859 1334 obstare
877 1260 1057 1350 credebat,
1083 1260 1186 1333 fratri
1204 1284 1270 1332 suo

77 1368 254 1466 uylocho,
298 1396 403 1467 quem
444 1381 550 1446 antea
590 1383 775 1470 expertem
816 1396 895 1444 esse
930 1371 1064 1445 consilii
1098 1370 1272 1458 voluerat,

77 1478 115 1551 id
151 1491 355 1576 pararetur,
395 1483 519 1580 aperit.
580 1480 755 1557 Omnibus
791 1481 955 1556 Philotae
990 1481 1203 1579 supplicium
1235 1481 1274 1552 in

77 1589 142 1663 ulis
181 1603 267 1664 erat.
328 1591 452 1689 ltaque
486 1594 649 1690 protinus
684 1594 796 1667 iniicit·
829 1595 931 1667 fratri
965 1617 1130 1683 manum,
1165 1600 1203 1665 et
1236 1590 1273 1661 in

77 1702 167 1799 giam
194 1705 373 1800 pervenit,
406 1704 640 1801 excitatisque
667 1704 876 1779 custodibus
903 1705 1076 1803 conpone,
1109 1702 1156 1775 ad
1183 1701 1273 1773 salu·

77 1838 105 1886 n
136 1813 235 1910 regis
265 1814 462 1911 pertinere,
503 1842 594 1914 quae
627 1817 789 1906 afferret,
825 1817 988 1890 affirmat.
1040 1814 1088 1888 Et
1120 1824 1272 1911 tempus,

77 1949 101 1995 o
128 1935 321 2015 venerant,
356 1936 393 1998 et
417 1927 540 1999 vultus
566 1927 664 2000 haud
690 1952 776 2000 sane
803 1929 918 2000 securi
944 1928 1051 2001 animi
1076 1925 1203 2015 index,
1239 1934 1276 1998 et

77 2035 212 2108 testitia
247 2060 266 2107 e
302 2034 441 2110 duobus
483 2038 646 2128 alterius,
684 2037 930 2111 Ptolemaeum
973 2065 1014 2111 ac
1048 2037 1274 2110 Leonnatum

77 2145 255 2219 cubantes
287 2145 333 2217 ad
366 2148 517 2221 cubiculi
542 2150 650 2221 limen
677 2150 935 2224 excitaverunt.
988 2149 1114 2245 ltaque
1141 2147 1274 2245 apertis

77 2257 191 2346 ribus,
218 2267 255 2329 et
279 2256 410 2331 lumine
436 2260 550 2350 illato,
586 2261 742 2358 sopitum
767 2286 867 2334 mero
893 2286 936 2333 ae
962 2285 1088 2333 somno
1115 2258 1275 2331 excitant

77 2391 166 2463 gem.
219 2367 281 2441 Ille
307 2370 479 2466 paulatim
504 2381 624 2444 mente
650 2373 815 2462 collecta,
842 2371 928 2468 quid
954 2372 1137 2458 afferrent,
1169 2368 1275 2440 inter-

77 2486 154 2575 »gat
213 2476 287 2551 Nec
322 2490 490 2553 cunctatu
544 2479 787 2580 Eurylochus,
826 2509 899 2556 non
934 2507 982 2556 ex
1016 2491 1094 2555 toto
1130 2477 1276 2552 domum

77 2614 141 2660 am
174 2591 330 2662 aversari
363 2590 449 2665 deos
545 2594 591 2684 ‘t,
632 2594 714 2691 quia
747 2594 859 2666 frater
889 2593 1019 2692 ipsius,
1063 2613 1278 2689 quamquam

77 2700 186 2797 rpium
220 2701 355 2775 facinus
388 2728 496 2776 ausus
530 2705 640 2796 soret,
682 2715 804 2778 tamen
839 2714 876 2776 et
909 2703 1166 2802 poenitentiam
1201 2701 1277 2772 eius

76 2820 170 2906 pret,
198 2821 234 2884 et
259 2837 323 2910 per
348 2838 387 2889 se
413 2815 639 2912 potissimum
664 2816 894 2914 profiteretur
918 2813 1096 2887 indicium.
1139 2810 1182 2883 In
1200 2834 1280 2883 eam

77 3069 86 3082 .
121 3027 247 3082 Proxime
272 3030 372 3084 accedit
397 3030 509 3085 eloco
533 3031 561 3085 in
584 3051 638 3104 quo
673 3030 771 3087 obiecit
797 3031 849 3086 dici
874 3030 981 3101 quidem
1007 3029 1121 3100 aliquam
1152 3043 1208 3082 rem
1234 3045 1281 3098 epe

77 3114 128 3151 nen
151 3105 192 3150 est
218 3101 415 3168 devoramrnnt,
443 3097 496 3152 GH
517 3101 638 3154 Bern.B
674 3105 817 3167 decorare,
853 3117 907 3152 non
937 3101 1024 3178 ipsam
1049 3115 1121 3166 spem
1148 3100 1281 3150 devorare.

77 3166 188 3236 alonge
205 3166 353 3233 discedunt,
383 3167 431 3220 sed
448 3174 476 3220 et
492 3168 544 3239 ipsi
565 3174 640 3224 devo·
673 3170 745 3223 Nam
762 3167 902 3222 translatio
920 3175 1002 3220 etiam
1018 3166 1117 3221 castior
1134 3183 1165 3220 ac
1181 3164 1281 3235 simpli·

77 3244 162 3288 mant
179 3243 207 3288 et
222 3244 360 3305 praeterea
377 3237 469 3290 mentia
486 3242 553 3307 (non
570 3256 639 3291 men-
674 3238 730 3292 cior
747 3237 778 3290 fit
795 3237 845 3291 hac
862 3235 974 3290 ratione.

77 3301 241 3370 >exhibent
275 3304 307 3356 In
327 3304 447 3374 pluribus
468 3314 576 3374 praeter
592 3307 639 3359 has
709 3310 732 3376 §-
754 3313 795 3360 19.
834 3307 908 3359 Data
931 3305 1044 3374 singulis
1061 3334 1097 3346 -
1113 3303 1280 3368 collaudatis,

77 3371 183 3424 {etates
200 3371 279 3424 etiam
313 3390 373 3426 nam
391 3372 563 3440 desideratur,
582 3374 639 3428 Pal.
674 3376 756 3446 qnod]
792 3372 878 3428 Omisi
900 3383 961 3426 sant
984 3373 1058 3452 quod
1078 3371 1159 3441 vulgo
1183 3369 1282 3439 legitur

77 3440 169 3494 losse
187 3391 319 3494 Phallll.
346 3440 401 3493 Sed
414 3440 547 3495 breviores
562 3442 641 3496 etiam
675 3448 738 3498 data
760 3453 821 3496 eant
842 3444 968 3510 tinnulis,
991 3459 1063 3494 iussu
1080 3440 1157 3494 codd
1175 3446 1281 3494 nostro·

80 3509 118 3562 ad
136 3507 221 3577 ipsam
235 3509 374 3565 veritatem
391 3509 498 3579 propius
513 3512 640 3564 acceden·
674 3530 733 3566 rum
752 3511 833 3564 Bern.
851 3511 877 3563 A
894 3511 917 3563 F
919 3511 967 3565 lor.
985 3507 1105 3563 ABDGI
1128 3515 1156 3561 et
1172 3515 1281 3561 auctore

109 3575 248 3646 Sigeberg.
271 3577 343 3631 Leid.
361 3581 468 3630 Vosal
497 3579 570 3632 Flor.
589 3580 639 3632 AB
673 3580 776 3646 Modio,
799 3597 853 3634 non
871 3578 927 3632 sine
945 3596 1006 3632 mss.
1025 3577 1062 3631 sic
1078 3576 1192 3630 edituro.
1228 3575 1283 3628 Sed

77 3662 118 3698 arn
136 3646 263 3698 humanae
284 3647 375 3698 nenne
395 3648 587 3701 devoraverant.
616 3649 640 3701 Ε
675 3649 731 3703 sine
740 3648 816 3702 libris
829 3647 933 3702 correxi
948 3647 1106 3700 collaudatis
1123 3645 1194 3716 quod
1202 3643 1283 3712 vulgo

77 3730 90 3766 ι
107 3711 237 3792 scriptura
253 3713 297 3766 ubi
312 3715 408 3767 mendo
422 3713 527 3767 sublato
545 3725 640 3769 mentes
675 3727 734 3771 erat
748 3718 966 3786 collandatieqae,
985 3713 1108 3784 quoniam
1118 3713 1169 3782 hoo
1176 3710 1283 3782 quidem

77 3796 189 3833 ’texens
218 3781 313 3835 existet
343 3781 410 3833 illud
435 3783 507 3851 quod
533 3783 640 3837 Cmtius
675 3786 739 3839 ferri
765 3785 838 3839 nullo
864 3792 945 3855 pacto
971 3789 1061 3852 potest
1087 3788 1116 3833 et
1142 3776 1284 3832 verisimile

77 3851 147 3927 cuir
164 3847 285 3916 voluisse,
309 3850 433 3930 quodque
455 3849 516 3903 olim
532 3852 640 3905 Medius
675 3863 716 3908 est
734 3870 784 3925 qne
800 3870 835 3907 ex
848 3869 881 3906 ec
895 3852 967 3923 quod
984 3849 1104 3921 sequitur
1122 3849 1192 3967 qlnod
1207 3861 1283 3924 prae-

84 3923 162 3970 notis
179 3925 207 3969 et
221 3917 351 3971 Acidahus
387 3917 523 3985 roberant,
567 3939 640 3974 uam·
675 3940 767 3992 gresso
783 3921 913 3977 vocabulo
932 3918 1089 3974 adhaesisse.
1148 3919 1284 3968 tomrttr·
1310 3917 1316 3933 ’

77 4001 121 4038 sm
138 3983 185 4037 ille
202 3985 303 4054 quidem
319 3937 439 4039 ediderat
456 4003 533 4055 qnam
549 3939 640 4043 lamo·
674 3999 720 4044 tur
743 3993 814 4062 qnod
834 3989 861 4042 in
878 3988 960 4042 Bern.
979 3987 1012 4039 Β.
1047 3982 1135 4038 Aliam
1156 3979 1285 4060 rationem

77 4054 198 4106 ementis
215 4055 431 4134 concupiscentiae
446 4056 638 4111 devoraverant.
674 4059 772 4114 inierat
779 4056 887 4112 Modius
900 4074 960 4110 cum
976 4055 1071 4107 ederet
1084 4051 1285 4118 collaudatque,

77 4137 101 4172 ιο
117 4120 215 4175 desunt
235 4120 293 4175 hbn
314 4123 341 4176 in
360 4120 455 4193 quibus
472 4121 537 4175 illud
554 4123 640 4194 ipsum
674 4127 762 4182 minus
780 4124 918 4180 concinne.
943 4121 1030 4176 Pauci
1044 4135 1104 4175 mss.
1119 4119 1287 4171 collaudans-
1324 4125 1331 4131 “

77 4186 186 4240 hibetur
207 4187 276 4243 Plor.
296 4190 350 4256 DI,
377 4190 442 4243 item
470 4189 640 4246 colonienses
675 4213 724 4264 que
747 4195 849 4248 habent
870 4191 944 4245 Flor.
963 4187 1013 4242 FG
1030 4186 1091 4242 Pal.
1105 4190 1129 4238 1.
1163 4184 1288 4263 Ceterum

77 4256 212 4309 mannae
227 4257 321 4327 Modii,
345 4265 451 4312 tantum
468 4260 539 4328 quod
556 4259 584 4313 in
601 4261 641 4315 his
692 4265 872 4335 ainqnnqintn
902 4259 1024 4314 sestertia
1056 4254 1111 4309 sive
1139 4259 1189 4307 500
1216 4269 1288 4305 aurei

77 4331 225 4402 camanum
249 4341 305 4380 esse
329 4325 452 4382 traditur.
486 4326 545 4382 Nec
574 4337 641 4409 puto
674 4281 792 4387 hnmani
809 4330 894 4383 minas
905 4325 1022 4381 Graecas
1037 4319 1158 4401 efficiant
1172 4326 1220 4375 125
1235 4317 1290 4374 sire

77 4398 156 4444 arom
178 4398 278 4448 nostrae
302 4396 407 4450 obstare
430 4395 501 4463 quod
521 4396 640 4452 Fremsh.
676 4401 730 4458 duo
748 4397 854 4453 talenta
871 4411 931 4450 cum
949 4391 1070 4465 quinque
1087 4406 1174 4445 mlms·

1070 4474 1117 4528 ᾖδ’
