2926 5174
75 249 148 322 408
551 265 585 328 o.
614 264 737 318 cuaru
762 266 846 318 auur

22 457 69 528 39
174 450 267 524 Hinc
293 448 518 549 Polypercon
545 447 591 521 ad
623 449 749 523 urbem
775 447 908 524 Noram
937 476 1025 525 eum
1053 453 1213 526 exercitu
1235 454 1336 526 mis-n.

73 590 151 655 sus,
183 559 385 635 inconditos
419 560 619 658 oppidanos
651 563 787 659 proelio
818 563 923 636 vicit:
965 565 1069 638 intra
1103 564 1303 641 munimenta

73 674 276 771 compulsos
318 681 480 761 secutus,
528 673 652 745 urbem
694 674 730 745 in
776 672 954 748 dicionem
997 675 1152 774 redegit.
1209 675 1325 750 Multas

73 785 241 885 ignobilia
268 782 400 881 oppida
426 781 570 858 deserta
595 809 617 856 a
643 785 716 858 suis
743 811 873 860 venere
900 787 939 859 in
966 788 1067 885 regis
1095 798 1302 885 potestaten

76 894 235 986 Quorum
250 896 386 968 incolae
407 897 535 969 armati
561 906 702 994 petram
720 897 857 969 Aornin
874 899 1025 971 nomine
1045 911 1304 997 occupaverunt

73 1006 176 1080 Hanc
207 1008 253 1079 ab
285 1005 439 1079 Hercule
471 1008 604 1080 frustra
636 1009 820 1082 obsessam
857 1035 955 1100 esse,
995 1018 1192 1108 terraeque
1222 1022 1305 1084 motu

74 1129 238 1192 coactum
271 1119 459 1210 absistere,
495 1120 591 1192 fama
621 1120 842 1218 vulgaverat.
894 1120 1052 1220 Inopem
1080 1123 1218 1196 consilii
1241 1120 1326 1194 lle-r

73 1228 267 1319 xandrum,
307 1231 390 1326 qnia
426 1230 584 1326 undique
621 1255 791 1329 praeceps
824 1242 860 1305 et
893 1233 1057 1331 abrupta
1092 1259 1201 1333 rupes
1236 1245 1305 1323 erat,

74 1344 193 1417 senior
219 1340 363 1437 quidam
396 1341 530 1439 peritus
564 1343 724 1416 locorum
755 1368 835 1415 cum
868 1343 1014 1416 duobus
1050 1345 1134 1418 filiis
1168 1347 1253 1435 adit,
1284 1345 1305 1417 si

75 1454 230 1553 pretium
257 1478 388 1550 operae
421 1463 532 1545 esset,
571 1453 709 1527 aditum
741 1480 779 1528 se
809 1464 1105 1529 monstratmum
1138 1483 1215 1532 esse
1243 1481 1305 1555 pro·

74 1566 229 1639 mittens.
282 1587 386 1635 cxxx
417 1566 554 1639 talenta
586 1567 772 1640 constituit
810 1566 981 1639 daturum
1016 1567 1243 1659 Alexander3
1279 1578 1326 1641 etr

76 1678 188 1750 altero
216 1700 263 1748 ex
294 1676 482 1750 iuvenibus
515 1678 640 1751 obside
672 1687 829 1768 retento,
863 1677 996 1774 ipsum·
1020 1679 1072 1752 ad
1105 1679 1305 1778 exequenda,

77 1814 167 1887 quae
207 1788 401 1878 obtulerat,
448 1790 588 1862 dimisit.
646 1788 790 1863 Leviter
823 1790 970 1862 armatis
1011 1788 1093 1864 dux
1133 1792 1236 1866 datus
1265 1800 1326 1864 ests

75 1901 254 1990 Mullinus,
281 1900 397 1973 scriba
422 1902 526 1998 regis.
578 1899 655 1974 Hos
683 1903 777 1974 enim
803 1901 952 1973 circuitu
981 1903 1046 1999 qui
1072 1904 1238 1979 fallerent
1259 1905 1305 1977 ho

78 2025 180 2099 stem,
206 2013 242 2084 in
269 2012 447 2085 summum
471 2014 595 2111 iugum
621 2014 786 2112 placebat
811 2011 974 2087 evadere.
1032 2014 1148 2089 Petra
1173 2042 1251 2106 non,
1273 2024 1324 2086 un

23 2183 28 2194 .
76 2128 282 2225 pleraeque,
320 2124 467 2198 modicis
499 2150 541 2197 ac
572 2126 738 2198 mollibus
771 2124 868 2196 clivis
893 2124 931 2196 in
960 2126 1120 2201 sublime
1147 2127 1305 2226 fastigium

78 2237 213 2325 crescit,
241 2235 305 2307 sed
331 2236 368 2306 in
393 2246 511 2309 metae
536 2237 691 2309 maxime
717 2234 864 2308 modum
889 2247 1014 2309 erecta
1039 2251 1107 2329 est,
1137 2241 1234 2313 cuius
1249 2239 1304 2310 ima

78 2348 289 2446 spatiosiora
315 2359 408 2438 sunt,
436 2348 564 2420 altiora
589 2348 636 2422 in.
653 2348 764 2420 artius
792 2355 931 2437 coelunt,
959 2374 1107 2424 summa
1125 2352 1163 2424 in
1181 2361 1304 2425 acutum

114 2602 233 2682 011139,
244 2605 268 2667 §.
280 2605 302 2653 1.
327 2603 364 2653 od
379 2601 468 2653 arbem
477 2601 594 2672 Noram]
613 2601 681 2654 Mss.
716 2610 782 2655 esset
804 2600 896 2655 omisso
913 2600 1006 2655 medio
1024 2604 1110 2656 verbo
1129 2602 1158 2658 in
1171 2601 1304 2658 anCdH

78 2681 164 2724 nostri
182 2686 270 2722 omnes
284 2669 398 2734 Noram,
416 2668 609 2722 LeidMoram
626 2677 680 2723 tra-
715 2669 947 2722 Bern.BVoss.2.
976 2670 1035 2724 Sed
1053 2672 1152 2742 optimi
1170 2673 1228 2727 olim
1244 2671 1303 2724 fuisse

79 2739 150 2792 ditur
171 2738 303 2791 exhibere.
338 2736 423 2789 Aldus
445 2737 563 2790 ediderat
583 2740 681 2805 Orum,·
716 2756 809 2791 cerae
832 2754 879 2808 per
900 2746 979 2791 notas
1002 2739 1136 2810 scriptum
1163 2741 1303 2812 significant:

78 2808 195 2861 debebat
225 2808 280 2861 Oro
306 2805 326 2858 si
351 2824 410 2858 cum
428 2806 540 2859 Arriano
559 2806 681 2860 Curtium
741 2824 795 2859 ern.
809 2808 835 2859 A
853 2808 882 2859 ob
900 2824 986 2875 prae,
1006 2809 1085 2862 Leid.
1105 2812 1233 2880 obpesset,
1248 2807 1303 2862 Flor.

79 2876 227 2932 consentire
253 2875 367 2929 volebat.
411 2874 482 2927 Nam
506 2876 577 2945 apud
607 2875 681 2928 illum
714 2878 740 2928 A
754 2877 867 2945 pretinm
884 2877 923 2928 vel
937 2878 1028 2944 operis
1044 2889 1114 2933 esset
1128 2881 1247 2950 obpessct
1268 2874 1303 2930 Ni·

78 2953 160 3011 1v,27
180 2937 291 3015 τὰὮρα
309 2952 380 3010 sunt,
399 2944 499 3009 eadem,
518 2955 549 2997 ut
566 2943 680 3011 videtur,
714 2943 809 2996 mirum
831 2946 869 2997 cel
891 2946 978 3014 operis
1002 2946 1159 3017 explicandi
1182 2964 1254 3002 causa
1271 2944 1304 2998 ed·

77 3016 148 3068 urbs.
184 3013 240 3067 Sed
266 3012 371 3065 videtur
396 3018 507 3064 tanturn.
548 3012 680 3067 Diodorus
714 3013 810 3066 iectum
835 3012 891 3066 loco
916 3030 974 3065 non
1001 3032 1060 3068 suo.
1101 3017 1194 3070 Etiam
1216 3017 1301 3070 Vosal

78 3082 143 3136 nihil
168 3083 202 3135 de
227 3083 277 3135 hac
302 3080 345 3134 vel
370 3080 459 3133 similis
481 3081 592 3135 nominis
614 3083 680 3135 urbe
714 3099 773 3134 cum
791 3081 897 3134 exhibet
913 3091 942 3135 ut
960 3086 1051 3151 operis
1069 3084 1139 3138 nihil
1156 3086 1226 3139 aliud
1240 3079 1304 3137 voluit

76 3153 166 3206 habet.
682 3184 685 3190 -
714 3167 792 3220 quam
809 3153 847 3203 cel
864 3152 957 3219 operis.
982 3150 1086 3222 Neque
1100 3153 1168 3207 illud
1176 3154 1243 3225 qnod
1256 3167 1303 3222 pro

113 3228 134 3287 ς.
159 3227 183 3273 2.
218 3228 322 3288 petrum
348 3220 453 3270 Aornin
482 3221 595 3286 nomiae]
636 3218 681 3273 Sic
714 3218 840 3271 mittebat
856 3235 936 3272 senex
954 3237 1024 3290 opus
1044 3231 1115 3288 erat,
1138 3223 1218 3276 immo
1233 3240 1248 3276 o
1264 3234 1303 3272 era

78 3286 680 3410 sarissaartmannus
714 3290 811 3410 sest
828 3239 1303 3414 .na.:a.aato

78 3424 162 3480 voluit
177 3396 434 3493 secundumetymorl
450 3431 478 3475 et
494 3423 604 3477 aliorum
617 3424 680 3478 scri-
715 3425 753 3478 sic
770 3424 874 3496 quidem
890 3394 987 3477 riomen
1002 3398 1140 3482 Giaecum
1152 3380 1247 3483 eduino
1264 3424 1302 3478 Is·

97 3501 185 3547 torum
203 3490 365 3545 Graecorum
387 3491 513 3562 exempla.
549 3493 619 3546 Nam
642 3494 681 3546 sic
715 3501 756 3546 tet
774 3493 852 3547 aliud.

79 3513 178 3631 legitur
195 3562 264 3630 apud
277 3560 433 3630 Dionysium
442 3560 546 3630 Perieg.
558 3569 633 3628 1151,
652 3571 681 3615 et
750 3564 861 3616 circuitu
878 3562 924 3632 qui
939 3562 1077 3630 fallerent
1096 3567 1204 3638 bostar]
1235 3559 1302 3618 Fida

80 3631 150 3701 apud
178 3629 288 3682 Diodor.
312 3646 370 3700 cap.
389 3636 421 3682 85
444 3636 472 3682 et
494 3636 525 3683 96
554 3629 681 3684 inbonis
715 3639 757 3684 est
774 3648 823 3700 quo
841 3630 982 3700 corrigere,
1002 3630 1302 3704 sedpossuntisnvabr

80 3697 221 3754 codicibus.
245 3697 347 3762 Quibus
361 3713 454 3768 parere
464 3697 595 3752 debuisset
603 3700 681 3752 Wes·
715 3697 847 3770 coniungi,
868 3700 962 3768 utqui
980 3718 1031 3769 pro
1049 3713 1080 3756 ut
1098 3702 1211 3758 dicatur.
1241 3700 1301 3757 Cett-

79 3767 220 3837 selingius,
247 3766 269 3821 si
290 3774 394 3820 textum
413 3765 497 3819 Curtii
524 3768 557 3819 ad
578 3768 681 3822 codices
714 3786 773 3822 rum
795 3785 811 3821 e
833 3765 960 3822 Curtiana
982 3772 1143 3826 narratione
1164 3791 1217 3827 nou
1234 3774 1301 3842 psat

78 3847 161 3891 mstcs
179 3843 303 3888 exactum
320 3834 461 3889 habuisset.
498 3833 538 3887 cf.
577 3854 626 3889 uae
648 3838 682 3890 ad
716 3837 780 3907 quid
797 3836 824 3890 hi
841 3835 934 3890 leviter
951 3839 1051 3892 armati
1068 3840 1191 3910 egerint3
1208 3838 1301 3913 quodni

78 3911 178 3976 cap85
196 3904 342 3957 annotavit.
377 3904 437 3956 Hoc
454 3910 544 3957 auteur
558 3853 618 3960 lloco
636 3923 681 3960 co·
715 3904 878 3975 intelligatur
886 3904 1002 3959 Arriano
1018 3908 1168 3981 dueeopus
1182 3920 1228 3975 est,
1243 3919 1301 3988 quan

78 3974 152 4027 dices
174 3975 263 4038 corni,
286 3974 363 4026 corui
380 3974 423 4038 iu,
447 3975 547 4039 corint,
570 3976 680 4041 comnia,
716 3974 897 4028 Schmiederus
923 3981 998 4026 recte
1026 3977 1162 4033 adhibuit
1195 3977 1301 4032 Ninum

79 4043 177 4108 carmi,
196 4043 319 4105 acrinim,
346 4043 445 4106 ocrim,
463 4039 591 4095 editiones
609 4043 681 4113 prin·
716 4061 797 4096 unum
828 4051 918 4113 petrae
943 4059 1073 4099 cacumen
1101 4049 1138 4101 ab
1163 4048 1241 4102 altero
1261 4041 1301 4097 1111

79 4110 149 4181 cipes
167 4111 291 4176 dorium,
314 4126 382 4179 quae
399 4108 512 4162 ludibria
529 4128 582 4180 quo
599 4110 681 4182 perti·
716 4111 842 4181 voragine
865 4111 1016 4165 seiunctum
1042 4115 1183 4185 praemissi
1206 4112 1241 4170 illi
1258 4124 1301 4165 arn

78 4186 160 4232 neant
176 4178 307 4232 neminem
325 4185 414 4248 potest
427 4177 528 4246 fugere.
717 4181 783 4234 duce
800 4180 867 4235 Indo
884 4188 1027 4250 ceperunt3
1052 4200 1087 4239 eo
1110 4193 1190 4256 capto
1211 4183 1255 4238 ian
1270 4192 1300 4232 rer

114 4249 171 4314 §.t
198 4248 223 4303 si
234 4249 350 4315 pretium
367 4247 472 4317 operae]
503 4247 599 4300 Adhuc
616 4246 682 4301 editi
716 4249 744 4302 in
761 4266 794 4303 eo
810 4246 980 4316 versabatur,
1008 4258 1041 4304 ut
1063 4254 1217 4325 voraginem
1231 4245 1300 4320 apl*

79 4315 161 4382 operi,
181 4316 253 4395 quod
270 4315 368 4385 legitur
384 4313 602 4381 inFlor.DFGI,
622 4332 682 4369 cum
716 4326 777 4371 rent
794 4325 821 4372 et
839 4318 872 4371 ad
890 4317 1005 4370 alterum
1023 4329 1123 4391 petrae
1137 4311 1300 4378 Mumeneri-

53 4392 57 4398 ‘
80 4382 166 4449 operis
192 4402 220 4436 11
246 4401 299 4436 uno
316 4383 386 4437 Flor.
405 4383 428 4435 Β
447 4382 491 4450 sit,
518 4390 547 4436 et
566 4386 682 4453 pretium
716 4395 838 4440 terentur
853 4386 1026 4442 Macedones.
