2926 5174
198 270 273 353 '182
675 299 711 362 o.
747 248 876 350 cunrn'
903 294 990 348 surr

138 485 193 556 12·
290 480 481 563 Uxiorum.
499 480 582 555 dein
613 492 759 580 gentem
791 481 978 554 subactam
1005 476 1242 553 Susianorum
1269 489 1423 578 satrapae
1438 500 1455 547 11

186 593 396 668 contribuit:
423 590 617 689 divisisque
643 618 726 665 cum
751 591 987 666 Parmenione
1014 590 1139 689 copiis,
1166 592 1271 664 illum
1298 615 1424 689 campe·

187 705 253 778 stri
277 704 405 778 itinere
430 703 625 802 procedere
650 704 766 794 iubet3
802 705 879 803 ipse
910 729 992 776 cum
1018 700 1188 799 expedito
1216 703 1360 801 agmine
1381 703 1424 775 iu·

186 842 274 917 gum
299 816 475 888 montium
510 815 621 912 cepit,
657 840 810 912 quorum
839 824 1052 913 perpetuum
1079 813 1231 886 dorsum
1256 815 1295 887 in
1321 812 1424 888 Persi·

188 927 272 1001 dem
298 926 465 1000 excurrit.
519 922 627 998 Omni
653 927 722 998 hac
747 926 893 1023 regione
919 933 1072 1015 vastata,
1098 925 1207 998 tertio
1236 925 1296 999 die
1322 924 1423 999 Persi·
1438 946 1455 991 11

187 1037 295 1131 dem,
327 1037 452 1134 quinto
490 1037 691 1134 angustiae,
736 1026 825 1133 quas
866 1036 916 1108 illi
958 1031 1104 1108 Susidas
1142 1037 1250 1135 pylas
1293 1047 1423 1128 vocant,

186 1151 306 1222 intrat.
359 1148 622 1222 Ariobarzanes
657 1149 723 1220 has
759 1173 840 1219 curn
866 1170 947 1219 xxv
972 1147 1114 1220 milibus
1140 1146 1309 1246 peditum
1335 1173 1423 1220 occu·

185 1270 338 1360 paverat
363 1285 486 1357 rupes,
521 1259 679 1332 abscisas
715 1267 752 1331 et
777 1258 934 1355 undique
960 1267 1192 1356 praeruptas,
1220 1259 1259 1330 in
1286 1283 1422 1354 quarum

186 1372 428 1445 cacuminibus
456 1379 561 1442 extra
586 1370 648 1442 teli
673 1371 807 1442 iactum
833 1370 977 1442 barbari
1003 1368 1160 1459 stabant,
1187 1367 1234 1441 de
1260 1368 1421 1442 industria

187 1485 297 1582 quieti
323 1493 360 1555 et
385 1481 602 1580 paventibus
629 1481 770 1571 similae,
797 1478 913 1553 donec
937 1480 975 1551 in
1001 1479 1198 1552 artissimas
1227 1481 1350 1554 fauces
1373 1505 1418 1579 pe·

186 1603 347 1666 netraret
378 1617 517 1691 agmen.
571 1589 678 1681 Quod
710 1592 771 1664 ubi
797 1601 1006 1688 contemptu
1038 1591 1094 1663 sui
1118 1615 1274 1689 pergere
1300 1591 1415 1681 vident,
1427 1608 1445 1656 11

186 1714 265 1778 tum
297 1729 385 1777 vero
419 1704 574 1802 ingentis
605 1701 861 1800 magnitudinis
897 1728 987 1776 saxa
1020 1727 1085 1799 per
1116 1703 1299 1775 montium
1323 1727 1416 1802 prona

187 1815 396 1906 devolvunt,
410 1841 503 1912 quae
518 1815 671 1888 incussa
697 1814 839 1911 saepius
867 1813 1132 1886 subiacentibus
1159 1815 1276 1912 petris
1303 1815 1414 1886 maiore

187 1929 224 1999 vi
250 1926 466 2019 incidebant,
492 1953 559 2000 nee
586 1927 745 2025 singulos
772 1925 900 2018 modo,
928 1924 992 1998 sed
1019 1925 1162 2024 agmina
1187 1927 1411 2023 proterebant

185 2038 320 2112 Fundis
354 2063 496 2135 quoque
528 2039 671 2111 excussi
701 2037 838 2136 lapides
866 2048 904 2111 11
929 2038 1082 2135 sagittae
1113 2035 1277 2134 undique
1303 2040 1437 2136 ingeret

186 2151 328 2222 bantur.
380 2148 455 2222 Nec
489 2148 527 2221 id
552 2149 789 2221 miserrimum
824 2149 976 2221 fortibus
1002 2147 1087 2221 viris
1114 2157 1210 2238 erat,
1249 2148 1315 2222 sed
1341 2144 1411 2246 quod

189 2260 292 2332 inulti
328 2259 472 2358 quidem
503 2261 660 2332 ferarum
690 2262 763 2332 ritu
794 2262 896 2334 velut
921 2261 957 2332 in
984 2260 1089 2333 fovea
1116 2259 1335 2357 deprehensi
1357 2282 1410 2332 cae

188 2371 367 2445 derantur.
420 2370 478 2444 Ira
503 2372 612 2468 igitur
637 2372 675 2443 in
701 2372 837 2444 rabiem
863 2396 978 2460 versa,
1006 2372 1199 2444 eminentia
1227 2397 1319 2444 saxa
1344 2376 1440 2444 con-ll

224 2622 289 2694 Cap.
309 2630 356 2691 12,
382 2627 404 2692 §.
424 2629 464 2677 16.
505 2622 632 2676 Uxiorum
651 2624 711 2676 dein
728 2641 791 2692 yea—
826 2631 855 2676 11
872 2626 948 2677 Voss.
968 2630 991 2676 1.
1028 2622 1169 2692 utsupra
1187 2623 1223 2676 ad
1242 2639 1288 2691 111,
1309 2631 1347 2678 20.
1376 2619 1409 2674 Oc·

188 2694 248 2763 tem]
284 2694 355 2746 Dein
377 2711 427 2763 pro
453 2690 524 2759 vulg.
552 2693 644 2744 deinde
670 2691 732 2744 dedi
758 2709 792 2744 ex
826 2700 915 2745 terum
937 2702 960 2745 11
986 2693 1062 2744 deest
1087 2690 1116 2743 in
1139 2691 1223 2744 Bern.
1248 2693 1276 2745 A
1299 2693 1363 2746 Flar.
1376 2683 1409 2742 BG

187 2761 269 2815 Bere.
287 2766 312 2812 A
330 2754 402 2815 Flor.
420 2760 472 2814 AG
489 2758 563 2812 Leid.
582 2764 658 2813 Voss.
679 2767 708 2826 1,
734 2768 792 2813 tum
826 2760 917 2828 Leid.;
936 2760 964 2814 in
981 2759 1052 2814 Flor.
1066 2760 1092 2811 A
1110 2757 1280 2815 etiam’ordo
1298 2761 1409 2815 vernoun

189 2830 363 2884 Susianorum
381 2841 516 2899 satrapae,
534 2829 605 2899 quod
618 2828 682 2882 olim
697 2829 792 2882 edeba-
827 2837 946 2882 mutatur
963 2829 1017 2882 sic:
1040 2830 1160 2882 abscisas
1178 2847 1261 2910 rupes
1280 2832 1387 2898 undique.

187 2907 233 2952 tur
258 2898 369 2966 rectius,
396 2898 416 2951 si
444 2897 547 2951 codices
574 2899 719 2969 sequendos
744 2897 793 2951 tibi
863 2903 887 2963 §.
907 2905 947 2951 18.
982 2900 1090 2951 1111111111
1108 2929 1142 2937 -
1161 2899 1324 2966 incedebant]
1355 2894 1409 2949 1111·

187 2976 278 3038 putes,
307 2985 386 3037 quam
409 2968 481 3037 quod
505 2966 595 3019 Iunius
613 2965 713 3036 primus
731 2965 793 3020 seri·
828 2967 891 3020 dese
914 2966 994 3019 Bern.
1021 2968 1047 3018 A
1072 2964 1147 3018 Leid.
1165 2966 1246 3020 Voss.
1267 2977 1279 3021 1
1307 2970 1408 3024 incussae,

187 3035 242 3106 psit
251 3044 279 3089 11
294 3035 453 3090 recentiores
467 3033 635 3088 retinuerunt
648 3037 792 3103 satrapiae.
826 3035 892 3088 item
914 3035 1038 3087 mendose
1062 3051 1151 3087 omnes
1177 3035 1266 3088 nostri
1285 3053 1343 3088 cum
1356 3028 1408 3085 laid
1453 3040 1455 3081 !

222 3108 245 3173 ξ.
266 3113 306 3157 17.
343 3105 456 3158 Susidas
469 3105 562 3174 pylas]
591 3103 700 3157 Diodor.
719 3117 792 3169 xvn,
827 3104 936 3158 Vossl
966 3104 1133 3169 incedebam,
1158 3102 1226 3156 Flor
1242 3105 1293 3157 EF
1310 3100 1408 3157 11111111

188 3177 221 3226 68
240 3169 402 3227 Σουσιάὸας
420 3178 537 3243 πέτρας,
567 3171 671 3225 Arrian.
690 3187 740 3235 111,
762 3178 793 3224 18
828 3174 1114 3242 cendebou1,necputo
1131 3190 1216 3224 unum
1235 3173 1337 3227 Vossd
1354 3180 1409 3240 quem
1452 3182 1455 3193 ·

188 3239 277 3296 adias
296 3237 435 3313 Περσίδας
453 3248 539 3293 vocat.
557 3239 674 3294 Possunt
692 3238 794 3293 Graece
828 3240 888 3293 silet
906 3240 987 3293 Snak.
1006 3257 1111 3293 servare
1135 3241 1208 3310 qnod
1225 3257 1319 3294 verum
1336 3238 1409 3311 estid·¹
1452 3236 1455 3317 ξ

187 3308 269 3361 etiam
301 3305 438 3363 Σουσιδες
470 3325 534 3361 esse.
577 3309 693 3376 Earum,
727 3326 794 3379 quae
829 3310 955 3362 ridebam.
1000 3309 1075 3362 Haec
1098 3317 1139 3362 est
1165 3309 1238 3363 enim
1261 3310 1343 3363 Hadr.
1361 3300 1409 3360 111111

187 3376 266 3429 hodie
283 3375 379 3428 Kotuli
396 3376 489 3429 Socrib
506 3385 647 3444 vocantur,
666 3378 746 3431 situm
764 3395 794 3430 aa
828 3377 986 3433 emendatio.
1451 3326 1455 3421 1

187 3450 312 3496 naturam
328 3444 433 3513 Anglus
456 3463 509 3498 non
535 3445 656 3499 indoctus
679 3446 793 3500 Kinncir
862 3450 885 3514 §-
912 3453 952 3499 19.
996 3448 1111 3515 undique
1146 3447 1345 3518 ingerebantur]
1379 3439 1409 3495 Sil
1452 3428 1455 3469 ¹

187 3512 217 3564 in
234 3511 409 3581 explicatione
428 3513 536 3566 chartae
558 3514 751 3585 geographicae
768 3533 792 3567 a.
827 3514 911 3568 nostri
938 3514 1015 3568 codd.
1038 3532 1128 3567 omnes
1152 3526 1180 3567 11
1208 3515 1284 3570 Leid.
1309 3517 1374 3570 voa
1394 3515 1409 3561 l·

190 3586 255 3634 1813
276 3580 362 3634 editae
400 3588 456 3635 ,73
476 3581 515 3634 ita
532 3582 670 3650 describit,
695 3583 791 3636 111111-
826 3583 915 3652 Vulgo
933 3585 1015 3663 inpar.
1033 3585 1155 3652 undique.
1184 3583 1272 3638 Paulo
1290 3593 1348 3656 post
1362 3575 1410 3651 11111

190 3649 253 3719 quid
277 3650 311 3702 ad
335 3667 386 3720 exp
400 3649 538 3703 'cationem
554 3651 639 3704 nostri
657 3651 791 3722 scriptoris
825 3651 939 3705 iteratur
956 3671 984 3704 m
1002 3651 1136 3705 codicibus
1154 3660 1183 3706 et
1201 3653 1301 3707 nostris
1315 3662 1341 3707 11
1349 3645 1408 3705 sna

189 3717 322 3786 conferat,
348 3727 513 3790 quapropter
537 3719 598 3772 vide
615 3737 683 3790 quae
701 3737 791 3773 excer-
827 3720 948 3800 optimis:
966 3724 1015 3773 sed
1031 3724 1101 3789 quod
1117 3722 1197 3773 inulti
1215 3725 1295 3790 quod,
1312 3717 1409 3775 mendae

187 3786 288 3857 psimus
306 3805 352 3841 nos
370 3787 397 3840 in
413 3787 634 3841 commentatione
643 3789 677 3841 ad
687 3806 792 3859 compa·
827 3806 883 3842 sma
901 3788 990 3854 dubio,
1009 3789 1056 3841 sed
1073 3788 1141 3841 viam
1160 3799 1296 3845 monstrat
1312 3784 1408 3843 1111111111

187 3855 318 3909 rationem
335 3857 461 3927 antiquae
479 3865 508 3910 et
524 3855 667 3910 hodiernae
681 3873 793 3927 geogra-
827 3865 871 3910 tac
888 3856 1017 3922 lectionis,
1036 3873 1104 3928 quae
1121 3865 1163 3910 est
1180 3856 1210 3910 in
1228 3857 1302 3912 Flor.
1319 3845 1408 3911 DEFGI

185 3924 267 4045 &piae
289 3925 456 3995 pertinente,
500 3942 550 3978 uae
575 3925 675 3978 inserta
700 3933 741 3978 est
765 3925 793 3978 in
827 3927 905 3979 inulti
931 3927 1041 3995 quidem.
1082 3926 1184 3978 Eadem
1220 3925 1249 3980 in
1277 3922 1408 3998 eduoubp

226 3992 341 4047 itschrift
358 3995 402 4048 fur
420 3993 462 4046 die
507 4002 585 4059 unst,
603 3993 793 4047 Wissenschalt
827 3994 943 4064 antiquis
970 4002 1011 4047 est
1028 3993 1148 4047 Merulae
1171 4001 1201 4048 et
1224 3995 1289 4049 Aldi
1311 4003 1337 4049 11
1351 3992 1406 4050 lumb

186 4063 242 4113 und
266 4061 424 4116 Geschichte
451 4062 497 4116 des
526 4062 638 4132 Kn'cgs,
667 4062 728 4117 Vol.
751 4078 792 4130 1v,
828 4064 911 4117 donee
919 4061 1027 4117 Medius
1035 4061 1157 4132 imperite
1166 4065 1280 4117 verbum
1297 4055 1406 4135 expunxit

188 4129 252 4183 fasc.
270 4137 286 4183 4
304 4131 394 4185 Berol.
415 4137 490 4184 1825.
826 4131 897 4185 Nam
915 4149 946 4185 ea
964 4131 1037 4202 quasi
1056 4139 1181 4184 accentus
1201 4132 1310 4203 quidam
1327 4126 1406 4185 additur

223 4199 342 4252 abscisas
360 4210 384 4252 11
402 4201 516 4279 undique
529 4202 702 4271 praeruptas]
735 4199 793 4253 No·
827 4200 963 4271 mentique
980 4217 1012 4254 ea
1028 4217 1070 4252 res
1088 4199 1216 4270 affigitur.
1253 4200 1298 4256 sic
1316 4192 1404 4262 vm,ll

188 4265 237 4317 stri
256 4268 332 4320 codd.
351 4284 442 4320 omnes
461 4276 529 4322 sreut
555 4269 682 4321 edidimus
707 4270 793 4321 absci-
828 4280 904 4339 quota
925 4287 994 4338 pars
1017 4269 1194 4323 Macedonum
1222 4271 1343 4324 saeuitiae
1363 4271 1403 4317 lwl

188 4351 243 4399 sas,
263 4342 371 4403 praeter
383 4335 436 4389 GH
454 4336 534 4389 Bern.
544 4338 577 4404 B,
597 4355 706 4407 quorum
724 4355 793 4389 vans
827 4341 962 4408 superest?
980 4347 1070 4407 quotus
1088 4338 1193 4406 quidem
1210 4356 1264 4392 nou
1280 4331 1402 4392 evils-rial

189 4401 331 4456 auctoritas
349 4405 454 4458 abunde
472 4413 657 4476 compensatur
669 4405 793 4460 Leidensi
827 4408 979 4477 sanquine?
