2926 5174
424 294 473 342 na
500 293 626 345 ansms
652 295 761 346 anax.
789 295 839 364 1v,
865 293 897 340 s1
1216 276 1289 348 105

93 501 193 549 isum
227 475 397 572 petitur,
424 476 568 574 navigio
594 489 721 551 aurato
747 487 892 575 gestant
918 476 1141 568 sacerdotes,
1167 479 1289 553 multis

94 588 199 660 nteis
248 587 393 684 pateris
433 587 479 659 ab
520 598 673 684 utroque
704 589 837 686 navigii
878 589 989 662 latere
1030 587 1289 686 pendentibus:

93 709 226 771 iuntur
273 708 466 771 matronae
501 700 747 796 virginesque,
782 699 899 797 patrio
932 725 1031 773 more
1067 699 1289 773 inconditmn

93 808 204 882 ldam
246 834 402 882 carmen
436 822 622 902 canentes,
657 837 728 908 quo
763 809 949 907 propitiari
975 809 1100 883 Iovem
1126 811 1288 902 credunt,

93 930 232 995 {ertum
264 918 360 993 edat
385 921 578 994 oraculum.

115 1031 175 1105 Aa
222 1040 318 1103 tum
358 1032 499 1128 quidem
536 1055 658 1129 regem
697 1031 846 1128 propius
880 1028 1073 1104 adeuntem
1110 1032 1339 1105 maximns32

93 1168 105 1216 ι
129 1168 150 1216 e
179 1140 449 1216 sacerdotibus
480 1143 594 1214 filium
619 1141 797 1239 appellat,
833 1141 903 1214 hoc
928 1168 1060 1216 nomen
1087 1143 1136 1214 illi
1162 1169 1288 1240 paren·

93 1253 249 1329 ‚lovem
280 1253 439 1328 reddere
465 1253 657 1324 affirmans.
705 1250 771 1326 Ille
798 1278 836 1324 se
863 1277 952 1325 vero
979 1263 1016 1326 et
1041 1254 1202 1352 accipere
1228 1256 1288 1345 ait,

98 1389 325 1464 agnoscere,
363 1365 538 1437 humanae
576 1363 682 1435 sortis
719 1364 862 1436 oblitus.
926 1360 1115 1437 Consuluit
1147 1363 1288 1456 deinde,

101 1477 202 1551 totius
234 1475 350 1548 orbis
376 1475 562 1573 imperium
588 1473 670 1546 fatis
698 1473 766 1546 sibi
792 1473 991 1548 destinaret
1009 1474 1135 1572 pater?
1161 1475 1287 1573 Aeque

92 1587 348 1661 adulationem
375 1585 603 1684 compositus,
616 1594 794 1657 terrarum
821 1587 982 1658 omnium
1007 1598 1185 1660 rectorem
1209 1590 1287 1662 fore

92 1699 184 1774 adit.
245 1697 352 1770 Post
384 1699 471 1770 haec
504 1695 635 1769 institit
669 1720 857 1791 quaerere,
893 1721 940 1768 an
976 1723 1100 1772 omnes
1127 1700 1287 1796 parentis

99 1812 369 1885 interfectores
394 1832 528 1906 poenas
555 1805 750 1880 dedissent.
795 1804 971 1880 Sacerdos
998 1821 1184 1906 parentem
1211 1811 1287 1883 eius

92 1934 124 1996 at
154 1923 275 1996 ullius
326 1921 457 1993 scelere
491 1942 597 2017 posse
632 1917 776 2008 violari,
812 1916 967 2015 Philippi
1007 1929 1128 1991 autem
1160 1945 1285 1992 omnes

92 2059 122 2106 se
148 2030 363 2130 supplicia:
396 2028 534 2118 adiecit,
559 2027 734 2100 invictum
758 2029 852 2118 fore,
879 2025 994 2102 donec
1021 2029 1213 2104 excederet
1230 2031 1285 2103 ‘sd

91 2169 112 2217 s.
165 2142 372 2218 Sacrificio
398 2139 525 2213 deinde
552 2141 664 2228 sacto,
692 2136 788 2211 dona
815 2148 852 2210 et
878 2139 1125 2215 sacerdotibus
1152 2153 1189 2215 et
1215 2142 1284 2217 deo

91 2282 103 2341 a
125 2266 228 2346 sunt,
260 2251 554 2351 permissumque
581 2249 767 2339 nunciant
792 2249 861 2346 ipsi
888 2275 1030 2348 quoque
1057 2254 1285 2328 consulerent

91 2392 144 2440 nn.
200 2365 319 2439 Nihil
353 2363 502 2459 amplius
538 2361 783 2458 quaesierunt,
816 2386 924 2457 quam
958 2386 1004 2433 an
1037 2375 1163 2437 auctor
1189 2376 1287 2440 esset

91 2654 111 2707 p.
132 2643 178 2701 32,
205 2639 233 2704 ξ.
259 2638 308 2686 25.
337 2632 377 2682 Ac
395 2633 458 2702 tum]
496 2630 539 2684 Sic
562 2630 641 2700 longe
676 2628 794 2684 codicum
812 2629 864 2683 fide
882 2629 1042 2701 posthabita,
1061 2633 1227 2703 saquesacta
1240 2643 1283 2690 est

91 2722 209 2784 nquam
231 2701 319 2774 quod
338 2699 418 2768 vulgo
436 2699 524 2752 editur
541 2709 568 2752 at
588 2708 640 2778 tqm
674 2698 791 2769 vulgata.
882 2767 907 2778 ..
948 2768 954 2778 .
1232 2772 1237 2784 Ι

91 2766 640 2905 *massmannus
673 2765 1183 2971 ,pqpnqpnjqps
1198 2773 1281 2968 gq-

91 2926 134 2964 me.
711 2921 747 2956 ns
783 2920 863 2955 eam
951 2921 1010 2956 rano
1045 2922 1060 2956 a
1098 2924 1279 2959 rurznere-

92 3005 639 3154 uczrsnnnsnsn
673 2970 1278 3160 {casiqu'gssnsffsqreqn

90 3147 164 3227 l*omi
179 3149 264 3202 wdd·
292 3151 448 3215 Praemnl’
472 3152 502 3197 ut
520 3145 636 3196 dumam
672 3109 842 3241 ldlldiilenim?
856 3109 1278 3245 lntdrddgadldiidtdexglompddddte

90 3214 284 3339 ffidsnzffiat’
296 3211 637 3350 ΕἩΙ-Ῑΐωὲξὸῗηέἶῂρῗξ
672 3243 756 3315 patris
774 3243 826 3297 mei
844 3241 1025 3324 interfectores
1042 3218 1140 3326 poenas
1153 3247 1276 3329 luerunt?

90 3361 172 3407 tace.
197 3364 225 3407 et
239 3325 422 3419 'co‘qnosm
465 3349 525 3402 Hoc
543 3366 637 3417 cmo·
672 3322 701 3394 et
719 3314 852 3394 sacerdos:
870 3312 925 3366 noh
942 3321 1026 3382 patris
1044 3314 1140 3394 dicere,
1158 3317 1204 3369 sed
1213 3317 1277 3371 Phr·

672 3382 689 3435 lr
709 3401 738 3452 pr
759 3397 849 3435 omnes
871 3382 986 3434 luerunt.
1022 3381 1111 3436 Sentis
1134 3403 1201 3456 quaa
1218 3387 1277 3457 plu-

90 3460 96 3487 r
116 3423 188 3492 ‘1¹¹0d
213 3428 266 3474 θεῖ
291 3417 324 3471 5¹¹
342 3416 413 3470 ΠΟΥ·
430 3417 483 3470 ΕΗ
503 3417 585 3470 Rem·
602 3416 637 3483 B‘
671 3469 695 3503 ri
714 3469 744 3504 us
762 3449 848 3503 verbis
866 3451 894 3503 in
911 3451 998 3504 medio
1006 3449 1145 3507 interiecta
1153 3455 1278 3525 legantur

90 3498 123 3545 nt
142 3491 259 3570 Aldus,
294 3485 415 3539 Ordffleffl
441 3486 582 3565 mimum
608 3495 636 3564 ‘it
672 3520 706 3571 ad
724 3520 792 3572 hanc
809 3536 937 3572 summam
954 3520 1093 3574 referenda
1110 3538 1180 3577 esse:
1199 3544 1276 3592 „non

624 3584 635 3596 “
669 3587 726 3640 veri
752 3586 836 3658 pat-ris
866 3587 934 3641 tui.“
978 3587 1011 3640 In
1039 3589 1110 3644 Flor.
1139 3593 1163 3646 Β
1195 3593 1276 3647 etiam

670 3674 757 3709 omnes
775 3657 859 3722 deest,
878 3665 907 3710 et
960 3665 1013 3710 sset
1031 3660 1130 3713 abesse.
1149 3661 1276 3716 Cetemm

89 3734 123 3782 lt.
160 3743 257 3796 neque
287 3725 319 3776 in
347 3724 446 3775 adulat.
465 3724 633 3794 compositus]
669 3725 703 3777 de
711 3724 829 3794 Philippi
841 3725 912 3778 inter
924 3725 1056 3780 ectoribus
1064 3731 1183 3783 nondum
1192 3730 1277 3783 omni·

91 3796 187 3867 tellige
224 3811 265 3846 ex
304 3791 464 3860 praegressis
490 3792 634 3845 sacerdotis
668 3794 718 3847 bus
736 3793 835 3864 punitis
851 3794 912 3847 vide
929 3810 969 3859 w,
988 3801 1031 3861 43,
1049 3803 1092 3850 26.

89 3883 115 3932 n,
132 3875 168 3918 ut
188 3878 285 3931 neque
304 3859 340 3911 ad
358 3858 428 3928 prius
445 3859 510 3912 illud
525 3877 635 3930 respon·
704 3865 727 3930 ς.
746 3868 788 3916 28.
824 3865 991 3930 quaesierunt
1012 3881 1062 3943 pro
1080 3865 1151 3934 vulg.
1170 3868 1275 3933 quaesi-

89 3933 250 4003 pertineat,
288 3945 345 3996 quo
379 3927 441 3980 item
471 3928 634 3982 adulatorem
668 3941 760 3984 verunt
777 3929 857 3997 edidi,
876 3931 939 4001 quia
955 3930 992 3984 sic
1005 3931 1133 3985 librorum
1146 3933 1211 3986 fides
1225 3951 1274 4002 po·

89 3998 250 4055 tetenderit.
292 3995 379 4050 codd.
401 3996 519 4067 plerique
542 4014 634 4050 vocem
668 3998 777 4052 stulavit
813 4001 968 4066 (Quaesiere
985 3999 1056 4052 Flor.
1076 3999 1136 4066 CH,
1155 4004 1275 4069 quaesie-

94 4069 295 4130 huotrahunt,
310 4063 521 4132 interpunctione
533 4064 633 4118 maiore
668 4070 703 4120 rit
720 4068 743 4120 F
744 4068 792 4121 lor.
809 4069 855 4135 Β.)
890 4067 973 4121 Elisio
991 4067 1082 4119 literae
1100 4087 1115 4120 v
1133 4068 1160 4121 in
1177 4078 1276 4137 quarta

89 4140 244 4192 destinaret
268 4134 361 4196 faeta,
388 4139 466 4202 atque
483 4134 519 4189 sic
537 4133 633 4187 editio·
668 4135 855 4205 coniugatione
881 4155 940 4190 curn
963 4143 1091 4204 sequente
1109 4155 1122 4189 s
1140 4154 1194 4191 non
1212 4156 1273 4208 pro-

89 4214 204 4270 seteres,
247 4199 323 4253 male
353 4198 494 4268 impietatis
525 4213 632 4272 turpem
667 4204 755 4271 batur,
774 4223 798 4256 v.
814 4222 836 4258 o.
851 4204 998 4268 audiissem,
1017 4221 1070 4256 non
1088 4205 1214 4260 abhorret
1231 4215 1273 4259 ta-

89 4291 120 4327 nn
142 4274 173 4327 in
201 4269 367 4339 scriptorem
389 4269 564 4326 coniicientcs.
599 4271 632 4323 ln
666 4290 727 4326 men
745 4274 778 4325 ab
797 4291 846 4325 usn
863 4272 1023 4343 optimorum
1040 4269 1085 4323 ubi
1103 4290 1132 4324 er
1145 4273 1272 4343 sequitur.

89 4341 256 4412 naprimum
272 4345 346 4388 vates
360 4334 473 4404 additur,
492 4343 539 4393 sed
554 4338 647 4391 omit·
666 4340 731 4394 Dixi
753 4358 784 4393 ea
807 4342 840 4393 de
862 4358 891 4394 re
909 4340 937 4393 in
954 4357 1064 4407 gramm.
1086 4339 1148 4395 Lat.
1172 4344 1194 4409 ξ.
1215 4349 1274 4396 160.

89 4421 187 4479 pota,-
206 4402 325 4460 Modius
338 4414 480 4477 utrumque
493 4407 632 4464 coniunxit
667 4409 708 4465 Cf.
726 4425 771 4476 111,
791 4417 833 4475 21,
854 4417 885 4464 19
904 4410 1054 4477 expetierat.
