2984 5176
523 312 573 363 on
600 311 726 364 cusrrs
752 309 862 361 Anax.
888 310 924 380 v,
951 308 994 356 ar.
1302 291 1374 363 221

128 497 303 596 sequitur.
355 516 398 569 111
423 495 535 570 ferme
560 495 658 568 milia
690 493 893 567 resistentia
919 492 1036 567 occisa
1062 502 1164 584 sunt;
1200 494 1397 591 reliquum,

125 633 260 706 agmen
286 601 466 706 pecudum
491 631 592 681 more
616 605 793 679 intactum
818 605 1009 704 agebatur,
1035 604 1181 678 iubente
1206 629 1307 702 rege,
1334 616 1376 678 ut

99 717 301 793 ›caedibus
334 716 584 792 abstineretur.
643 715 758 790 Nemo
791 719 1015 816 captivorum
1048 725 1141 806 erat,
1182 717 1244 813 qui
1277 742 1376 791 mon·

124 841 244 905 strare
270 826 382 903 Darei
407 826 612 903 vehiculum
637 838 776 926 posset:
803 827 942 926 singuli,
969 836 1011 899 ut
1037 852 1199 923 quaeque
1226 827 1375 926 prende·

120 951 215 1032 rent,
241 940 507 1030 scrutabantur,
533 963 600 1012 nec
626 949 748 1012 tamen
774 940 886 1012 ullum
921 939 1113 1036 vestigium
1139 941 1245 1036 fugae
1272 939 1369 1037 regis

99 1048 293 1143 [extabat.
344 1048 591 1124 Festinantem
625 1048 875 1123 Alexandrum
910 1049 973 1121 vix
999 1049 1069 1122 tria
1094 1049 1190 1121 milia
1217 1049 1376 1145 equitum

123 1171 319 1260 persecuta
345 1171 438 1235 sunt
483 1160 535 1234 At
561 1162 599 1233 in
625 1185 696 1250 eos,
724 1160 784 1257 qui
810 1158 940 1232 lentius
967 1160 1219 1256 sequebantur,
1245 1160 1376 1234 incide·

99 1274 229 1348 ebant
242 1273 415 1346 universa
439 1257 653 1369 fugieirtium
679 1271 830 1369 agmina.
871 1269 947 1343 Vix
973 1269 1139 1344 credibile
1167 1269 1274 1361 dictu,
1299 1270 1376 1368 plu-

129 1369 190 1459 res
215 1384 359 1483 captivi,
386 1409 495 1481 quam
520 1383 582 1480 qui
608 1393 787 1480 caperent,
815 1392 933 1455 erant:
959 1381 1050 1455 adeo
1069 1406 1212 1455 omnem
1230 1406 1376 1457 sensum

132 1494 263 1569 territis
298 1495 446 1568 fortuna
480 1493 623 1593 penitus
659 1503 883 1585 excusserat,
915 1504 957 1567 ut
982 1518 1049 1566 neo
1074 1492 1232 1565 hostium
1258 1493 1375 1591 pauci-

129 1614 261 1697 tatem,
286 1630 355 1680 neo
380 1604 644 1678 multitudinem
672 1629 775 1677 suam
800 1605 887 1679 satis
914 1615 1111 1680 cemorent.

99 1732 112 1782 Β
230 1712 382 1790 Interim
406 1718 577 1808 iumenta,
604 1741 695 1814 quae
708 1714 868 1790 Dareum
894 1717 1085 1807 vehebant,
1099 1718 1198 1788 nullo
1225 1715 1424 1815 regente38

128 1822 360 1903 decesserant
384 1828 528 1902 militari
553 1827 631 1918 via,
659 1838 696 1900 et
723 1851 843 1900 errore
870 1826 990 1900 delata
1015 1854 1081 1926 per
1107 1839 1278 1925 quattuor
1305 1836 1375 1900 sta·

127 1935 202 2029 dia,
234 1936 274 2011 in
301 1938 457 2037 quadam
482 1941 576 2013 valle
604 1939 854 2029 constiterant,
891 1947 993 2011 aestu
1020 1940 1195 2037 simulque
1220 1938 1374 2013 vulneri·

99 2047 194 2123 abus
229 2050 391 2150 fatigata.
443 2048 552 2123 Haud
584 2050 710 2148 procul
741 2059 820 2121 erat
850 2050 946 2139 fons,
979 2048 1027 2122 ad
1060 2075 1167 2147 quem
1200 2058 1374 2124 monstra-

127 2169 205 2233 tum
232 2186 257 2235 a
282 2160 406 2260 peritis
438 2160 667 2260 Polystratus
702 2159 852 2234 Macedo
888 2160 947 2232 siti
978 2174 1178 2235 maceratus
1205 2159 1372 2249 accessit3

127 2294 167 2346 ec
196 2269 287 2345 dum
312 2273 415 2371 galea
440 2272 608 2345 haustam
634 2296 764 2368 aquam
791 2271 922 2362 sorbet,
950 2272 1022 2345 tela
1048 2272 1289 2346 iumentorum
1314 2270 1374 2345 de·

99 2389 114 2439 n
125 2379 326 2457 ficientium
352 2383 561 2482 corporibus
586 2383 698 2455 infixa
725 2383 922 2480 conspexit.
961 2383 1182 2483 Miratusque
1209 2384 1375 2458 confossa

123 2492 249 2589 potius
275 2519 383 2591 quam
410 2494 538 2566 abacta
564 2519 653 2585 esse,
681 2494 892 2568 semivivi*
918 2495 940 2539 *
966 2496 989 2540 *

124 2691 255 2763 Drominis
278 2693 406 2764 gemitum
426 2695 545 2766 percipit.
581 2695 676 2766 ltaque
700 2712 774 2749 more
797 2695 896 2766 ingenii
919 2697 1026 2750 humani
1048 2697 1158 2767 cupidus
1176 2695 1293 2763 visendi,
1313 2693 1377 2765 quid

122 2768 165 2824 'rei
190 2769 316 2824 vehiculo
338 2769 392 2825 isto
416 2774 592 2841 conderetur,
616 2772 723 2827 dimotis
745 2773 871 2842 pellibus,
894 2773 989 2843 quibus
1012 2774 1149 2827 obtectum
1171 2780 1241 2839 erat,
1259 2772 1377 2824 Dareum

123 2845 218 2900 multis
241 2846 397 2901 vulneribus
420 2850 573 2904 confossum
594 2849 722 2920 repperit.
757 2848 859 2920 Regius
882 2849 953 2901 enim
971 2849 1069 2916 cultus,
1091 2856 1119 2901 et
1140 2864 1237 2901 aureae
1256 2855 1376 2912 catenae,

124 2921 188 2993 quis
211 2940 230 2976 a
252 2922 391 2993 parricidis
412 2924 517 2979 vinctus
544 2927 645 2994 fuerat,
673 2925 868 2980 dubitationem
896 2924 1057 2979 eximebant.
1101 2926 1167 2978 Non
1194 2932 1252 2976 erat
1279 2937 1376 2992 expers

124 2998 230 3054 Graeci
253 3000 383 3054 sermonis
401 3001 519 3070 Dareus;
543 3002 696 3074 gratiasque
716 3003 815 3073 agebat
838 3001 903 3070 diis,
927 3000 972 3072 qui
989 3009 1052 3070 post
1069 3008 1145 3053 tanta
1161 3001 1245 3067 mala,
1268 3009 1376 3069 tamque

124 3073 234 3147 gr·avia,
252 3075 307 3129 hoc
323 3083 414 3130 tamen
431 3076 605 3133 indulsissent
622 3079 726 3148 solatii,
746 3096 779 3133 ne
798 3078 906 3132 omnino
925 3077 954 3130 in
972 3077 1115 3130 solitudine
1133 3085 1281 3129 extremum
1299 3073 1377 3146 spiri·

162 3259 190 3321 S.
209 3262 252 3308 20.
288 3266 317 3309 nt
343 3274 459 3330 quaeque
483 3261 661 3327 prenderent,
680 3259 696 3311 i.
715 3276 738 3312 e.
775 3257 943 3323 CBem.A;
962 3274 1084 3327 quemque
1097 3259 1261 3326 prenderent
1279 3255 1378 3309 habent

125 3323 295 3378 Macedones
317 3342 367 3394 pro
390 3342 418 3378 se
436 3326 547 3397 quisque
565 3327 587 3379 si
606 3328 676 3397 quod
693 3345 739 3380 ve·
773 3326 843 3379 Flor.
862 3325 961 3392 BFGI,
978 3343 1099 3396 qnernqee
1113 3328 1273 3395 prenderent
1290 3324 1376 3378 Pal.1

126 3391 250 3446 hiculum
266 3394 439 3462 prenderent,
465 3395 583 3448 studiose
605 3395 739 3466 perquire·
773 3394 845 3449 Flor.
872 3395 913 3462 D,
936 3413 1058 3464 qnernqne
1076 3397 1219 3463 prenderet
1241 3411 1257 3446 a
1299 3412 1320 3446 r.
1343 3410 1379 3446 m.

126 3461 206 3515 bant.
252 3459 308 3514 Sed
344 3461 539 3515 coniunctivum
569 3464 677 3516 modum
712 3465 740 3517 in
773 3463 845 3516 Flor.
862 3463 900 3530 Ε,
924 3481 1045 3533 quemque
1058 3465 1249 3533 pretenderent
1293 3467 1377 3516 esst

127 3527 239 3582 actione
268 3546 347 3609 saepe
382 3531 497 3601 repetita
532 3531 569 3584 sio
603 3531 740 3602 eleganter
773 3531 845 3584 Flor.
864 3532 905 3598 H,
930 3549 1053 3602 quemque
1065 3534 1239 3600 prebenderet
1255 3531 1335 3584 Bern.
1345 3530 1379 3582 B.

127 3596 197 3668 poni
215 3597 295 3650 docui
312 3616 340 3650 1n
358 3616 468 3669 gramm.
487 3603 510 3668 ξ.
529 3606 587 3654 569.
606 3601 740 3653 Prendere
774 3599 865 3653 Editio
882 3600 1035 3671 princAld.
1050 3618 1166 3671 querique
1178 3603 1379 3668 pretenderent,

128 3672 225 3721 autem
246 3664 336 3735 potius
357 3685 435 3737 quam
449 3671 612 3737 pretendere
635 3675 742 3721 avete·
777 3668 835 3720 Iun.
867 3687 982 3739 querique
1004 3672 1217 3737 pretenderunt,
1248 3669 1323 3723 Mod.
1351 3675 1380 3719 et

128 3734 207 3789 ribus
227 3740 257 3786 et
273 3736 474 3804 pronuntiatum
496 3744 524 3788 et
541 3736 668 3806 scriptum
686 3753 742 3790 esse
776 3736 822 3790 vul
841 3753 857 3789 o
875 3754 989 3807 quaeqae
1002 3740 1207 3806 pretenderent.

128 3801 223 3857 idonei
245 3810 310 3856 sunt
331 3811 453 3858 auctores
475 3805 651 3874 grammatici,
677 3822 742 3875 quo·
813 3754 878 3875 (inp.
897 3813 940 3872 38,
960 3810 983 3871 §-
1002 3811 1044 3858 25.
1080 3804 1279 3870 senatrici****]
1303 3802 1379 3854 Adii-

130 3888 195 3924 rum
211 3869 410 3926 observationes
432 3890 511 3926 exoer
530 3881 572 3926 tas
594 3874 655 3926 vide
673 3892 688 3926 a
708 3875 743 3926 ud
777 3872 847 3926 oitur
864 3876 973 3926 hominis
990 3874 1019 3926 in
1036 3874 1070 3926 ali
1092 3882 1139 3926 uot
1157 3872 1229 3925 libris
1242 3870 1379 3924 deterioris

132 3939 219 3994 Conr.
238 3937 429 3993 Schneiderum
451 3941 479 3994 in
496 3893 581 3994 illem.
599 3942 663 4012 ling.
681 3892 742 3996 ilat.
776 3941 902 4009 familiae,
926 3943 1005 3995 Bern.
1023 3941 1047 3994 B
1066 3892 1137 3994 dior.
1157 3939 1259 3994 CEGH
1276 3946 1304 3990 et
1321 3939 1381 3991 edd.

130 4026 159 4080 p.
180 4012 300 4128 187het
322 4007 349 4061 in
366 4010 442 4063 oodd.
460 4028 519 4063 mss.
539 4009 576 4063 sic
592 4011 647 4063 fere
664 4010 744 4064 scribi
778 4010 924 4078 veteribus,
948 4011 995 4063 sed
1016 4009 1044 4062 in
1067 4010 1138 4062 Flor.
1160 4009 1209 4061 AB
1237 4006 1313 4059 unius
1338 4005 1382 4058 vel

131 4074 223 4130 solere
257 4074 300 4128 vii
314 4076 429 4131 editores
446 4078 536 4131 multis
554 4078 617 4132 locis
636 4081 743 4133 demon·
778 4079 888 4131 duarum
913 4097 1008 4132 vocum
1029 4078 1123 4132 relicto
1150 4075 1235 4146 spatio
1261 4074 1382 4144 sequitur

131 4150 270 4212 strarunt,
292 4144 353 4198 vide
376 4146 461 4199 Drak.
483 4147 517 4200 ad
534 4147 580 4201 lib.
598 4163 633 4212 11,
650 4156 697 4215 29,
716 4155 742 4215 4,
778 4164 813 4201 ex
829 4147 949 4218 proximo
966 4164 1019 4217 seq.
1037 4146 1105 4200 libro
1117 4162 1226 4216 pupnoe
1236 4146 1381 4210 discrimen,

132 4229 240 4284 nosque
271 4214 342 4284 apud
375 4214 497 4268 Curtium
527 4215 572 4269 lib.
596 4231 640 4269 v11
674 4224 743 4270 extr.
777 4215 805 4268 in
822 4217 942 4286 margine
960 4217 993 4268 ab
1011 4216 1103 4268 eadem
1120 4232 1198 4281 manu
1217 4214 1263 4266 sed
1280 4212 1383 4265 diverso

128 4299 262 4352 prensum
287 4281 446 4352 optimorum
464 4283 584 4338 codicum
600 4285 671 4338 iussu
689 4285 744 4338 edi·
779 4291 926 4338 atramento
950 4291 1059 4338 notatur
1076 4284 1109 4354 ⁸in
1126 4284 1152 4335 A
1174 4285 1232 4335 binc
1250 4285 1332 4348 deest,
1355 4280 1383 4331 in

133 4349 232 4403 dimus.
268 4348 329 4403 Hoc
346 4359 435 4405 autem
457 4352 515 4407 looo
533 4371 648 4424 quaeque
661 4373 744 4423 pren·
778 4353 802 4405 B
820 4357 861 4406 ln'e
873 4355 956 4422 plura
975 4354 1104 4421 dqieirent,
1113 4354 1181 4422 finis
1190 4353 1284 4405 sedicet
1295 4351 1383 4421 quarti

133 4421 230 4473 dorent
245 4417 347 4488 legitur
363 4419 390 4473 iu
407 4420 576 4483 Leid..Voss.
596 4431 609 4476 1
628 4423 700 4477 Flor.
718 4425 745 4476 A
779 4431 803 4475 et
815 4425 976 4492 principium
995 4424 1084 4492 perirati.
