2926 5174
75 276 146 348 262
566 293 600 356 c.
628 293 751 345 cumn
776 294 861 346 aum

74 490 245 580 spectum.
303 475 383 550 Non
421 475 526 548 aliam
560 477 743 575 premendi
777 477 906 551 inimici
941 477 1173 550 occasionem
1206 478 1321 576 aptio-4

73 617 149 666 rem
180 594 338 664 futuram
372 598 489 679 ratuS,
521 587 604 661 odio
637 614 702 662 suo
737 589 879 687 pietatis
913 589 1124 687 praeferens
1152 591 1298 687 speciem,

83 702 233 796 Utinam,
267 700 398 798 inquit,
433 700 470 772 in
488 700 661 799 principio
687 726 812 802 quoque
838 702 935 774 liuius
960 700 1013 774 rei
1038 700 1213 774 uobiscum
1236 702 1299 775 deli·

73 814 229 888 bcrusses.
283 809 530 902 Semsissemcu,
561 811 763 887 siPlilotcc
800 811 895 886 celles
929 812 1120 911 ipmscere,
1154 813 1321 911 pateram

68 924 183 1024 potius
209 924 363 1024 ipuorme
389 948 473 1014 eum,
487 935 646 1023 quantum
672 924 798 997 deberet
821 923 886 1016 tibi,
904 949 1006 1024 quam
1023 947 1133 1024 cisque
1160 924 1208 996 ad
1231 948 1301 997 mor·

74 1035 116 1108 tis
142 1047 263 1108 metum
288 1035 469 1108 adductum
494 1059 623 1133 caperes
647 1035 782 1135 saepius
799 1035 848 1107 de
867 1033 1020 1133 putam
1048 1059 1122 1125 suo,
1149 1059 1248 1135 quum
1269 1033 1300 1106 dr

75 1160 128 1221 tuo
163 1147 304 1247 copiture
337 1145 495 1244 bmptcio.
548 1145 614 1218 Ille
646 1147 733 1219 euim
766 1170 895 1244 semper
920 1144 1086 1218 insidiari
1110 1144 1170 1218 tibi
1186 1144 1300 1244 potari,

74 1271 108 1332 tu
141 1284 208 1332 nou
239 1282 368 1356 semper
393 1256 540 1332 Philotae
568 1257 692 1355 poteris
726 1257 899 1357 ipuoscere.
956 1254 1035 1331 Nec
1062 1269 1113 1330 est
1137 1258 1226 1358 quod
1248 1256 1320 1329 est-r

73 1371 199 1461 stimes,
224 1394 318 1459 eum,
344 1367 403 1468 qui
428 1380 554 1440 tautum
580 1394 683 1442 amera
708 1382 771 1460 est,
802 1369 898 1442 ceum
917 1393 1021 1468 posse
1047 1370 1186 1443 midaii.
1237 1366 1300 1459 Sat,

73 1500 156 1574 cos,
181 1481 241 1580 qui
276 1478 540 1552 misericordiam
571 1494 856 1580 coruumpseruut,
895 1479 1043 1578 amplius
1079 1505 1218 1579 sperare
1248 1504 1299 1554 nm

71 1618 179 1692 posse.
241 1591 291 1665 At
313 1614 394 1688 epo,
430 1589 560 1663 etiarm
593 1592 666 1690 ipse
697 1592 752 1667 uel
779 1591 979 1691 poenitentia
1005 1591 1062 1664 cel
1086 1592 1236 1691 beneficio
1258 1604 1317 1664 rm

75 1703 180 1778 uictus
214 1701 377 1803 quiescere
403 1701 499 1793 colet,
527 1715 662 1801 putrem
688 1702 759 1778 eius
783 1702 1056 1794 Pcmrmionem,
1091 1703 1178 1776 tanti
1202 1704 1297 1777 duum

75 1814 250 1907 ererum,
276 1828 306 1888 et
330 1813 509 1888 inueterata
533 1816 628 1912 apud
652 1814 770 1890 milites
796 1826 867 1888 tuos
897 1813 1091 1887 auctoritate
1118 1815 1212 1888 baud
1234 1812 1297 1887 mul

75 1940 143 2000 tum
169 1926 262 2028 iufra
287 1924 528 2024 mupuitudiuis
555 1938 628 1998 tuuc
643 1925 824 2029 sastipium
843 1925 1001 2024 positum,
1022 1927 1094 2000 scic
1121 1951 1190 2000 uon
1214 1948 1296 2024 capu

76 2037 188 2111 auimo
214 2039 352 2111 sulutem
366 2035 441 2133 filii
465 2035 520 2108 sui
545 2036 728 2111 debiturum
754 2037 820 2131 tibi.
865 2032 1041 2121 Quaedam
1069 2037 1225 2136 boneficiis
1247 2035 1314 2109 cdi-fl

75 2175 159 2222 mus.
219 2147 385 2224 Meruisse
420 2159 556 2219 umrtem
591 2149 735 2248 confiteri
764 2147 877 2246 pudet.
943 2144 1123 2244 Superest,
1160 2163 1196 2222 ut
1225 2146 1296 2222 moli

76 2259 186 2332 cidari
211 2259 372 2354 iniuriam
399 2257 571 2356 accepisse,
597 2286 697 2360 quom
722 2261 852 2358 citam„
878 2258 1026 2335 Proinde
1052 2259 1137 2335 scito
1163 2261 1220 2335 tihi
1240 2283 1295 2334 mu

78 2369 144 2443 illis
177 2371 217 2444 de
250 2369 353 2444 solute
388 2394 456 2442 esse
483 2371 715 2468 pupucudum.
778 2368 869 2447 Sara
903 2370 1045 2443 bostium
1082 2384 1244 2471 superest,
1264 2365 1313 2442 alt

80 2506 160 2581 quos
193 2481 440 2580 persequendos
483 2481 565 2554 ituri
604 2509 736 2558 sumus:
781 2483 866 2555 litias
899 2507 922 2554 u
952 2481 1146 2557 domesticis
1182 2481 1295 2557 usito

77 2592 181 2666 muni.
233 2592 309 2667 Hos
335 2591 367 2664 si
391 2617 584 2684 summoves,
609 2594 694 2667 nibil
716 2607 821 2668 metuo
847 2593 888 2665 alr
913 2604 1055 2664 caterua.

29 2705 77 2778 30
181 2702 280 2777 Haec
313 2700 491 2776 Craterus.
543 2701 618 2777 Nec
644 2705 752 2778 ceteri
778 2703 1005 2791 dubitabant,
1042 2703 1135 2799 quin
1163 2705 1294 2778 conium·
1306 2711 1324 2760 1⁰

78 2815 183 2888 tionis
215 2815 383 2887 indicium
417 2839 673 2912 suppressurus
709 2842 782 2889 non
816 2815 954 2904 fuisset,
989 2814 1060 2886 nisi
1099 2826 1227 2890 auctor
1252 2819 1295 2886 aut

78 2926 264 3024 particeps.
306 2922 420 3014 Quem
447 2927 541 2998 enim
566 2927 664 3024 pium
691 2936 727 3000 et
752 2927 867 2999 bonae
893 2925 1033 3015 mentis,
1061 2951 1141 2999 non
1169 2927 1294 3000 amicum

77 3037 202 3130 moda,
238 3038 302 3111 sed
336 3064 382 3110 ex
414 3038 539 3111 ultima
570 3038 688 3135 plebe,
721 3036 849 3109 auditis
885 3060 975 3132 quae
1011 3035 1061 3107 ad
1089 3062 1176 3110 cum
1203 3037 1295 3110 delata

79 3161 191 3240 erant,
204 3176 277 3223 non
304 3151 466 3248 protinus
493 3147 539 3220 ad
564 3172 686 3246 regem
711 3148 819 3219 fuisse
846 3146 1056 3219 cursurum?
1084 3174 1134 3222 nc
1163 3141 1294 3224 Cebalini
1306 3152 1322 3201 ¹¹

80 3259 223 3359 quidem
257 3262 439 3359 exemplo,
475 3259 534 3357 qui
570 3284 617 3332 ex
648 3260 758 3331 fratrc
792 3265 974 3355 comperta
1003 3258 1075 3355 ipsi
1107 3263 1295 3342 nuntiasset

78 3370 323 3444 Parmenionis
350 3373 478 3461 filium,
504 3370 723 3467 praefectum
751 3370 947 3466 equitatuS,
982 3369 1150 3443 omnium
1177 3391 1294 3445 arcana

76 3586 185 3642 alosa
201 3586 228 3640 in
243 3605 295 3659 quo
312 3599 364 3642 tum
383 3605 438 3641 esse
454 3587 559 3658 legitur.
578 3586 679 3656 (Etiam
713 3605 756 3640 sus
776 3587 900 3657 repetitio
918 3587 964 3641 sit:
983 3592 1123 3658 patereris
1136 3593 1226 3662 polim
1241 3589 1294 3658 ipa

78 3656 136 3710 Pal.
166 3663 189 3709 1.
212 3663 236 3709 2.
265 3657 351 3727 Bong.
378 3657 522 3710 traduntur
548 3667 597 3710 tum
623 3674 678 3710 esse
713 3674 821 3710 rare-
851 3675 911 3710 uum
927 3675 1032 3727 caperes
1044 3661 1151 3728 potius.
1169 3659 1214 3714 Sic
1228 3666 1294 3711 amr

77 3726 184 3792 habere,
203 3726 248 3778 sed
265 3743 359 3780 vereor
374 3733 406 3778 ut
422 3741 514 3778 verum
531 3724 599 3804 ait).
712 3724 825 3794 vulgae
853 3734 904 3779 tur.

112 3800 134 3862 ξ.
154 3800 178 3847 5.
200 3797 332 3864 potereris
371 3793 416 3847 Sic
432 3810 522 3847 omnes
539 3793 601 3847 libn
617 3811 678 3846 msa.
790 3815 792 3820 ·
891 3829 896 3841 .

77 3871 107 3917 a
123 3862 203 3933 vulgo
225 3862 298 3916 aaa
358 3863 402 3914 aa.
427 3862 540 3915 nnana
565 3870 593 3915 ee
618 3862 679 3916 uo·
748 3830 770 3907 i·
790 3834 813 3881 ⁶·
851 3846 895 3898 lm
918 3835 1017 3909 rapam
1042 3847 1129 3885 ‘m
1148 3841 1195 3885 ⁰⁸³·
1226 3824 1293 3930 Vll?

78 3932 157 4012 dian?
168 3941 308 4001 paterere,
333 3932 404 4000 quod
429 3931 499 4051 apud
526 3930 679 3985 Ciceronem
713 3914 757 3966 Ψ
776 3905 873 3976 ΨΜ
885 3897 997 3966 facum
1018 3915 1104 3952 ‘'m''
1123 3910 1171 3967 ⁰⁸⁸³
1189 3895 1284 3967 msam

78 4016 191 4053 maxime
213 3999 362 4071 probabile,
385 4017 438 4069 apn
479 3998 601 4053 Curtium
625 4017 679 4053 non

78 4069 151 4134 item,
171 4068 216 4138 qui
234 4068 278 4122 illa
294 4069 379 4121 forma
395 4085 449 4121 non
466 4067 559 4120 utitur.
714 4032 925 4087 ⁰⁰¹¹¹¹¹¹⁰¹¹¹⁰mtl0
947 4033 992 4101 fii,
1014 4042 1130 4154 praemi
1146 4036 1216 4090 Flcr.
1232 4030 1253 4085 G
1262 4029 1293 4150 pi

114 4153 217 4205 ceperas
234 4137 353 4207 saepius]
391 4136 436 4190 Sic
444 4135 680 4258 pleriqpeepmfpps
712 4101 1021 4238 Jgeggffvfflpgloffm
1027 4102 1207 4227 Βέἓξωῐὲθῶθέ
1217 4103 1263 4169 ill
1274 4111 1292 4159 l'

712 3982 762 4016 nus
785 3973 907 4034 ignorant
929 3981 1019 4018 omnes
1042 3964 1106 4020 libri
1128 3974 1293 4037 musquetum

80 4203 194 4272 codicem
216 4222 333 4259 macrum
355 4223 423 4258 unua
467 4205 516 4257 lor.
1277 4263 1282 4276 ⁹

79 4279 150 4325 tasas
166 4291 233 4326 unus
251 4282 279 4327 et
296 4274 365 4327 altar
381 4291 415 4326 ex
432 4272 463 4326 iis
480 4271 526 4343 qui
546 4272 572 4324 h.
592 4272 609 4324 l.
626 4291 679 4325 non
748 4278 770 4338 §.
793 4279 818 4326 8.
856 4274 969 4342 proinde
990 4274 1069 4344 scito]
1108 4275 1153 4330 Sic
1169 4270 1290 4345 emendari

80 4350 333 4407 commemorantur,
362 4342 456 4413 quibus
477 4339 606 4411 principes
627 4340 680 4393 edi-
713 4341 747 4392 de
764 4341 914 4395 coniectura
931 4340 1038 4394 Modius
1055 4352 1149 4411 reete,
1172 4337 1288 4414 mimir

81 4414 155 4461 toras
168 4408 208 4462 usi
221 4418 289 4478 aunt,
297 4411 399 4481 potius,
418 4427 472 4483 quc
487 4408 594 4480 ingrata
606 4426 680 4482 pror·
713 4410 789 4464 codd.
806 4411 891 4464 adhuc
907 4427 959 4463 non
976 4409 1118 4466 inventum
1135 4411 1171 4479 sit
1187 4408 1230 4464 nisi
1243 4417 1287 4460 rm·
