2926 5174
471 299 520 350 na
546 297 673 351 enanis
699 298 808 352 max.
833 300 962 372 vn,1s.
1260 285 1333 360 305

98 483 265 581 inopiam,
291 481 411 580 fiigus,
437 483 692 576 lassitudinem,
719 484 1016 583 desperationem.
1055 488 1190 562 Multos
1216 492 1334 564 exani·

98 595 209 668 mavit
235 595 334 693 rigor
358 594 521 668 insolitus
547 596 655 685 nivis;
683 599 878 671 multorum
905 598 1044 674 adussit
1069 600 1179 698 pedes
1186 629 1196 693 3
1227 603 1334 700 pluri·

97 733 238 780 morum
270 706 380 780 oculis
406 707 593 805 praecipue
628 709 865 806 perniciabilis
892 711 968 786 fuit.
1022 713 1176 811 Fatigati
1202 713 1332 811 quippe

99 821 238 917 inipso
265 819 349 916 gelu
374 817 573 893 deficientia
598 846 749 918 corpora
774 824 1001 897 sternebant:
1039 850 1130 923 quae
1157 851 1238 898 cum
1263 849 1336 897 mo·

98 932 171 1004 veri
207 929 401 1020 desissent,
435 931 490 1003 vis
523 930 663 1030 frigoris
689 933 741 1006 ita
767 933 1035 1033 adstringebat,
1070 945 1113 1009 ut
1137 961 1262 1008 rursus
1289 933 1337 1008 ad

100 1041 318 1141 surgendum
345 1042 477 1115 conniti
501 1069 574 1116 non
600 1055 756 1142 possent.
808 1045 844 1117 A
871 1048 1169 1122 commilitonibus
1195 1058 1337 1145 torpen-

99 1166 150 1228 tes
176 1153 444 1229 excitabantur:
476 1179 592 1252 neque
618 1155 714 1230 aliud
740 1156 939 1230 remedium
965 1169 1059 1250 erat,
1087 1184 1194 1256 quam
1221 1169 1262 1231 ut
1287 1159 1337 1231 in-

99 1266 195 1364 gredi
232 1275 456 1363 cogerentur.
510 1264 602 1338 Tum
637 1266 782 1341 demum
808 1268 909 1341 vitali
936 1271 1054 1343 calore
1079 1278 1196 1360 mota,
1227 1295 1336 1343 mem·

100 1379 170 1452 bris
207 1378 337 1475 aliquis
374 1378 516 1452 redibat
557 1378 669 1476 vigor.
743 1377 780 1452 Si
820 1380 880 1477 qui
918 1382 1062 1480 tuguria
1101 1381 1336 1455 barbarorum

102 1489 194 1563 adire
229 1498 442 1587 potuerunt,
477 1491 637 1582 celeriter
672 1491 794 1565 refecti
826 1501 920 1564 sunt.
982 1489 1055 1566 Sed
1088 1503 1191 1565 tanta
1222 1494 1335 1592 caligo

103 1612 192 1693 erat,
227 1610 270 1674 ut
309 1600 469 1674 aedificia
502 1603 600 1674 nulla
631 1603 701 1676 alia
737 1626 794 1674 res
828 1629 935 1700 quam
968 1605 1093 1701 firmus
1122 1605 1338 1679 ostenderet.

103 1711 157 1786 Illi
177 1738 362 1810 uunquam
388 1723 472 1786 ante
497 1714 535 1786 in
560 1715 664 1787 terris
692 1714 764 1787 suis
790 1712 932 1790 advena
958 1716 1046 1808 vis0,
1073 1742 1155 1789 cum
1181 1726 1339 1790 armatos

104 1838 244 1924 repente
271 1825 536 1922 conspicerent,
563 1826 756 1898 exanimati
782 1837 900 1918 metu,
933 1827 1100 1925 quicquid
1126 1829 1162 1900 in
1189 1827 1340 1925 tuguriis

106 1949 178 2012 erat
201 1938 417 2026 afferebant,
451 1947 493 2009 ut
519 1938 727 2036 corporibus
761 1938 922 2034 ipsorum
952 1950 1159 2038 parceretur
1185 1948 1339 2012 orantes.

106 2048 180 2122 Rex
205 2074 338 2148 agmen
364 2048 571 2122 circumibat
596 2048 718 2146 pedes,
743 2049 899 2123 iacentes
927 2050 1102 2147 quosdam
1129 2052 1278 2151 erigens,
1305 2058 1342 2122 et

107 2163 197 2253 alios,
224 2187 308 2234 cum
335 2186 441 2259 aegre
468 2171 712 2257 sequerentur,
738 2159 953 2235 adminiculo
981 2163 1139 2259 corporis
1166 2163 1222 2235 sui
1248 2160 1340 2234 exci-

107 2273 210 2370 piens.
264 2270 370 2345 Nunc
405 2272 451 2345 ad
481 2273 596 2372 prima
630 2273 748 2371 signa,
782 2297 878 2346 nunc
910 2273 947 2345 in
972 2272 1148 2364 medium,
1182 2297 1279 2346 nunc
1304 2272 1342 2343 iu

107 2385 224 2457 ultimo
252 2384 405 2482 agmine,
431 2384 565 2457 itineris
591 2385 826 2483 multiplicato
853 2385 977 2459 labore
1002 2383 1136 2459 aderat.
1181 2381 1343 2457 Tandem

108 2495 150 2567 ad
173 2496 252 2569 loca
278 2496 430 2569 cultiora
454 2507 667 2594 perventum
695 2507 759 2588 est,
782 2507 1053 2594 commeatuque
1077 2496 1179 2594 largo
1207 2517 1342 2568 recrea·

107 2617 161 2681 tus
186 2608 382 2682 exercitus:
410 2607 514 2682 simul
540 2619 576 2683 et
603 2608 664 2706 qui
689 2607 858 2706 consequi
884 2634 958 2682 non
984 2617 1192 2705 potuerant,
1219 2607 1257 2680 in
1282 2605 1344 2678 illa

107 2730 219 2794 castra
244 2728 433 2795 venerunt.

137 3012 160 3078 §.
178 3016 219 3065 13.
255 3010 331 3078 m'yor
348 3008 469 3062 insolitas
487 3009 565 3078 nias]
588 3010 707 3063 insolitos
742 3009 836 3061 adesse
852 3013 881 3060 et
899 3005 969 3128 apud
979 3004 1058 3060 Ovid.
1067 3003 1135 3057 Met.
1144 3017 1177 3070 11,
1197 3007 1245 3056 51³
1265 3018 1345 3083 quae·

105 3081 171 3132 aivis
196 3076 311 3159 uterque
334 3076 475 3130 Ber-nensis
493 3087 521 3131 et
537 3077 612 3131 Leid.
630 3078 707 3132 Voss.
742 3078 802 3129 rr'tis
821 3092 902 3145 quare
937 3093 969 3128 uc
987 3075 1081 3140 adsim,
1099 3072 1344 3152 i.e.hucvener1m.

107 3156 128 3202 l.
145 3155 169 3202 2.
187 3155 216 3201 et
233 3148 297 3201 edit.
316 3145 451 3211 Modiana,
474 3146 521 3200 scd
537 3146 623 3200 nullus
640 3146 708 3199 liber
738 3146 835 3214 'Atque
848 3146 941 3197 adesse
955 3144 984 3197 in
999 3142 1346 3209 senatamstdessemmds·

103 3215 280 3270 Placentinus.
309 3214 369 3267 Nec
387 3213 519 3268 insolitam
536 3215 622 3269 nivem
640 3213 707 3267 mili·
743 3214 808 3266 ciam
825 3230 879 3266 non
896 3229 956 3266 raro
973 3210 1091 3282 legimus.
1126 3207 1217 3290 litiani
1234 3206 1346 3288 simplex

103 3284 173 3338 tibus
185 3283 365 3338 Macedonicis
383 3281 462 3336 fluisse
479 3293 553 3338 recte
571 3283 708 3339 annotavit
742 3299 798 3335 csse
814 3281 947 3335 interdum
965 3279 1002 3335 sic
1019 3286 1135 3334 construi
1148 3278 1228 3333 solet:
1246 3275 1301 3331 Orc
1311 3276 1346 3329 ad

105 3362 199 3407 contra
215 3353 340 3407 Modium
357 3351 501 3405 Acidalius.
741 3351 801 3404 Att.
819 3365 871 3418 xv,
890 3357 906 3403 4
924 3360 953 3404 ut
970 3350 1065 3403 certior
1076 3348 1170 3415 fieret,
1207 3363 1239 3399 uo
1258 3347 1300 3399 die
1317 3347 1347 3398 in

126 3437 305 3494 'conaitinoa
322 3448 440 3508 possent.
473 3437 608 3492 contineri
632 3436 707 3491 Leid.
745 3421 1026 3500 Tfflfflla'mmstmm
1038 3417 1159 3488 sulum·
1222 3412 1347 3495 80,θῦθῇ-

102 3507 179 3562 v0ss.
199 3514 223 3560 1.
241 3514 256 3561 ε
275 3507 357 3560 aem.
375 3514 488 3577 uterque
504 3507 576 3562 nor.
594 3506 707 3574 acan,
742 3507 846 3570 nasus
865 3504 999 3570 aereaere
1016 3486 1086 3558 arud
1103 3492 1223 3565 nostru}
1239 3484 1284 3537 hb·
1302 3497 1347 3549 m,

102 3577 236 3629 mendose·
286 3663 292 3674 ·
370 3662 375 3674 ·
605 3624 609 3629 ⁴
742 3557 966 3696 {gmcqqaeozq’qqqqr
977 3553 1348 3679 rfnoddiddtPecllbrllliboubdd

103 3664 240 3784 “Quat
266 3661 427 3716 amm'bal'
467 3660 538 3716 mm·
565 3658 707 3715 ADEFGI
741 3712 790 3816 qple
819 3695 975 3764 circumfusi
1009 3693 1110 3763 egregie
1141 3708 1169 3745 se
1202 3690 1347 3744 tuebuntur.

136 3816 207 3853 num
224 3800 253 3851 a„
270 3798 536 3852 medium-aderas.
557 3797 707 3877 Nonam,
742 3763 888 3886 cgqoessut
905 3763 972 3817 solet
990 3761 1093 3815 diversa
1111 3757 1218 3814 Curtius
1237 3756 1271 3810 ad
1283 3754 1347 3808 Sall.

103 3884 163 3920 sum
178 3884 213 3920 ex
229 3885 282 3921 uno
300 3866 368 3921 libro
385 3865 456 3920 Flor.
475 3865 497 3921 O
522 3865 656 3936 corrigere
678 3885 707 3917 aa

103 3937 197 4018 medic,
216 3934 334 4007 quamvis
352 3942 478 4005 sequatur
494 3953 563 3990 nunc
579 3935 706 3988 inultimo
777 3938 799 4003 ξ.
825 3940 866 3989 18.
909 3936 947 3988 od
971 3934 1028 3986 loca
1055 3932 1166 3985 cultiora
1186 3934 1347 3998 perventum.

103 4021 120 4056 o
165 4022 222 4073 sne,
246 4022 295 4060 nec
320 4002 445 4075 amplecti
461 4003 532 4058 Flor.
550 4003 603 4057 ΕΗ
625 4003 706 4056 Bern.
741 4003 801 4057 Hoc
818 4002 960 4057 verborum
978 3999 1071 4054 ordine
1093 4015 1183 4052 omnes
1204 3995 1279 4048 codd.
1297 3993 1348 4047 nisi
1432 4025 1434 4029 ·

145 4073 252 4128 Voss.2
272 4072 461 4129 correctionem
478 4091 547 4127 nunc
565 4074 604 4125 ad
619 4072 706 4142 primo
743 4073 814 4143 quod
832 4073 861 4127 in
878 4070 976 4142 paucis,
995 4068 1066 4122 Flor.
1077 4067 1129 4146 Cll
1146 4063 1260 4144 BermB
1270 4061 1347 4115 Voss.

104 4141 198 4211 signa,
223 4162 291 4198 nuuc
308 4147 347 4198 ad
368 4144 459 4196 ultima
477 4142 599 4212 agminis.
635 4140 707 4194 Nam
741 4147 766 4206 2,
785 4143 912 4195 ulteriora
927 4137 1033 4208 legitur.
1051 4130 1350 4214 Modqusbreuloquem

106 4212 198 4265 adesse
232 4229 289 4266 cum
324 4211 424 4265 habeat
456 4212 589 4281 quandam
619 4215 707 4262 motus
741 4208 795 4263 tiae
821 4207 954 4264 studiosus
987 4208 1045 4258 loca
1072 4210 1167 4257 omisit.
1209 4199 1276 4278 Post
1303 4215 1348 4268 qut

107 4276 330 4349 significationem,
349 4287 439 4362 potest
457 4287 530 4332 certe
547 4277 630 4332 etiam
646 4294 707 4330 cum
742 4280 864 4350 consequi
889 4295 942 4330 aaa
993 4281 1289 4353 otaeraatmecessano
1315 4266 1349 4346 de

109 4343 137 4395 'sn
153 4355 181 4400 et
197 4365 278 4403 accus
297 4348 428 4419 comungi.
455 4347 499 4402 Sic
515 4348 588 4421 apud
601 4345 707 4401 Livium
741 4346 875 4400 sententia
913 4342 964 4398 Aci
983 4341 1027 4394 alu
1066 4337 1250 4410 comgendum
1288 4334 1350 4404 furt,

111 4425 181 4482 xcv,
193 4422 224 4471 28
237 4419 323 4475 aditur
336 4419 422 4473 adhuc
437 4418 518 4472 iussis
527 4415 706 4488 Ampbcpolim
742 4431 905 4487 quamquam
923 4410 999 4467 codd.
1012 4417 1145 4480 poterant.

1155 4498 1190 4549 20
