2926 5174
187 294 235 366 48
657 311 690 373 o.
719 310 844 362 cuarn
867 309 952 360 surr

185 497 349 595 captivae
375 503 490 568 mater
505 495 731 590 coniunxque
747 493 873 565 Darei:
899 493 959 563 illa
985 516 1058 562 non
1084 491 1273 564 maiestate
1300 493 1417 583 solun,

186 605 251 681 sed
278 606 386 679 etiam
412 615 531 678 aetate
556 603 782 693 venerabilia
808 603 897 675 haec
917 603 1053 674 formae
1079 600 1356 698 pulchritudine,
1379 628 1419 677 nc

183 719 244 789 illa
269 715 414 813 quidem
448 725 545 788 sorte
578 724 776 811 corruptae.
843 713 1042 810 Receperat
1079 712 1117 784 in
1156 712 1278 784 sinum
1316 714 1420 786 filium

183 824 346 899 nondum
372 836 517 900 sextum
542 851 676 898 annum
702 824 830 897 aetatis
857 848 1058 921 egressum,
1096 823 1134 894 in
1167 848 1273 920 spem
1305 836 1420 899 tautae

183 938 359 1027 fortunae,
387 946 558 1034 quantam
583 947 686 1033 pater
713 937 788 1009 eius
814 937 921 1033 paulo
948 944 1032 1007 ante
1050 933 1228 1025 amiserat,
1256 935 1420 1031 genitum.

184 1048 236 1120 At
261 1048 299 1120 in
330 1047 466 1145 gremio
499 1072 588 1120 anus
624 1047 725 1121 aviae
757 1047 923 1120 iacebant
954 1043 1098 1117 adultae
1131 1041 1225 1117 duae
1258 1044 1454 1143 virgineas

183 1184 257 1231 non
284 1183 350 1231 suo
376 1168 527 1248 tantum,
555 1151 754 1231 sedetiam
781 1158 873 1230 illius
891 1179 1054 1228 maerore
1069 1154 1268 1231 confectae.
1297 1154 1421 1254 Ingens

183 1269 382 1342 circaeam
407 1269 580 1342 nobilium
605 1269 818 1340 feminarum
850 1268 958 1340 turba
993 1266 1221 1357 constiterat,
1263 1266 1420 1341 laceratis

183 1380 356 1469 crinibus,
383 1381 592 1476 abscisaque
618 1389 737 1468 veste,
769 1378 910 1478 pristini
936 1375 1074 1449 decoris
1100 1376 1350 1468 immemores,
1376 1404 1421 1452 re·

183 1493 284 1589 ginas
313 1490 566 1585 dominasque,
605 1492 699 1563 veris
727 1489 924 1586 quondam,
959 1498 1046 1558 tunc
1072 1485 1195 1559 alienis
1224 1489 1420 1562 nominibus

182 1603 401 1674 invocantes.
454 1598 559 1690 Illae,
596 1625 682 1672 suae
709 1600 919 1672 calamitatis
945 1597 1095 1687 oblitae,
1135 1598 1173 1669 in
1200 1608 1299 1672 utro·
1318 1625 1452 1674 cornua

183 1711 323 1785 Dareus
338 1712 507 1801 stetisset,
526 1737 617 1808 quae
638 1713 783 1785 fortuna
805 1709 1014 1783 discriminis
1034 1709 1169 1797 fuisset,
1184 1711 1417 1807 requirebant.

182 1823 374 1921 Negabant
400 1848 439 1895 se
466 1835 599 1919 captae,
628 1823 657 1895 si
683 1823 823 1895 viveret
848 1847 924 1894 rex,
979 1816 1052 1892 Sed
1076 1819 1175 1890 illum
1204 1845 1322 1916 equos
1348 1823 1416 1896 sub·

180 1933 264 2008 iude
290 1942 492 2005 mutantem
517 1934 658 2030 longius
684 1935 770 2030 fuga
797 1933 1004 2005 abstulerat.
1345 1931 1348 1935 ’

284 2043 326 2117 In
353 2043 427 2116 acie
454 2053 574 2116 autem
602 2069 707 2117 caesa
738 2055 823 2116 sunt
853 2042 1046 2115 Persarum
1076 2038 1242 2137 peditum
1279 2055 1442 2118 centumn

181 2154 288 2243 milia,
315 2153 438 2225 decern
466 2155 635 2250 equitum.
698 2153 750 2226 At
776 2180 797 2225 a
823 2164 926 2252 parte
952 2148 1152 2226 Alexandri
1178 2162 1356 2246 quattuor
1387 2167 1415 2229 et

182 2264 366 2360 quingenti
392 2264 502 2336 saucii
527 2266 637 2354 fuere,
666 2291 713 2338 ex
738 2263 918 2362 peditibus
940 2263 1086 2359 triginta
1113 2261 1262 2334 omnino
1292 2275 1331 2338 et
1354 2267 1413 2339 duo

181 2371 373 2445 desiderati
413 2384 512 2464 sunt,
562 2376 720 2472 equiturn
759 2383 903 2447 centum
943 2372 1200 2469 quinquaginta
1236 2373 1413 2450 interfecti.

182 2484 336 2557 Tantulo
362 2482 544 2581 impendio>
568 2486 694 2583 ingens
721 2484 870 2558 victoria
897 2483 1006 2556 stetit.

181 2650 259 2702 kenb.
286 2649 320 2701 ad
339 2649 403 2702 haec
428 2649 497 2703 Livii
514 2665 553 2717 vl,
572 2657 615 2717 23,
635 2656 650 2704 8
668 2651 710 2702 bis
728 2668 783 2702 ser·
817 2649 882 2703 item
900 2651 984 2702 scissa
1002 2650 1093 2713 vestis,
1121 2649 1168 2700 sed
1191 2651 1341 2706 abscissum
1357 2669 1414 2722 nego

181 2717 300 2771 monibus
327 2726 378 2770 toto
406 2719 434 2770 ia
457 2735 485 2770 se
502 2728 631 2772 averterat
649 2728 737 2771 castra
755 2726 784 2772 et
817 2737 834 2771 a
851 2717 984 2770 veteribus
1002 2717 1101 2770 dictum
1119 2732 1184 2783 esse,
1203 2721 1415 2792 proptereaquod

181 2788 215 2840 ad
232 2800 328 2852 xxxv,
346 2793 378 2840 31
404 2803 436 2838 ne
454 2789 541 2840 Aetoii
557 2789 647 2857 portis
669 2788 782 2844 alicuius
817 2804 872 2840 non
890 2785 1008 2856 dignosci
1060 2792 1113 2838 sset
1131 2786 1165 2837 ab
1180 2801 1213 2839 eo
1231 2789 1306 2866 quod
1323 2797 1360 2843 est
1375 2790 1414 2842 ab·

182 2857 331 2908 animosod
339 2854 664 2909 Antiocbumaoertissent.
683 2855 783 2908 Noster
818 2857 931 2921 scissim,
959 2862 987 2907 et
1013 2853 1073 2907 hri
1098 2871 1159 2906 mss.
1177 2854 1304 2910 mehores
1329 2857 1413 2926 ubique

181 2938 210 2989 v,
231 2929 272 2989 16,
291 2928 325 2976 28
343 2923 372 2975 ia
380 2924 480 3043 (aqam
498 2927 599 2992 avertit,
623 2931 703 2995 atque
720 2923 799 2977 scri--
818 2922 927 2993 simplici
943 2922 1022 2976 litera
1043 2929 1164 2974 utuntur.
1200 2923 1298 2978 Unum
1321 2933 1410 2978 tanturn

180 2990 278 3062 psimus
296 2989 333 3045 sic
350 3008 365 3043 e
393 2990 455 3044 ibris
472 2999 563 3060 vpsst,
584 3000 623 3046 14.
818 2992 890 3060 apud
908 2991 1031 3045 Curtium
1048 2991 1134 3044 locum
1150 2991 1214 3044 novi
1233 2991 1281 3046 lib.
1293 3008 1321 3060 x,
1336 3010 1356 3046 c.
1372 2997 1407 3057 17,

214 3070 359 3128 corruptae.
377 3060 532 3131 Receperat]
558 3061 707 3115 Obsecutus
725 3078 783 3113 sum
817 3059 863 3114 ubi
881 3061 1000 3112 abscissa
1018 3065 1085 3112 veste
1110 3058 1192 3111 etiam
1219 3059 1248 3113 in
1276 3059 1411 3115 melioribus

180 3127 339 3182 certissimae
365 3129 440 3182 codd.
468 3130 585 3182 omnium
615 3127 782 3183 auctoritati:
816 3127 913 3182 nostris
931 3127 984 3198 legi
1001 3127 1114 3193 videtur,
1135 3126 1413 3199 quandoquidemnihil

179 3197 260 3266 vulgo
278 3207 409 3265 corrupto.
428 3198 580 3266 Acceperat.
599 3198 653 3251 Sed
670 3215 716 3249 nec
734 3198 782 3249 illo
816 3195 953 3249 varietatis
972 3203 1109 3249 enotatum
1125 3203 1175 3248 est.
1195 3195 1237 3249 cf.
1256 3198 1292 3250 ad
1309 3213 1361 3265 vn,
1377 3203 1412 3250 41.

180 3267 283 3333 quidem
292 3274 369 3331 sorte,
385 3265 455 3334 quod
464 3265 493 3316 in
501 3266 560 3317 edd.
570 3274 621 3332 est,
639 3282 674 3318 ex
681 3264 779 3318 Voss.l
815 3280 880 3330 vm,
901 3271 930 3316 11
951 3272 1019 3317 extr.

180 3339 209 3384 et
234 3329 350 3384 Flor.G
376 3331 478 3384 correxi
503 3340 534 3384 ut
560 3351 593 3385 ne
619 3363 654 3374 —
680 3334 782 3400 quidem
851 3335 880 3384 ia
897 3343 955 3386 utro
974 3332 1065 3402 corno]
1084 3330 1317 3401 Praepositionem
1335 3348 1412 3388 omnes

137 3447 140 3454 .
181 3397 328 3452 scriberem.
346 3398 441 3476 Neque
450 3399 520 3451 enim
529 3400 636 3470 copulae
654 3399 697 3452 hic
714 3399 782 3452 ullus
816 3400 877 3454 libri
894 3400 979 3454 nostri
996 3418 1055 3453 mss.
1073 3407 1101 3452 et
1119 3400 1159 3451 ed.
1178 3419 1219 3470 pr.
1237 3409 1357 3456 tuentur.
1372 3400 1412 3454 Al-

179 3466 311 3531 locusest‚
330 3464 352 3518 si
369 3473 460 3535 utrque
478 3483 538 3519 eum
555 3486 643 3521 casum
660 3467 780 3536 excipere
815 3470 864 3521 dus
882 3477 910 3521 et
927 3468 1023 3539 reliqui
1043 3468 1157 3521 editores
1175 3467 1333 3524 omiserunt.
1367 3468 1411 3524 sed

179 3531 254 3653 vplia
273 3549 351 3653 qgem
369 3551 422 3587 non
439 3534 549 3604 excipio.
566 3536 637 3589 Vide
653 3536 736 3602 adv1,
747 3543 778 3590 37
814 3537 887 3658 tFilor.
905 3537 961 3590 EF
980 3555 1039 3591 oum
1056 3537 1097 3590 cd.
1115 3553 1156 3606 pr.
1175 3537 1204 3588 ia
1222 3547 1334 3607 atroque
1350 3553 1413 3591 men·

180 3616 196 3652 e
226 3615 256 3666 X,
311 3639 317 3653 .
834 3621 886 3659 ose.

215 3677 430 3722 aestumandum
453 3673 547 3725 aetatis
572 3703 608 3713 ·-
628 3681 708 3740 pater
725 3673 780 3725 eius
851 3677 873 3741 §.
891 3679 932 3726 27.
969 3675 1054 3726 decem
1072 3689 1085 3724 e
1103 3673 1200 3742 uitam]
1237 3673 1316 3728 Haec
1338 3682 1365 3727 et
1379 3689 1411 3726 se-

175 3737 259 3807 poulo
277 3740 345 3804 onte]
381 3737 435 3792 Hic
451 3741 590 3793 verborum
608 3741 681 3807 ordo,
704 3756 782 3810 quem
816 3740 925 3812 quentia
947 3739 1015 3794 sicut
1040 3740 1068 3792 in
1085 3689 1155 3793 ilor.
1173 3740 1231 3792 AB
1251 3750 1281 3794 et
1299 3743 1376 3796 Bern.
1391 3740 1411 3792 A

179 3805 240 3858 edd.
254 3804 361 3874 paulmn
378 3805 519 3861 immutant
530 3813 571 3876 (ut
581 3809 674 3862 aetatis
684 3827 782 3862 annum
816 3810 988 3889 legebantur,
1015 3808 1054 3861 ita
1075 3807 1180 3860 restitui
1198 3807 1410 3863 concordantem

179 3880 207 3925 et
219 3875 304 3942 poulo
322 3884 382 3927 onte
394 3885 474 3943 poter
491 3879 546 3930 eiua
565 3876 734 3943 exhibeant),
753 3877 781 3930 in
815 3894 904 3949 pnore
921 3885 997 3956 parte
1015 3875 1130 3929 editione
1143 3876 1279 3930 Modiana.
1299 3875 1410 3932 Deterio-

179 3941 300 3995 omnibus
317 3942 390 3996 libris
407 3962 467 3997 mss.
485 3953 538 4012 est;
566 3946 612 3998 sed
634 3963 681 4015 pro
704 3953 780 3999 sexto
815 3964 857 3999 res
874 3944 943 4012 libri,
962 3945 1055 4015 quibus
1064 3943 1143 4014 primi
1157 3943 1274 3998 editores
1292 3947 1334 4000 usi
1351 3951 1410 4008 sunt,

178 4008 250 4063 Flor.
268 4010 297 4062 H
313 4025 378 4079 vm,
405 4012 485 4065 Bern.
503 4014 527 4066 B
547 4024 662 4067 octavam
683 4031 781 4066 annum
815 4018 901 4067 decem
927 4031 986 4067 vero
1018 4014 1103 4067 millia
1129 4014 1267 4082 interfecta
1300 4016 1410 4085 equitum.

178 4078 287 4130 habent.
305 4079 371 4133 Post
380 4084 552 4135 msaodultee
570 4085 637 4135 duae
655 4083 779 4152 viryinea
816 4083 852 4135 At
870 4100 901 4135 ea
913 4093 994 4151 porte
1017 4115 1052 4123 -
1075 4082 1111 4134 tri
1129 4082 1185 4134 iata
1203 4083 1311 4136 omnino
1329 4093 1352 4136 et
1368 4083 1409 4136 dae

179 4144 245 4197 editi
262 4148 306 4198 od.
324 4150 439 4218 virgines
457 4153 533 4203 duae.
815 4169 846 4204 ea
859 4152 993 4220 peditibus
1011 4157 1062 4204 cet.
1125 4149 1179 4203 uod
1197 4156 1239 4202 est
1257 4154 1410 4220 quattuoret

214 4215 236 4292 5:
255 4219 298 4266 25.
316 4217 469 4287 abscisaque
487 4222 564 4287 veste]
592 4217 637 4271 Sic
653 4217 780 4288 antiquis·
815 4220 961 4289 quingenti,
980 4218 1007 4271 in
1024 4217 1095 4271 Flor.
1112 4220 1140 4270 A
1157 4226 1186 4271 at
1203 4229 1329 4287 quattuor
1347 4218 1410 4294 qaia

179 4281 237 4335 sinn
264 4282 316 4335 duo
341 4283 412 4338 Flor.
434 4293 462 4338 et
479 4285 553 4340 Laid.
571 4287 648 4340 Voss.
669 4294 681 4338 1
700 4287 781 4340 Bern.
814 4289 887 4358 penti
904 4286 933 4339 in
949 4287 1029 4340 Bern.
1047 4286 1074 4338 A
1090 4288 1129 4338 ad
1145 4295 1269 4354 quattuor
1287 4289 1409 4356 quiaqeatt

178 4350 213 4416 A,
232 4367 292 4403 cum
309 4351 388 4422 vulgo
406 4355 500 4409 edatur
517 4357 695 4422 abscissoque.
733 4356 781 4409 Ve-
816 4355 1032 4425 scriptumest,
1060 4352 1107 4407 sed
1130 4354 1223 4407 eadem
1240 4371 1336 4408 manus
1352 4349 1410 4407 auti·

179 4425 243 4470 stem
261 4420 380 4473 scindere
397 4431 425 4475 ct
442 4425 596 4478 abscindere
614 4430 716 4476 certum
733 4431 781 4489 est,
816 4442 868 4497 qua
885 4423 967 4492 illum,
985 4420 1118 4479 recentior
1134 4422 1206 4476 hunc
1222 4421 1262 4478 ita
1271 4417 1409 4479 emendavit
