2926 5174
435 339 484 390 nn
510 338 636 392 orsus
662 338 771 392 Anax.
797 341 847 411 vr,
873 338 915 388 ss.
1221 322 1291 394 271

65 522 118 596 nio
154 545 278 596 secum
310 521 558 614 coniunxerat,
594 533 715 597 tamen
748 525 863 599 acrius
896 550 1003 622 quarn
1038 525 1223 621 quisquam
1256 527 1293 598 in

64 631 239 705 Philotam
265 633 426 708 invectus
453 643 517 725 est,
543 634 756 732 parricidam
781 661 860 710 esse
885 638 994 735 regis,
1021 637 1166 736 patriae,
1194 662 1292 709 exer-

30 762 51 809 n
66 744 159 835 citus,
173 745 390 820 clamitans:
422 770 631 844 saxumque,
657 747 754 842 quod
779 749 871 820 forte
898 747 1117 846 antepedes
1143 747 1291 837 iacebat,

65 856 216 953 arripuit,
244 858 438 932 emissurus
462 859 500 930 in
526 883 623 949 eum3
650 869 692 931 ut
717 858 875 957 plerique
901 858 1091 951 credidere,
1105 860 1292 932 tormentis

65 967 269 1042 subtrahere
295 969 450 1067 cupiens.
501 966 574 1042 Sed
599 995 666 1044 rex
690 995 836 1044 manum
862 971 936 1044 eius
965 969 1126 1061 inhibuit,
1153 969 1292 1043 dicendi

65 1078 154 1175 prius
188 1104 337 1153 causam
368 1079 498 1155 debere
524 1081 600 1154 fieri
626 1091 842 1180 potestatem
872 1107 950 1172 ren,
985 1106 1051 1154 nec
1077 1082 1180 1154 aliter
1204 1079 1291 1153 iudi·

21 1205 54 1256 32
67 1191 131 1262 cari
162 1215 355 1289 passurum
387 1218 441 1283 se,
473 1193 663 1266 affirmans.
716 1193 808 1266 Tum
839 1193 955 1266 dicere
987 1218 1090 1266 orsus
1121 1191 1290 1283 Philotae,

67 1301 135 1374 sive
160 1302 379 1377 conscientia
404 1304 561 1395 sceleris,
597 1305 673 1378 sive
705 1305 850 1404 periculi
884 1301 1128 1401 magnitudine
1169 1329 1291 1376 amens

16 1431 54 1481 8³
67 1415 293 1507 etattonituS,
319 1441 392 1489 non
418 1417 581 1490 attollere
607 1417 738 1508 oculos,
765 1442 838 1489 non
863 1416 999 1489 hiscere
1026 1414 1190 1488 audebat.
1226 1413 1291 1486 La·

68 1526 172 1598 trimis
199 1526 332 1600 deinde
357 1528 595 1619 manantibus,
621 1529 801 1626 linquente
828 1528 962 1617 animo,
988 1527 1025 1598 in
1052 1551 1142 1615 eum,
1171 1551 1193 1599 a
1219 1551 1289 1623 quo

68 1638 261 1729 tenebatur,
288 1638 464 1711 incubuit:
498 1639 738 1737 abstersisque
764 1639 914 1712 amiculo
941 1639 1016 1711 eius
1043 1639 1169 1732 oculis,
1204 1663 1289 1736 pau-

10 1764 57 1814 84
68 1749 153 1822 latim
176 1749 354 1847 recipiens
380 1749 543 1848 spiritum
569 1777 610 1824 ac
635 1777 771 1842 vocem,
798 1749 956 1823 dicturus
970 1749 1168 1823 videbatur.
1200 1747 1289 1821 lam-
1383 1761 1385 1765 ’

70 1885 124 1958 que
155 1887 237 1954 rex,
275 1862 417 1935 intuens
454 1887 551 1954 eum,
583 1863 784 1938 Macedones
815 1862 944 1958 inquit,
981 1861 1076 1935 dcte
1110 1859 1292 1935 iudicaturi

10 1985 147 2047 tesia:
176 1997 321 2076 qaaere,
353 1999 398 2046 aa
416 1975 532 2072 patrib
566 2000 713 2049 sernwae
738 1974 786 2048 sis
812 1974 907 2072 apud
931 1998 984 2048 eos
1010 1999 1143 2047 asurim
1196 1971 1288 2044 Tum

69 2079 221 2176 Philotas,
250 2083 389 2159 Praeter
413 2085 627 2178 Macedonas,
652 2085 776 2183 inquit,
796 2084 950 2184 plerique
975 2084 1105 2175 amant,
1132 2110 1213 2183 quos
1229 2085 1288 2185 fa·

70 2195 147 2272 iilius
171 2219 261 2298 qaae
288 2193 399 2268 dreani
417 2210 634 2295 percepturos
659 2197 815 2288 arbitror,
849 2196 881 2270 si
906 2197 1020 2269 eadem
1055 2195 1169 2296 liapaa
1185 2197 1288 2298 fuero

69 2331 146 2400 uus,
171 2333 243 2408 qua
270 2319 307 2380 ta
333 2307 440 2405 episti,
471 2333 537 2382 non
563 2308 601 2382 ob
626 2307 734 2400 aliud,
760 2307 872 2398 neda,
907 2333 1008 2407 qaam
1040 2320 1076 2379 ut
1101 2307 1205 2381 matio
1230 2319 1287 2379 tua

10 2422 57 2491 ⁸6
70 2416 186 2520 intelligi
213 2430 333 2518 posset
361 2418 568 2516 apiari'lms.
630 2417 722 2493 'lum
756 2445 837 2510 rex,
872 2419 1008 2519 Ecquid
1039 2418 1170 2511 videtu,
1205 2419 1288 2492 adeo

69 2531 147 2604 aaa
175 2528 346 2606 samonis
373 2529 479 2628 patrii
507 2530 671 2606 Pteleum
705 2530 856 2606 taedere?
891 2532 980 2606 solus
1014 2531 1136 2631 quippe
1151 2529 1290 2632 fasb'sii

68 2663 126 2716 ara
148 2643 290 2740 discere.
344 2637 414 2716 Sed
439 2641 529 2716 dicat
553 2667 643 2735 aare,
669 2655 830 2742 emaque
855 2643 888 2716 ei
912 2643 1006 2717 cordi
1029 2654 1090 2731 est,
1116 2642 1287 2727 donnau-
1364 2658 1375 2677 ⁰

91 2877 109 2944 l.
124 2883 162 2932 sl.
202 2891 353 2945 saxumque
378 2907 413 2918 -
437 2878 565 2948 arripuit]
609 2877 653 2933 Sic
686 2883 755 2930 tasse
780 2894 843 2930 num
868 2876 986 2930 Philotas
1012 2875 1058 2946 qui
1079 2874 1159 2946 paulo
1176 2881 1238 2945 post
1255 2891 1289 2928 ne

66 2939 149 2999 Iunium
170 2953 198 3000 et
222 2943 349 2998 Medium
370 2953 472 2999 secutus
494 2944 586 3017 scripsi
603 2964 652 3016 pro
686 2945 786 2998 hiscere
815 2945 922 3015 quidem
952 2946 1073 3012 auderat,
1109 2953 1167 2996 tum
1201 2962 1288 2997 orsum

65 3011 119 3083 vulg.
135 3016 231 3084 eripiat
251 3029 288 3065 ex
306 3012 651 3069 ooddrlonurfflssern.
677 3016 769 3084 fuisse
795 3031 823 3066 se
851 3015 992 3067 defendere
1017 3021 1090 3066 recte
1117 3011 1167 3064 dici
1190 3019 1287 3082 posset.

65 3076 129 3135 Bau
144 3081 292 3155 praecipue
306 3079 412 3136 Plora
429 3081 457 3135 in
474 3101 527 3154 quo
544 3083 583 3136 ita
596 3101 652 3137 cor·
687 3083 787 3135 Verum
805 3085 943 3137 ordiuntur
959 3081 1040 3135 etiam
1057 3081 1091 3148 ii,
1109 3080 1155 3151 qui
1172 3080 1288 3150 corporis

64 3159 145 3204 rectum
161 3163 212 3206 est.
686 3158 759 3204 motu
777 3166 805 3202 se
822 3150 938 3204 dicturos
956 3166 1012 3203 esse
1028 3148 1185 3220 significant.

87 3254 181 3308 scendi·
217 3254 281 3306 Τέω
300 3257 416 3321 mmm]
450 3253 652 3308 Edffiffloeffl‘
687 3222 748 3340 olii}
769 3223 919 3359 ddquaaffio
938 3220 1111 3340 θῐιαὶίιααῖιῗίφιξι]
1136 3218 1288 3356 -Edpp'petpiq

63 3315 652 3472 ἓαξικθεὲὲυῖἱῃῃῗὶἓωῇἕὲᾟάᾍῶ
686 3357 757 3476 quod
783 3366 823 3410 est
845 3356 872 3409 in
890 3375 943 3410 uno
959 3357 1031 3409 Flor.
1049 3354 1075 3409 G
1092 3363 1120 3409 et
1137 3355 1242 3426 opinor,
1260 3374 1288 3408 m

62 3451 129 3531 ¹dung.
139 3467 150 3513 1
161 3460 207 3532 qui
217 3467 445 3513 commemoratur
452 3461 523 3532 apud
531 3460 651 3513 Freinsh.

63 3536 156 3582 ¹¹⁸oestoe
177 3525 353 3582 auctoritatis
377 3532 438 3595 est).
477 3529 652 3599 Reliquorum

710 3425 743 3477 al.
762 3432 786 3479 3.
823 3425 911 3479 Ceteri
934 3441 1024 3479 omnes
1051 3428 1169 3491 taedere,
1191 3426 1238 3478 sed
1261 3423 1289 3477 in

686 3493 771 3547 altaro
805 3495 887 3548 verbo
922 3493 1032 3547 variam.
1085 3493 1165 3547 Multi
1199 3503 1289 3547 tamen

61 3594 654 3731 gffipffiqqgfflmdjrgruffqggrggffi
688 3563 1186 3753 {qqssniuliiimvlif’dniifhlui
1213 3565 1288 3683 iiii}

62 3734 290 3844 &mandans
308 3746 342 3783 ex
359 3746 405 3799 1v,
425 3739 470 3803 15’
494 3741 526 3789 ²3
546 3751 652 3787 mmm
715 3769 827 3838 fastidit
845 3788 901 3822 eum
920 3770 1031 3839 discere]
1058 3768 1167 3821 Editum
1185 3774 1226 3819 est
1241 3767 1287 3818 ad·

73 3807 170 3866 ‘pam
188 3810 317 3857 mmm
335 3811 416 3854 eram·
686 3836 738 3890 huc
765 3855 821 3891 eum
844 3840 942 3904 dicere,
970 3839 1018 3890 sed
1039 3839 1125 3889 dicere
1146 3852 1287 3888 sermonem

75 3903 104 3977 ,i-
122 3912 161 3960 82.
195 3906 290 3960 dicere
319 3919 394 3956 orsus
423 3904 554 3973 Philotas]
588 3903 650 3957 Mo·
685 3904 814 3959 neminem
823 3906 971 3960 Romanum
980 3912 1051 3985 puto
1066 3902 1168 3956 dixisse.
1186 3903 1287 3955 Verum

62 3964 103 4023 lius
131 3992 190 4029 urm
221 3973 253 4025 in
285 3969 362 4024 editis
392 3971 534 4027 invenisset
564 3973 650 4025 dicere
685 3983 726 4027 est
744 3977 857 4043 discere,
886 3975 958 4045 quod
978 3992 1006 4026 m
1030 3973 1105 4026 codd.
1123 3971 1193 4023 Flor.
1212 3969 1286 4022 Assc

60 4049 133 4096 murs
144 4043 317 4114 penitiores,
343 4038 443 4094 insuia
469 4050 559 4095 autem
576 4039 651 4093 libris
684 4043 758 4096 Laid.
781 4043 861 4098 Bern.
878 4046 905 4096 A
923 4039 1033 4096 vossi
1060 4039 1165 4110 legitur.
1201 4037 1286 4090 Nimia

62 4103 196 4180 deseras,
215 4107 371 4164 emendavit
387 4111 488 4178 iussus,
505 4111 582 4175 bene,
601 4107 650 4161 nisi
684 4129 744 4164 rum
760 4111 878 4166 Philotas
896 4110 957 4163 inde
982 4127 998 4161 a
1020 4109 1104 4180 prima
1129 4114 1216 4159 aetate
1239 4122 1286 4158 ex-

60 4174 130 4234 melu
136 4180 204 4234 illud
221 4176 355 4232 offerrent
363 4175 421 4230 libri
434 4179 546 4251 posthac
561 4176 650 4232 collati
685 4179 768 4233 ternis
786 4180 928 4234 innutritus
946 4194 1002 4230 esse
1024 4175 1140 4229 moribus
1158 4174 1284 4245 arguitur.

60 4246 84 4292 ‘i
94 4249 168 4303 nostri
185 4246 303 4320 quidem
328 4262 416 4299 omnes
439 4255 544 4318 praeter
566 4263 649 4298 unum
684 4252 716 4301 In
732 4249 824 4303 iisdem
849 4251 904 4303 sere
925 4245 998 4300 libris
1023 4253 1052 4298 et
1073 4243 1144 4297 Flor.
1163 4242 1189 4295 G
1204 4243 1285 4313 paulo

58 4300 112 4371 Fla.
125 4316 159 4388 G,
175 4317 206 4371 in
224 4332 283 4387 quo
301 4320 378 4367 extat
394 4317 464 4385 quod
472 4325 578 4370 veteres
593 4314 648 4367 edi·
683 4326 745 4387 post
762 4328 889 4389 utcunque
907 4317 936 4369 ei
953 4315 1027 4367 cordi
1044 4322 1082 4365 est
1099 4310 1207 4380 legitur,
1225 4329 1285 4365 cum

58 4377 112 4438 lau
130 4389 333 4458 expresserunt.
367 4383 481 4439 Videtur
502 4386 584 4438 homo
601 4383 648 4437 do·
681 4386 823 4458 areliquis
849 4396 878 4440 et
903 4383 983 4452 vulgo
1005 4380 1082 4435 editis
1101 4379 1170 4432 absit
1187 4397 1285 4450 prouo-

56 4449 115 4522 ctu,
140 4454 187 4526 qui
213 4451 296 4508 illum
313 4449 407 4506 librum
425 4454 553 4522 correxit,
571 4451 647 4506 dubi·
682 4473 751 4509 men.
