2926 5174
118 362 121 368 .
183 301 232 373 94
648 317 682 380 o.
712 316 836 368 euaru
862 316 947 367 nuri

180 501 366 602 impetrari
390 525 497 599 posse
523 499 739 590 crediderat,
775 501 822 573 ad
852 499 1071 597 reparandas
1100 497 1198 570 vires
1227 496 1419 594 bellumque

182 615 333 712 impigre
364 611 612 685 renovandum
642 610 797 683 intendit
828 611 995 683 animum.
1046 607 1170 681 Duces
1199 632 1291 705 ergo
1318 609 1441 706 copia-r

181 751 263 798 rum
287 723 526 822 Babyloniam
552 723 759 811 convenire,
784 719 937 794 Bessum
963 746 1121 818 quoque,
1153 718 1419 791 Bactrianorum

182 846 397 935 praetorem,
411 859 519 931 quam
544 832 702 905 maximo
728 842 853 930 posset
879 833 1039 905 exercitu
1058 841 1198 920 coact0,
1214 828 1419 902 descendere

182 947 230 1020 ad
257 972 296 1020 se
321 946 431 1018 iubet.
476 941 569 1016 Sunt
593 952 716 1017 autem
732 940 913 1014 Bactriani
938 943 1032 1015 inter
1056 943 1136 1014 illas
1155 951 1290 1040 gentes
1317 960 1439 1039 prom-r

181 1055 353 1156 ptissimi,
393 1053 548 1126 horridis
582 1052 752 1151 ingeniis,
793 1054 1016 1150 multumque
1052 1079 1074 1126 a
1108 1053 1312 1127 Persarum
1345 1052 1419 1122 luxu

183 1167 478 1241 abhorrentibus:
518 1164 576 1237 siti
616 1161 714 1234 haud
748 1164 874 1260 procul
908 1160 1125 1262 Scytharum
1160 1163 1419 1238 bellicosissima

183 1288 291 1377 gente
317 1287 354 1349 et
379 1288 484 1374 rapto
511 1277 634 1349 vivere
660 1286 805 1347 assueta
831 1299 972 1372 semper
997 1276 1034 1346 in
1060 1274 1171 1346 armis
1201 1286 1318 1347 erant.
1362 1271 1439 1346 Sede

180 1386 315 1463 Bessus
353 1398 521 1485 suspecta
552 1384 720 1484 perfidia,
755 1384 854 1457 haud
889 1409 974 1458 sane
995 1411 1124 1482 aequo
1159 1386 1286 1458 animo
1320 1386 1357 1458 in
1379 1409 1418 1457 se

183 1498 302 1571 cundo
334 1523 374 1572 se
401 1499 586 1570 continens
613 1497 744 1595 gradu,
777 1520 899 1592 regem
924 1495 1092 1568 terrebat.
1145 1493 1247 1567 Nam
1275 1521 1357 1568 cum
1378 1519 1417 1567 re-

183 1635 295 1707 gnum
321 1609 520 1700 affectaret,
553 1606 723 1706 proditio,
756 1632 839 1703 qua.
859 1606 936 1677 sola
961 1605 999 1678 id
1024 1606 1169 1702 assequi
1197 1619 1361 1705 poterat,
1388 1606 1418 1678 ti·

184 1720 360 1793 mebatur.

289 1829 456 1905 Ceterum
481 1828 704 1917 Alexander,
737 1852 845 1923 quam
875 1828 1058 1924 regionem
1091 1825 1240 1901 Dareus
1279 1828 1436 1927 petissett

183 1943 281 2015 omni
316 1967 402 2014 cura
433 1942 632 2038 vestigans,
665 1949 786 2010 tamen
818 1939 1007 2034 explorare
1032 1965 1106 2011 non
1132 1950 1305 2036 poterat,
1339 1961 1418 2009 more

183 2054 340 2152 quodam
365 2052 568 2141 Persarum,
595 2075 727 2123 arcana
752 2075 879 2146 regum
904 2051 995 2123 mira
1020 2050 1219 2122 celantium
1247 2050 1332 2123 fide.
1356 2047 1437 2122 Nou

220 2354 284 2424 Gap.
303 2359 345 2418 25,
365 2358 388 2419 §-
407 2359 431 2405 2.
448 2354 621 2420 Bobplom‘am
640 2355 786 2424 conuenire]
821 2370 852 2406 ac
869 2354 902 2405 de
924 2370 997 2407 more
1015 2371 1063 2406 suo
1081 2351 1195 2405 Curtius
1221 2354 1316 2408 dicere
1333 2357 1416 2426 potent

182 2423 289 2477 Nomen
306 2421 377 2474 urbis
395 2420 422 2473 in
440 2421 511 2473 Flor.
524 2420 589 2473 EGI
607 2422 786 2490 habesBabp-
822 2432 918 2491 quanto
936 2423 1049 2475 marimo
1061 2430 1168 2489 posset,
1194 2423 1246 2474 sed
1271 2441 1362 2476 verum
1377 2435 1416 2475 esre
1439 2443 1443 2452 ·

185 2495 276 2558 lanan,
299 2489 390 2559 itaque
416 2488 499 2541 edidit
517 2488 622 2542 Modius
644 2491 677 2542 de
699 2490 786 2544 conie-
821 2490 901 2542 etiam
922 2490 988 2543 illud
1005 2491 1039 2543 ad
1056 2505 1107 2548 111,
1129 2497 1161 2542 21
1184 2491 1415 2546 demonstravimus

184 2567 261 2614 etura
287 2557 392 2628 opinor,
420 2566 492 2610 certe
518 2575 572 2610 non
598 2575 631 2610 ex
657 2558 707 2612 illis
733 2558 786 2611 suis
856 2561 879 2626 ξ.
903 2565 928 2611 3.
963 2561 1060 2628 procul
1091 2559 1258 2626 Scytharum
1291 2593 1326 2602 -
1347 2556 1414 2630 prate]

184 2647 201 2682 ο
220 2626 301 2694 timis,
318 2634 350 2678 ut
367 2625 476 2679 coniicio
494 2643 528 2678 ex
545 2626 685 2681 nostriset
704 2627 785 2681 Snak.
820 2628 889 2679 Edd.
915 2636 1019 2680 veteres
1052 2633 1115 2679 ante
1140 2627 1273 2680 Medium
1297 2630 1414 2698 procula

184 2647 299 2750 silentio.
326 2694 396 2747 Vide
414 2695 447 2747 ad
464 2709 509 2761 111,
528 2701 553 2763 4,
572 2702 597 2748 2.
821 2697 908 2762 Septa.
926 2695 994 2749 sicut
1010 2694 1082 2747 Flor.
1100 2693 1196 2747 DFGI
1214 2705 1246 2750 et
1285 2699 1339 2750 uod
1353 2696 1414 2749 miror

218 2765 424 2817 Bactrianorum
437 2773 585 2832 praetorem
603 2782 680 2833 quam
703 2765 788 2817 mori·
822 2764 899 2817 Voss.
920 2771 942 2816 1.
977 2764 1028 2816 Est
1045 2770 1134 2815 autern
1153 2773 1255 2818 contra
1300 2765 1359 2819 urtii
1374 2779 1413 2817 no

182 2852 225 2886 mo
239 2842 330 2902 posset
347 2833 461 2885 exercitu
483 2836 579 2901 coacto]
617 2833 705 2902 Vulgo
723 2831 788 2885 editi
822 2849 891 2898 rem,
916 2832 963 2902 qui
980 2849 1083 2902 semper
1099 2849 1153 2884 uno
1173 2831 1237 2886 loco
1256 2850 1308 2902 1v,
1331 2835 1413 2898 11,21

183 2902 277 2955 Bactr.
300 2903 399 2964 ducem,
417 2918 547 2969 perquam
569 2904 681 2954 marimo
698 2910 789 2971 posset
822 2908 934 2970 excepto
958 2904 1055 2971 procul
1084 2917 1143 2954 cum
1176 2901 1297 2973 simplici
1322 2899 1414 2956 ablativo

184 2972 300 3023 exercitu
326 2980 431 3036 coacto,
462 2971 508 3022 sed
544 2969 672 3023 omittunt
699 2973 787 3023 ducem
822 2969 967 3040 coniungit.

185 3038 492 3110 optimiLeid.Voss.l
512 3038 787 3104 monasterus,
857 3049 963 3092 assueta
981 3057 1033 3091 sem
1053 3056 1081 3091 er
1103 3038 1132 3089 r'u
1153 3041 1244 3092 armis
1269 3039 1351 3109 eraut]
1378 3033 1412 3087 stc

185 3115 214 3160 et
231 3108 308 3161 ambo
329 3109 411 3160 verba
432 3108 523 3159 Baetr.
543 3111 631 3160 ducem
654 3107 735 3159 Bern.
762 3106 786 3158 B
822 3115 851 3159 et
868 3106 987 3161 codicum
1004 3107 1021 3158 fi
1041 3123 1083 3158 em
1104 3113 1132 3158 et
1150 3105 1191 3158 rei
1211 3108 1355 3161 veritatem
1368 3111 1413 3157 tue-

183 3176 254 3229 Flor.
274 3176 357 3230 CEH.
393 3176 463 3228 Tum
485 3174 601 3228 Gronov.
620 3176 731 3229 Observ.
753 3190 787 3242 11,
822 3176 917 3242 bimur,
936 3193 996 3228 nam
1014 3175 1086 3229 locus
1104 3175 1137 3226 ab
1156 3174 1320 3241 editoribus,
1336 3171 1415 3246 partim

184 3250 200 3298 8
218 3244 274 3296 iure
292 3244 320 3296 in
336 3243 531 3297 constructione
549 3244 703 3323 superlativi
726 3261 785 3296 cum
821 3252 853 3296 ut
870 3243 1059 3314 elegantiorem
1077 3243 1214 3310 facerent,
1240 3244 1340 3315 partim
1361 3237 1414 3312 quod

178 3330 309 3382 perquam
327 3311 447 3376 offendit,
465 3310 543 3381 quam
561 3330 582 3363 sr
595 3312 653 3382 quis
662 3328 787 3365 excusare
821 3312 945 3366 historiae
966 3311 1003 3365 sic
1024 3318 1149 3382 putarent
1174 3313 1334 3379 convenire,
1360 3306 1414 3362 vait

183 3379 298 3432 voluerit
324 3379 376 3431 levi
406 3388 599 3449 postremorum
630 3379 787 3450 scriptorum
821 3390 960 3451 corruptus
978 3380 1015 3433 sic
1031 3379 1228 3434 circumfertur:
1253 3381 1354 3435 assueti
1365 3394 1414 3432 aar·
1454 3396 1457 3405 ·

183 3446 353 3513 auctoritate,
364 3464 406 3499 ex.
424 3465 464 3514 gr.
485 3447 608 3517 Appuleii
625 3449 734 3501 Metam.
753 3464 784 3516 11,
816 3467 915 3520 perque
933 3451 961 3501 ia
979 3451 1062 3502 armis
1080 3457 1180 3500 errant.
1204 3449 1251 3501 Ex
1266 3449 1308 3502 his
1321 3462 1414 3516 semper-

183 3520 218 3568 25
241 3524 350 3567 tucetum
376 3532 502 3583 perquam
532 3518 730 3584 sapidissimum
757 3525 785 3570 et
820 3536 869 3587 que
895 3536 911 3571 a
932 3516 1091 3587 principibus
1115 3514 1283 3571 editionibus
1319 3530 1413 3597 ropsgtr

182 3581 323 3653 Pomponii
345 3583 372 3634 in
394 3581 538 3636 enchiridio
561 3588 583 3652 §-
601 3593 634 3638 44
658 3585 733 3655 (Dig.
751 3587 785 3638 de
821 3596 888 3651 turn,
907 3596 997 3638 errant
1022 3603 1070 3655 pro
1089 3593 1164 3636 erant
1189 3585 1258 3638 lecit
1281 3536 1414 3639 nloauset

183 3650 249 3731 orig.
277 3650 339 3719 iur.)
361 3668 490 3720 perquam
516 3654 679 3706 brevissimos
706 3656 786 3708 libros
839 3656 891 3707 uod
909 3654 1033 3706 miramur
1050 3654 1106 3705 fere
1124 3650 1151 3703 in
1169 3653 1350 3707 deteriou'bus
1364 3648 1414 3704 acci·

182 3721 289 3787 reloquit
307 3719 371 3783 (vid.
390 3719 513 3773 Ruddim.
532 3721 598 3775 Inst.
622 3722 700 3776 Tom.
719 3737 742 3774 11
759 3742 785 3794 p.
821 3673 890 3775 disse
907 3721 1037 3775 studiosos
1054 3720 1202 3774 imitatores
1221 3721 1341 3788 invenit,
1363 3719 1414 3772 Tau

183 3794 233 3841 306
253 3787 371 3857 Sunt),
389 3796 479 3841 tamen
495 3791 605 3843 verbum
618 3810 697 3860 posce
715 3791 786 3843 adie-
820 3791 907 3844 Faber
929 3790 1041 3870 denique
1066 3788 1147 3841 etiam
1173 3793 1281 3844 assueti
1307 3785 1413 3849 correxit,

183 3862 380 3926 ctum'prorsus
402 3858 596 3912 condemnabit.
631 3859 726 3930 Itaque
743 3877 785 3912 me
841 3861 893 3912 uod
911 3858 1039 3912 Callanus
1061 3865 1090 3909 et
1107 3856 1245 3911 Snakenb.
1264 3859 1414 3928 receperunt

183 3924 288 3995 quidem
328 3925 414 3978 iudice
454 3927 596 3980 rectissime
635 3928 785 3981 Gronovius
847 3944 921 3980 erum
945 3925 1082 3979 Bactriani
1112 3943 1167 3978 non
1194 3929 1319 3980 vivebant
1343 3933 1412 3994 rapto,

182 3992 332 4046 emendavit
348 3996 554 4048 Bactrianorum
566 4008 726 4066 praetorem,
736 3996 784 4049 sic·
820 3997 867 4049 sed
884 4005 912 4048 et
929 4014 1006 4066 agros
1025 3994 1146 4047 colebant
1163 3994 1212 4047 ubi
1222 3996 1311 4049 solum
1319 3989 1412 4066 permit·
1455 4044 1457 4051 .

182 4069 214 4113 ut
227 4069 348 4132 satrapae
367 4080 445 4133 saepe
458 4064 625 4134 appellantur
643 4069 683 4131 (et
698 4064 785 4135 gentis
819 4066 896 4117 tebat
917 4072 946 4117 et
971 4063 1113 4132 diligenter
1138 4065 1301 4131 pascebant:
1336 4063 1365 4116 cf.
1387 4071 1411 4110 1¹0
1455 4080 1457 4133 ξ

185 4146 237 4198 quo
257 4146 308 4196 ue,
327 4132 368 4184 cui
385 4141 525 4202 praesunt,
548 4133 665 4202 genitivo
682 4134 785 4186 adiecto
819 4132 923 4202 longius
941 4135 1032 4186 abeam
1050 4131 1095 4184 lib.
1113 4145 1170 4196 vn,
1192 4138 1233 4184 18.
1271 4132 1366 4203 Itaque
1386 4139 1411 4178 πθ
1455 4138 1457 4149 “

183 4213 250 4266 appe
271 4199 309 4251 ari
317 4210 437 4269 possunt,
450 4209 481 4253 ut
491 4203 665 4254 Susianorum
674 4213 785 4270 satrapa
820 4203 945 4253 errabam
971 4200 1077 4272 quidem
1094 4199 1122 4251 in
1140 4199 1234 4267 armis,
1264 4203 1311 4254 sed
1328 4208 1410 4253 uuum·
1454 4164 1457 4237 l

183 4272 224 4316 est
243 4280 277 4332 v,
298 4274 328 4320 12
347 4288 386 4338 pr.
404 4276 432 4321 et
454 4281 564 4338 praetor
580 4272 785 4324 Bactrianorum
821 4286 874 4340 que
896 4270 947 4323 hoc
969 4288 1028 4323 cum
1051 4267 1157 4338 Scythis
1183 4269 1322 4348 proprium
1347 4268 1408 4326 eretis

182 4347 228 4400 rx,
244 4342 287 4401 31,
307 4341 363 4402 10);
383 4354 461 4405 quam
478 4340 591 4390 marimo
603 4350 695 4408 posset
713 4357 785 4392 erer-
820 4346 929 4409 propter
953 4336 1121 4391 turbulentos
1143 4335 1245 4390 manos
1264 4337 1333 4391 bello
1349 4346 1409 4386 exer·

184 4403 236 4455 citu
255 4414 356 4472 coacto,
375 4423 424 4475 pro
442 4422 495 4475 quo
513 4405 660 4476 elegantius
678 4407 786 4478 quidem
820 4406 895 4460 citati
912 4414 997 4460 erant.
