<?xml version="1.0" encoding="UTF-8"?>
<!DOCTYPE html PUBLIC "-//W3C//DTD XHTML 1.0 Transitional//EN"
    "http://www.w3.org/TR/xhtml1/DTD/xhtml1-transitional.dtd">
<html xmlns="http://www.w3.org/1999/xhtml" xml:lang="en" lang="en">
 <head>
  <title>
</title>
<meta http-equiv="Content-Type" content="text/html;charset=utf-8" />
  <meta name='ocr-system' content='tesseract 3.04.00' />
  <meta name='ocr-capabilities' content='ocr_page ocr_carea ocr_par ocr_line ocrx_word'/>
</head>
<body>
  <div class='ocr_page' id='page_1' title='image "./qcurtiirufidege01rufugoog_0109.png"; bbox 0 0 2926 5174; ppageno 0'>
   <div class='ocr_carea' id='block_1_1' title="bbox 109 283 873 362">
    <p class='ocr_par' dir='ltr' id='par_1_1' title="bbox 109 283 873 362">
     <span class='ocr_line' id='line_1_1' title="bbox 109 283 873 362; baseline -0.009 -5"><span class='ocrx_word' id='word_1_1' title='bbox 109 283 156 358; x_wconf 87' lang='grc'>78</span> <span class='ocrx_word' id='word_1_2' title='bbox 577 297 611 362; x_wconf 85' lang='lat' dir='ltr'>o.</span> <span class='ocrx_word' id='word_1_3' title='bbox 639 298 764 359; x_wconf 78' lang='lat' dir='ltr'>curru</span> <span class='ocrx_word' id='word_1_4' title='bbox 788 297 873 350; x_wconf 83' lang='lat' dir='ltr'>nnn</span> 
     </span>
    </p>
   </div>
   <div class='ocr_carea' id='block_1_2' title="bbox 57 477 1357 1796">
    <p class='ocr_par' dir='ltr' id='par_1_2' title="bbox 104 477 1357 1134">
     <span class='ocr_line' id='line_1_2' title="bbox 105 477 1337 580; baseline -0.004 -21"><span class='ocrx_word' id='word_1_5' title='bbox 105 495 224 559; x_wconf 85' lang='lat' dir='ltr'>totum</span> <span class='ocrx_word' id='word_1_6' title='bbox 243 509 290 557; x_wconf 86' lang='lat' dir='ltr'>ex</span> <span class='ocrx_word' id='word_1_7' title='bbox 308 481 486 580; x_wconf 88' lang='lat' dir='ltr'>profundo</span> <span class='ocrx_word' id='word_1_8' title='bbox 505 505 604 579; x_wconf 83' lang='lat' dir='ltr'>mare</span> <span class='ocrx_word' id='word_1_9' title='bbox 620 481 718 554; x_wconf 80' lang='lat' dir='ltr'>illisit</span> <span class='ocrx_word' id='word_1_10' title='bbox 737 481 775 552; x_wconf 90' lang='lat' dir='ltr'>in</span> <span class='ocrx_word' id='word_1_11' title='bbox 792 481 933 570; x_wconf 89' lang='lat' dir='ltr'>molem,</span> <span class='ocrx_word' id='word_1_12' title='bbox 955 481 1168 577; x_wconf 79' lang='lat' dir='ltr'>crebrisque</span> <span class='ocrx_word' id='word_1_13' title='bbox 1186 477 1337 554; x_wconf 82' lang='lat' dir='ltr'>fluctibus</span> 
     </span>
     <span class='ocr_line' id='line_1_3' title="bbox 106 591 1337 693; baseline -0.002 -25"><span class='ocrx_word' id='word_1_14' title='bbox 106 619 296 693; x_wconf 80' lang='lat' dir='ltr'>compages</span> <span class='ocrx_word' id='word_1_15' title='bbox 328 594 445 691; x_wconf 85' lang='lat' dir='ltr'>operis</span> <span class='ocrx_word' id='word_1_16' title='bbox 477 593 687 665; x_wconf 79' lang='lat' dir='ltr'>verberatae</span> <span class='ocrx_word' id='word_1_17' title='bbox 719 593 907 680; x_wconf 84' lang='lat' dir='ltr'>laxavere,</span> <span class='ocrx_word' id='word_1_18' title='bbox 941 616 1106 688; x_wconf 89' lang='lat' dir='ltr'>saxaque</span> <span class='ocrx_word' id='word_1_19' title='bbox 1142 591 1337 665; x_wconf 82' lang='lat' dir='ltr'>interfluens</span> 
     </span>
     <span class='ocr_line' id='line_1_4' title="bbox 105 699 1357 800; baseline -0.007 -21"><span class='ocrx_word' id='word_1_20' title='bbox 105 706 204 779; x_wconf 89' lang='lat' dir='ltr'>unda</span> <span class='ocrx_word' id='word_1_21' title='bbox 238 703 396 778; x_wconf 92' lang='lat' dir='ltr'>medium</span> <span class='ocrx_word' id='word_1_22' title='bbox 431 728 521 800; x_wconf 86' lang='lat' dir='ltr'>opus</span> <span class='ocrx_word' id='word_1_23' title='bbox 552 704 659 800; x_wconf 90' lang='lat' dir='ltr'>rupit.</span> <span class='ocrx_word' id='word_1_24' title='bbox 711 702 873 776; x_wconf 79' lang='lat' dir='ltr'>Prorutis</span> <span class='ocrx_word' id='word_1_25' title='bbox 904 701 1013 798; x_wconf 83' lang='lat' dir='ltr'>igitur</span> <span class='ocrx_word' id='word_1_26' title='bbox 1038 699 1206 799; x_wconf 90' lang='lat' dir='ltr'>lapidum</span> <span class='ocrx_word' id='word_1_27' title='bbox 1233 725 1357 776; x_wconf 79' lang='lat' dir='ltr'>cumn-r</span> 
     </span>
     <span class='ocr_line' id='line_1_5' title="bbox 104 812 1336 913; baseline -0.003 -25"><span class='ocrx_word' id='word_1_28' title='bbox 104 817 158 906; x_wconf 76' lang='lat' dir='ltr'>lie,</span> <span class='ocrx_word' id='word_1_29' title='bbox 173 816 301 913; x_wconf 89' lang='lat' dir='ltr'>quibus</span> <span class='ocrx_word' id='word_1_30' title='bbox 327 815 456 888; x_wconf 84' lang='lat' dir='ltr'>iniecta</span> <span class='ocrx_word' id='word_1_31' title='bbox 482 824 579 887; x_wconf 87' lang='lat' dir='ltr'>terre</span> <span class='ocrx_word' id='word_1_32' title='bbox 604 813 857 902; x_wconf 82' lang='lat' dir='ltr'>sustinebatur,</span> <span class='ocrx_word' id='word_1_33' title='bbox 871 836 1044 910; x_wconf 86' lang='lat' dir='ltr'>praeceps</span> <span class='ocrx_word' id='word_1_34' title='bbox 1064 812 1103 884; x_wconf 91' lang='lat' dir='ltr'>in</span> <span class='ocrx_word' id='word_1_35' title='bbox 1128 812 1336 910; x_wconf 88' lang='lat' dir='ltr'>profundum</span> 
     </span>
     <span class='ocr_line' id='line_1_6' title="bbox 104 921 1335 1021; baseline -0.002 -23"><span class='ocrx_word' id='word_1_36' title='bbox 104 927 192 1016; x_wconf 90' lang='lat' dir='ltr'>ruit,</span> <span class='ocrx_word' id='word_1_37' title='bbox 225 933 419 1021; x_wconf 85' lang='lat' dir='ltr'>tantaeque</span> <span class='ocrx_word' id='word_1_38' title='bbox 453 924 556 997; x_wconf 91' lang='lat' dir='ltr'>molis</span> <span class='ocrx_word' id='word_1_39' title='bbox 591 924 656 997; x_wconf 86' lang='lat' dir='ltr'>vix</span> <span class='ocrx_word' id='word_1_40' title='bbox 690 924 764 995; x_wconf 89' lang='lat' dir='ltr'>ulla</span> <span class='ocrx_word' id='word_1_41' title='bbox 788 922 941 1020; x_wconf 84' lang='lat' dir='ltr'>vestigia</span> <span class='ocrx_word' id='word_1_42' title='bbox 965 921 1109 995; x_wconf 89' lang='lat' dir='ltr'>invenit</span> <span class='ocrx_word' id='word_1_43' title='bbox 1133 921 1273 999; x_wconf 79' lang='lat' dir='ltr'>Arabia</span> <span class='ocrx_word' id='word_1_44' title='bbox 1295 948 1335 996; x_wconf 91' lang='lat' dir='ltr'>re·</span> 
     </span>
     <span class='ocr_line' id='line_1_7' title="bbox 106 1034 451 1134; baseline -0.012 -24"><span class='ocrx_word' id='word_1_45' title='bbox 106 1035 207 1110; x_wconf 91' lang='lat' dir='ltr'>diens</span> <span class='ocrx_word' id='word_1_46' title='bbox 234 1034 451 1134; x_wconf 67' lang='lat' dir='ltr'>Alenander.</span> 
     </span>
    </p>

    <p class='ocr_par' dir='ltr' id='par_1_3' title="bbox 57 1141 1355 1796">
     <span class='ocr_line' id='line_1_8' title="bbox 57 1141 1335 1243; baseline 0 -26"><span class='ocrx_word' id='word_1_47' title='bbox 57 1147 104 1217; x_wconf 88' lang='grc'>13</span> <span class='ocrx_word' id='word_1_48' title='bbox 208 1145 286 1236; x_wconf 90' lang='lat' dir='ltr'>Hie,</span> <span class='ocrx_word' id='word_1_49' title='bbox 313 1144 410 1243; x_wconf 90' lang='lat' dir='ltr'>quod</span> <span class='ocrx_word' id='word_1_50' title='bbox 436 1146 473 1217; x_wconf 94' lang='lat' dir='ltr'>in</span> <span class='ocrx_word' id='word_1_51' title='bbox 499 1142 662 1218; x_wconf 87' lang='lat' dir='ltr'>adversis</span> <span class='ocrx_word' id='word_1_52' title='bbox 689 1142 796 1214; x_wconf 91' lang='lat' dir='ltr'>rebus</span> <span class='ocrx_word' id='word_1_53' title='bbox 823 1141 916 1214; x_wconf 87' lang='lat' dir='ltr'>solet</span> <span class='ocrx_word' id='word_1_54' title='bbox 939 1141 1028 1232; x_wconf 89' lang='lat' dir='ltr'>fieri,</span> <span class='ocrx_word' id='word_1_55' title='bbox 1056 1143 1149 1216; x_wconf 88' lang='lat' dir='ltr'>alius</span> <span class='ocrx_word' id='word_1_56' title='bbox 1176 1143 1217 1216; x_wconf 92' lang='lat' dir='ltr'>in</span> <span class='ocrx_word' id='word_1_57' title='bbox 1242 1143 1335 1216; x_wconf 87' lang='lat' dir='ltr'>aliun</span> 
     </span>
     <span class='ocr_line' id='line_1_9' title="bbox 105 1252 1335 1356; baseline -0.002 -24"><span class='ocrx_word' id='word_1_58' title='bbox 105 1259 247 1356; x_wconf 91' lang='lat' dir='ltr'>culpam</span> <span class='ocrx_word' id='word_1_59' title='bbox 285 1257 507 1344; x_wconf 83' lang='lat' dir='ltr'>referebant,</span> <span class='ocrx_word' id='word_1_60' title='bbox 546 1279 628 1327; x_wconf 88' lang='lat' dir='ltr'>cum</span> <span class='ocrx_word' id='word_1_61' title='bbox 668 1277 791 1325; x_wconf 88' lang='lat' dir='ltr'>omnes</span> <span class='ocrx_word' id='word_1_62' title='bbox 825 1252 945 1324; x_wconf 91' lang='lat' dir='ltr'>verius</span> <span class='ocrx_word' id='word_1_63' title='bbox 980 1252 1026 1326; x_wconf 92' lang='lat' dir='ltr'>de</span> <span class='ocrx_word' id='word_1_64' title='bbox 1061 1253 1219 1329; x_wconf 84' lang='lat' dir='ltr'>saevitia</span> <span class='ocrx_word' id='word_1_65' title='bbox 1242 1254 1335 1329; x_wconf 85' lang='lat' dir='ltr'>maris</span> 
     </span>
     <span class='ocr_line' id='line_1_10' title="bbox 105 1360 1355 1467; baseline -0.016 -25"><span class='ocrx_word' id='word_1_66' title='bbox 105 1369 205 1467; x_wconf 93' lang='lat' dir='ltr'>queri</span> <span class='ocrx_word' id='word_1_67' title='bbox 231 1377 388 1465; x_wconf 89' lang='lat' dir='ltr'>possent.</span> <span class='ocrx_word' id='word_1_68' title='bbox 428 1365 509 1438; x_wconf 85' lang='lat' dir='ltr'>Rex</span> <span class='ocrx_word' id='word_1_69' title='bbox 534 1365 621 1438; x_wconf 86' lang='lat' dir='ltr'>novi</span> <span class='ocrx_word' id='word_1_70' title='bbox 647 1364 764 1462; x_wconf 86' lang='lat' dir='ltr'>operis</span> <span class='ocrx_word' id='word_1_71' title='bbox 789 1362 921 1434; x_wconf 91' lang='lat' dir='ltr'>molem</span> <span class='ocrx_word' id='word_1_72' title='bbox 947 1388 1062 1455; x_wconf 84' lang='lat' dir='ltr'>orsus,</span> <span class='ocrx_word' id='word_1_73' title='bbox 1088 1360 1355 1461; x_wconf 54' lang='lat' dir='ltr'>indemens</span> 
     </span>
     <span class='ocr_line' id='line_1_11' title="bbox 104 1471 1335 1565; baseline -0.006 -12"><span class='ocrx_word' id='word_1_74' title='bbox 104 1489 255 1554; x_wconf 86' lang='lat' dir='ltr'>ventum</span> <span class='ocrx_word' id='word_1_75' title='bbox 293 1502 367 1549; x_wconf 92' lang='lat' dir='ltr'>non</span> <span class='ocrx_word' id='word_1_76' title='bbox 405 1477 536 1565; x_wconf 87' lang='lat' dir='ltr'>latere,</span> <span class='ocrx_word' id='word_1_77' title='bbox 577 1474 640 1548; x_wconf 91' lang='lat' dir='ltr'>sed</span> <span class='ocrx_word' id='word_1_78' title='bbox 673 1485 773 1548; x_wconf 88' lang='lat' dir='ltr'>recta</span> <span class='ocrx_word' id='word_1_79' title='bbox 802 1474 921 1546; x_wconf 92' lang='lat' dir='ltr'>fronte</span> <span class='ocrx_word' id='word_1_80' title='bbox 953 1471 1104 1548; x_wconf 81' lang='lat' dir='ltr'>direxit:</span> <span class='ocrx_word' id='word_1_81' title='bbox 1133 1498 1194 1551; x_wconf 79' lang='lat' dir='ltr'>ea</span> <span class='ocrx_word' id='word_1_82' title='bbox 1218 1484 1335 1559; x_wconf 68' lang='lat' dir='ltr'>,escen</span> 
     </span>
     <span class='ocr_line' id='line_1_12' title="bbox 106 1582 1334 1686; baseline -0.003 -25"><span class='ocrx_word' id='word_1_83' title='bbox 106 1613 234 1686; x_wconf 90' lang='lat' dir='ltr'>opera,</span> <span class='ocrx_word' id='word_1_84' title='bbox 260 1587 362 1660; x_wconf 87' lang='lat' dir='ltr'>velut</span> <span class='ocrx_word' id='word_1_85' title='bbox 388 1587 456 1659; x_wconf 92' lang='lat' dir='ltr'>sub</span> <span class='ocrx_word' id='word_1_86' title='bbox 481 1586 561 1683; x_wconf 87' lang='lat' dir='ltr'>ipsa</span> <span class='ocrx_word' id='word_1_87' title='bbox 585 1586 752 1675; x_wconf 85' lang='lat' dir='ltr'>latentia,</span> <span class='ocrx_word' id='word_1_88' title='bbox 786 1584 972 1656; x_wconf 89' lang='lat' dir='ltr'>tuebatur:</span> <span class='ocrx_word' id='word_1_89' title='bbox 1004 1582 1334 1684; x_wconf 78' lang='lat' dir='ltr'>latitudinemque</span> 
     </span>
     <span class='ocr_line' id='line_1_13' title="bbox 106 1691 1334 1796; baseline -0.002 -24"><span class='ocrx_word' id='word_1_90' title='bbox 106 1724 175 1795; x_wconf 92' lang='lat' dir='ltr'>que</span> <span class='ocrx_word' id='word_1_91' title='bbox 201 1697 323 1796; x_wconf 85' lang='lat' dir='ltr'>aggeri</span> <span class='ocrx_word' id='word_1_92' title='bbox 349 1695 488 1787; x_wconf 86' lang='lat' dir='ltr'>adiecit,</span> <span class='ocrx_word' id='word_1_93' title='bbox 509 1706 551 1768; x_wconf 87' lang='lat' dir='ltr'>ut</span> <span class='ocrx_word' id='word_1_94' title='bbox 576 1707 693 1768; x_wconf 87' lang='lat' dir='ltr'>turres</span> <span class='ocrx_word' id='word_1_95' title='bbox 718 1695 756 1766; x_wconf 92' lang='lat' dir='ltr'>in</span> <span class='ocrx_word' id='word_1_96' title='bbox 781 1691 900 1766; x_wconf 91' lang='lat' dir='ltr'>medio</span> <span class='ocrx_word' id='word_1_97' title='bbox 927 1694 1107 1769; x_wconf 71' lang='lat' dir='ltr'>excitatae</span> <span class='ocrx_word' id='word_1_98' title='bbox 1133 1697 1265 1794; x_wconf 89' lang='lat' dir='ltr'>procul</span> <span class='ocrx_word' id='word_1_99' title='bbox 1287 1695 1334 1769; x_wconf 85' lang='lat' dir='ltr'>teli</span> 
     </span>
    </p>
   </div>
   <div class='ocr_carea' id='block_1_3' title="bbox 51 1849 1333 2684">
    <p class='ocr_par' dir='ltr' id='par_1_4' title="bbox 51 1849 1333 2684">
     <span class='ocr_line' id='line_1_14' title="bbox 51 1849 1332 1942; baseline -0.005 -24"><span class='ocrx_word' id='word_1_100' title='bbox 51 1849 55 1867; x_wconf 78' lang='grc'><em>’</em></span> <span class='ocrx_word' id='word_1_101' title='bbox 140 1866 163 1932; x_wconf 72' lang='lat'>5.</span> <span class='ocrx_word' id='word_1_102' title='bbox 182 1870 205 1918; x_wconf 77' lang='lat' dir='ltr'>d.</span> <span class='ocrx_word' id='word_1_103' title='bbox 233 1873 312 1918; x_wconf 85' lang='lat' dir='ltr'>totum</span> <span class='ocrx_word' id='word_1_104' title='bbox 329 1881 360 1916; x_wconf 81' lang='lat' dir='ltr'>ea</span> <span class='ocrx_word' id='word_1_105' title='bbox 373 1865 507 1935; x_wconf 70' lang='lat' dir='ltr'>prtffuado</span> <span class='ocrx_word' id='word_1_106' title='bbox 525 1881 598 1915; x_wconf 84' lang='lat' dir='ltr'>mare</span> <span class='ocrx_word' id='word_1_107' title='bbox 616 1863 703 1932; x_wconf 82' lang='lat' dir='ltr'>illisit]</span> <span class='ocrx_word' id='word_1_108' title='bbox 740 1858 909 1932; x_wconf 85' lang='lat' dir='ltr'>collegerunt.</span> <span class='ocrx_word' id='word_1_109' title='bbox 930 1859 1032 1915; x_wconf 87' lang='lat' dir='ltr'>Nostro</span> <span class='ocrx_word' id='word_1_110' title='bbox 1046 1861 1159 1942; x_wconf 88' lang='lat' dir='ltr'>quidem</span> <span class='ocrx_word' id='word_1_111' title='bbox 1172 1861 1332 1930; x_wconf 83' lang='lat' dir='ltr'>loeo,siides</span> 
     </span>
     <span class='ocr_line' id='line_1_15' title="bbox 103 1929 1333 2012; baseline -0.002 -26"><span class='ocrx_word' id='word_1_112' title='bbox 103 1932 219 2012; x_wconf 82' lang='lat' dir='ltr'>Elegens</span> <span class='ocrx_word' id='word_1_113' title='bbox 236 1931 409 1986; x_wconf 83' lang='lat' dir='ltr'>estPalmerii</span> <span class='ocrx_word' id='word_1_114' title='bbox 426 1931 575 1985; x_wconf 82' lang='lat' dir='ltr'>emendatio</span> <span class='ocrx_word' id='word_1_115' title='bbox 588 1930 705 1984; x_wconf 86' lang='lat' dir='ltr'>aModio</span> <span class='ocrx_word' id='word_1_116' title='bbox 740 1929 853 1997; x_wconf 85' lang='lat' dir='ltr'>silentio,</span> <span class='ocrx_word' id='word_1_117' title='bbox 864 1929 945 1983; x_wconf 86' lang='lat' dir='ltr'>etiam</span> <span class='ocrx_word' id='word_1_118' title='bbox 955 1929 1030 1984; x_wconf 89' lang='lat' dir='ltr'>Leid.</span> <span class='ocrx_word' id='word_1_119' title='bbox 1044 1931 1113 1985; x_wconf 79' lang='lat' dir='ltr'>liber</span> <span class='ocrx_word' id='word_1_120' title='bbox 1124 1931 1333 2001; x_wconf 67' lang='lat' dir='ltr'>protattehebet</span> 
     </span>
     <span class='ocr_line' id='line_1_16' title="bbox 104 1999 1333 2070; baseline -0.004 -16"><span class='ocrx_word' id='word_1_121' title='bbox 104 2008 133 2054; x_wconf 87' lang='lat' dir='ltr'>et</span> <span class='ocrx_word' id='word_1_122' title='bbox 153 2001 278 2054; x_wconf 86' lang='lat' dir='ltr'>rnsecutis</span> <span class='ocrx_word' id='word_1_123' title='bbox 304 2001 449 2055; x_wconf 84' lang='lat' dir='ltr'>editoribus</span> <span class='ocrx_word' id='word_1_124' title='bbox 474 2007 581 2070; x_wconf 83' lang='lat' dir='ltr'>recepta</span> <span class='ocrx_word' id='word_1_125' title='bbox 602 2009 704 2067; x_wconf 85' lang='lat' dir='ltr'>motum,</span> <span class='ocrx_word' id='word_1_126' title='bbox 775 1999 878 2051; x_wconf 83' lang='lat' dir='ltr'>Arabia</span> <span class='ocrx_word' id='word_1_127' title='bbox 902 1999 1016 2068; x_wconf 82' lang='lat' dir='ltr'>rediens]</span> <span class='ocrx_word' id='word_1_128' title='bbox 1053 2001 1096 2052; x_wconf 84' lang='lat' dir='ltr'>Ab</span> <span class='ocrx_word' id='word_1_129' title='bbox 1115 2002 1228 2054; x_wconf 58' lang='lat' dir='ltr'>Arabia&gt;</span> <span class='ocrx_word' id='word_1_130' title='bbox 1247 2000 1333 2054; x_wconf 80' lang='lat' dir='ltr'>rediens</span> 
     </span>
     <span class='ocr_line' id='line_1_17' title="bbox 104 2065 1332 2149; baseline -0.002 -28"><span class='ocrx_word' id='word_1_131' title='bbox 104 2085 192 2149; x_wconf 76' lang='lat' dir='ltr'>neque</span> <span class='ocrx_word' id='word_1_132' title='bbox 209 2077 298 2122; x_wconf 85' lang='lat' dir='ltr'>tamen</span> <span class='ocrx_word' id='word_1_133' title='bbox 314 2069 467 2122; x_wconf 85' lang='lat' dir='ltr'>necessaria.</span> <span class='ocrx_word' id='word_1_134' title='bbox 502 2069 552 2121; x_wconf 84' lang='lat' dir='ltr'>Est</span> <span class='ocrx_word' id='word_1_135' title='bbox 574 2067 643 2120; x_wconf 89' lang='lat' dir='ltr'>enim</span> <span class='ocrx_word' id='word_1_136' title='bbox 660 2067 706 2121; x_wconf 93' lang='lat' dir='ltr'>illa</span> <span class='ocrx_word' id='word_1_137' title='bbox 740 2065 865 2119; x_wconf 83' lang='lat' dir='ltr'>adversus</span> <span class='ocrx_word' id='word_1_138' title='bbox 888 2065 968 2119; x_wconf 81' lang='lat' dir='ltr'>libros</span> <span class='ocrx_word' id='word_1_139' title='bbox 991 2084 1053 2120; x_wconf 90' lang='lat' dir='ltr'>mss.</span> <span class='ocrx_word' id='word_1_140' title='bbox 1072 2067 1149 2122; x_wconf 81' lang='lat' dir='ltr'>Infra</span> <span class='ocrx_word' id='word_1_141' title='bbox 1168 2086 1191 2123; x_wconf 85' lang='lat' dir='ltr'>c.</span> <span class='ocrx_word' id='word_1_142' title='bbox 1204 2074 1239 2122; x_wconf 81' lang='lat'>45</span> <span class='ocrx_word' id='word_1_143' title='bbox 1255 2067 1332 2121; x_wconf 83' lang='lat' dir='ltr'>Partli</span> 
     </span>
     <span class='ocr_line' id='line_1_18' title="bbox 106 2135 1332 2217; baseline 0.002 -28"><span class='ocrx_word' id='word_1_144' title='bbox 106 2138 211 2208; x_wconf 76' lang='lat' dir='ltr'>quidem</span> <span class='ocrx_word' id='word_1_145' title='bbox 228 2137 379 2208; x_wconf 82' lang='lat' dir='ltr'>hyperbole,</span> <span class='ocrx_word' id='word_1_146' title='bbox 398 2139 443 2191; x_wconf 82' lang='lat' dir='ltr'>sed</span> <span class='ocrx_word' id='word_1_147' title='bbox 461 2138 494 2190; x_wconf 87' lang='lat' dir='ltr'>ab</span> <span class='ocrx_word' id='word_1_148' title='bbox 508 2155 558 2189; x_wconf 88' lang='lat' dir='ltr'>usu</span> <span class='ocrx_word' id='word_1_149' title='bbox 571 2137 706 2189; x_wconf 89' lang='lat' dir='ltr'>hominum</span> <span class='ocrx_word' id='word_1_150' title='bbox 742 2135 848 2202; x_wconf 70' lang='lat' dir='ltr'>Scythia</span> <span class='ocrx_word' id='word_1_151' title='bbox 864 2136 994 2205; x_wconf 79' lang='lat' dir='ltr'>projecti,</span> <span class='ocrx_word' id='word_1_152' title='bbox 1016 2144 1046 2189; x_wconf 86' lang='lat' dir='ltr'>et</span> <span class='ocrx_word' id='word_1_153' title='bbox 1068 2137 1103 2189; x_wconf 94' lang='lat' dir='ltr'>de</span> <span class='ocrx_word' id='word_1_154' title='bbox 1121 2138 1254 2217; x_wconf 86' lang='lat' dir='ltr'>Aegypto</span> <span class='ocrx_word' id='word_1_155' title='bbox 1270 2149 1332 2205; x_wconf 74' lang='lat' dir='ltr'>saepe</span> 
     </span>
     <span class='ocr_line' id='line_1_19' title="bbox 105 2201 1331 2276; baseline 0 -20"><span class='ocrx_word' id='word_1_156' title='bbox 105 2222 160 2257; x_wconf 90' lang='lat' dir='ltr'>non</span> <span class='ocrx_word' id='word_1_157' title='bbox 175 2207 326 2272; x_wconf 89' lang='lat' dir='ltr'>abhorrens,</span> <span class='ocrx_word' id='word_1_158' title='bbox 343 2215 372 2258; x_wconf 85' lang='lat' dir='ltr'>et</span> <span class='ocrx_word' id='word_1_159' title='bbox 384 2223 456 2258; x_wconf 88' lang='lat' dir='ltr'>mare</span> <span class='ocrx_word' id='word_1_160' title='bbox 471 2203 615 2274; x_wconf 89' lang='lat' dir='ltr'>opponitur</span> <span class='ocrx_word' id='word_1_161' title='bbox 627 2205 705 2257; x_wconf 87' lang='lat' dir='ltr'>freto.</span> <span class='ocrx_word' id='word_1_162' title='bbox 741 2201 796 2254; x_wconf 85' lang='lat' dir='ltr'>sine</span> <span class='ocrx_word' id='word_1_163' title='bbox 819 2201 1011 2274; x_wconf 83' lang='lat' dir='ltr'>praepositione</span> <span class='ocrx_word' id='word_1_164' title='bbox 1035 2205 1070 2257; x_wconf 89' lang='lat' dir='ltr'>ad</span> <span class='ocrx_word' id='word_1_165' title='bbox 1087 2203 1180 2258; x_wconf 90' lang='lat' dir='ltr'>locum</span> <span class='ocrx_word' id='word_1_166' title='bbox 1199 2204 1331 2276; x_wconf 82' lang='lat' dir='ltr'>significau-</span> 
     </span>
     <span class='ocr_line' id='line_1_20' title="bbox 105 2271 1331 2419; baseline -0.001 -27"><span class='ocrx_word' id='word_1_167' title='bbox 105 2272 707 2410; x_wconf 57' lang='lat' dir='ltr'>ttutatttlutttert</span> <span class='ocrx_word' id='word_1_168' title='bbox 741 2271 977 2419; x_wconf 53' lang='lat' dir='ltr'>detaut</span> <span class='ocrx_word' id='word_1_169' title='bbox 993 2272 1256 2409; x_wconf 46' lang='lat' dir='ltr'>tertiat</span> <span class='ocrx_word' id='word_1_170' title='bbox 1272 2340 1331 2419; x_wconf 77' lang='lat' dir='ltr'>a</span> 
     </span>
     <span class='ocr_line' id='line_1_21' title="bbox 103 2407 1330 2486; baseline -0.001 -26"><span class='ocrx_word' id='word_1_171' title='bbox 103 2407 178 2460; x_wconf 86' lang='lat' dir='ltr'>Leid.</span> <span class='ocrx_word' id='word_1_172' title='bbox 196 2408 271 2461; x_wconf 88' lang='lat' dir='ltr'>Voss.</span> <span class='ocrx_word' id='word_1_173' title='bbox 283 2416 295 2460; x_wconf 91' lang='lat'>1</span> <span class='ocrx_word' id='word_1_174' title='bbox 316 2413 367 2475; x_wconf 87' lang='lat' dir='ltr'>(ut,</span> <span class='ocrx_word' id='word_1_175' title='bbox 378 2409 399 2461; x_wconf 90' lang='lat' dir='ltr'>si</span> <span class='ocrx_word' id='word_1_176' title='bbox 410 2417 530 2461; x_wconf 87' lang='lat' dir='ltr'>accurate</span> <span class='ocrx_word' id='word_1_177' title='bbox 547 2408 612 2478; x_wconf 89' lang='lat' dir='ltr'>egit,</span> <span class='ocrx_word' id='word_1_178' title='bbox 624 2410 702 2464; x_wconf 89' lang='lat' dir='ltr'>Voss.</span> <span class='ocrx_word' id='word_1_179' title='bbox 741 2408 889 2486; x_wconf 74' lang='lat' dir='ltr'>soletfiert]</span> <span class='ocrx_word' id='word_1_180' title='bbox 935 2408 1037 2461; x_wconf 87' lang='lat' dir='ltr'>ltrmam</span> <span class='ocrx_word' id='word_1_181' title='bbox 1049 2409 1119 2463; x_wconf 87' lang='lat' dir='ltr'>hane</span> <span class='ocrx_word' id='word_1_182' title='bbox 1128 2427 1226 2464; x_wconf 87' lang='lat' dir='ltr'>vocem</span> <span class='ocrx_word' id='word_1_183' title='bbox 1233 2409 1330 2470; x_wconf 82' lang='lat' dir='ltr'>Modus,</span> 
     </span>
     <span class='ocr_line' id='line_1_22' title="bbox 103 2476 1332 2556; baseline 0 -28"><span class='ocrx_word' id='word_1_184' title='bbox 103 2476 173 2529; x_wconf 77' lang='lat' dir='ltr'>aad</span> <span class='ocrx_word' id='word_1_185' title='bbox 190 2493 344 2529; x_wconf 87' lang='lat' dir='ltr'>consensum</span> <span class='ocrx_word' id='word_1_186' title='bbox 362 2476 536 2556; x_wconf 79' lang='lat' dir='ltr'>desideretur)</span> <span class='ocrx_word' id='word_1_187' title='bbox 554 2477 634 2546; x_wconf 82' lang='lat' dir='ltr'>vulgo</span> <span class='ocrx_word' id='word_1_188' title='bbox 643 2485 704 2547; x_wconf 88' lang='lat' dir='ltr'>post</span> <span class='ocrx_word' id='word_1_189' title='bbox 739 2483 771 2527; x_wconf 84' lang='lat' dir='ltr'>ut</span> <span class='ocrx_word' id='word_1_190' title='bbox 796 2483 847 2541; x_wconf 80' lang='lat' dir='ltr'>ait,</span> <span class='ocrx_word' id='word_1_191' title='bbox 875 2484 995 2529; x_wconf 87' lang='lat' dir='ltr'>veterum</span> <span class='ocrx_word' id='word_1_192' title='bbox 1025 2476 1158 2534; x_wconf 90' lang='lat' dir='ltr'>librorum</span> <span class='ocrx_word' id='word_1_193' title='bbox 1190 2476 1332 2532; x_wconf 79' lang='lat' dir='ltr'>auctoritate</span> 
     </span>
     <span class='ocr_line' id='line_1_23' title="bbox 101 2543 1332 2616; baseline 0 -21"><span class='ocrx_word' id='word_1_194' title='bbox 101 2543 202 2596; x_wconf 86' lang='lat' dir='ltr'>Aldum</span> <span class='ocrx_word' id='word_1_195' title='bbox 219 2544 326 2598; x_wconf 84' lang='lat' dir='ltr'>additur</span> <span class='ocrx_word' id='word_1_196' title='bbox 343 2563 370 2598; x_wconf 85' lang='lat' dir='ltr'>se</span> <span class='ocrx_word' id='word_1_197' title='bbox 388 2548 441 2598; x_wconf 78' lang='lat' dir='ltr'>luc.</span> <span class='ocrx_word' id='word_1_198' title='bbox 463 2546 593 2616; x_wconf 77' lang='lat' dir='ltr'>Equidem</span> <span class='ocrx_word' id='word_1_199' title='bbox 612 2563 703 2615; x_wconf 87' lang='lat' dir='ltr'>quam·</span> <span class='ocrx_word' id='word_1_200' title='bbox 740 2561 801 2595; x_wconf 89' lang='lat' dir='ltr'>usus</span> <span class='ocrx_word' id='word_1_201' title='bbox 823 2543 929 2596; x_wconf 86' lang='lat' dir='ltr'>delevit.</span> <span class='ocrx_word' id='word_1_202' title='bbox 972 2545 1032 2615; x_wconf 85' lang='lat' dir='ltr'>Ego</span> <span class='ocrx_word' id='word_1_203' title='bbox 1054 2554 1149 2600; x_wconf 86' lang='lat' dir='ltr'>tamen</span> <span class='ocrx_word' id='word_1_204' title='bbox 1171 2565 1207 2600; x_wconf 90' lang='lat' dir='ltr'>ex</span> <span class='ocrx_word' id='word_1_205' title='bbox 1228 2547 1296 2600; x_wconf 86' lang='lat' dir='ltr'>Fler.</span> <span class='ocrx_word' id='word_1_206' title='bbox 1311 2550 1332 2595; x_wconf 85' lang='lat' dir='ltr'>et</span> 
     </span>
     <span class='ocr_line' id='line_1_24' title="bbox 104 2611 1332 2684; baseline 0.002 -22"><span class='ocrx_word' id='word_1_207' title='bbox 104 2628 183 2680; x_wconf 88' lang='lat' dir='ltr'>quam</span> <span class='ocrx_word' id='word_1_208' title='bbox 200 2611 271 2665; x_wconf 85' lang='lat' dir='ltr'>aliud</span> <span class='ocrx_word' id='word_1_209' title='bbox 288 2612 370 2666; x_wconf 91' lang='lat' dir='ltr'>simile</span> <span class='ocrx_word' id='word_1_210' title='bbox 383 2614 531 2684; x_wconf 84' lang='lat' dir='ltr'>exemplum</span> <span class='ocrx_word' id='word_1_211' title='bbox 544 2613 637 2666; x_wconf 86' lang='lat' dir='ltr'>afferre</span> <span class='ocrx_word' id='word_1_212' title='bbox 650 2632 703 2667; x_wconf 90' lang='lat' dir='ltr'>uon</span> <span class='ocrx_word' id='word_1_213' title='bbox 738 2611 818 2664; x_wconf 88' lang='lat' dir='ltr'>Bern.</span> <span class='ocrx_word' id='word_1_214' title='bbox 836 2611 901 2664; x_wconf 89' lang='lat' dir='ltr'>nihil</span> <span class='ocrx_word' id='word_1_215' title='bbox 918 2621 1055 2666; x_wconf 86' lang='lat' dir='ltr'>enotatum</span> <span class='ocrx_word' id='word_1_216' title='bbox 1072 2614 1198 2684; x_wconf 85' lang='lat' dir='ltr'>invenio,</span> <span class='ocrx_word' id='word_1_217' title='bbox 1216 2633 1265 2669; x_wconf 90' lang='lat' dir='ltr'>nec</span> <span class='ocrx_word' id='word_1_218' title='bbox 1280 2613 1332 2667; x_wconf 86' lang='lat' dir='ltr'>Sm-</span> 
     </span>
    </p>
   </div>
   <div class='ocr_carea' id='block_1_4' title="bbox 101 2679 1332 2802">
    <p class='ocr_par' dir='ltr' id='par_1_5' title="bbox 101 2679 1332 2802">
     <span class='ocr_line' id='line_1_25' title="bbox 101 2679 1332 2802; baseline 0.006 -70"><span class='ocrx_word' id='word_1_219' title='bbox 101 2697 208 2750; x_wconf 87' lang='lat' dir='ltr'>possum</span> <span class='ocrx_word' id='word_1_220' title='bbox 231 2690 339 2802; x_wconf 77' lang='lat' dir='ltr'>praeter</span> <span class='ocrx_word' id='word_1_221' title='bbox 366 2682 424 2735; x_wconf 87' lang='lat' dir='ltr'>Liv.</span> <span class='ocrx_word' id='word_1_222' title='bbox 447 2687 535 2751; x_wconf 79' lang='lat' dir='ltr'>xxvr&#39;,</span> <span class='ocrx_word' id='word_1_223' title='bbox 568 2689 599 2736; x_wconf 93' lang='lat'>10</span> <span class='ocrx_word' id='word_1_224' title='bbox 634 2691 702 2735; x_wconf 84' lang='lat' dir='ltr'>extr.</span> <span class='ocrx_word' id='word_1_225' title='bbox 738 2679 817 2732; x_wconf 85' lang='lat' dir='ltr'>kenb.</span> <span class='ocrx_word' id='word_1_226' title='bbox 834 2698 850 2733; x_wconf 94' lang='lat' dir='ltr'>e</span> <span class='ocrx_word' id='word_1_227' title='bbox 867 2681 919 2734; x_wconf 89' lang='lat' dir='ltr'>suis</span> <span class='ocrx_word' id='word_1_228' title='bbox 937 2681 1078 2761; x_wconf 77' lang='lat' dir='ltr'>quicquam</span> <span class='ocrx_word' id='word_1_229' title='bbox 1096 2684 1224 2755; x_wconf 77' lang='lat' dir='ltr'>protulit</span> <span class='ocrx_word' id='word_1_230' title='bbox 1253 2685 1267 2737; x_wconf 93' lang='lat' dir='ltr'>I</span> <span class='ocrx_word' id='word_1_231' title='bbox 1308 2695 1332 2732; x_wconf 75' lang='lat'>110</span> 
     </span>
    </p>
   </div>
   <div class='ocr_carea' id='block_1_5' title="bbox 90 2747 1377 4456">
    <p class='ocr_par' dir='ltr' id='par_1_6' title="bbox 90 2747 1377 4456">
     <span class='ocr_line' id='line_1_26' title="bbox 101 2747 1332 2820; baseline 0.006 -20"><span class='ocrx_word' id='word_1_232' title='bbox 101 2766 208 2802; x_wconf 83' lang='lat' dir='ltr'>annona</span> <span class='ocrx_word' id='word_1_233' title='bbox 249 2754 304 2803; x_wconf 82' lang='lat' dir='ltr'>aad</span> <span class='ocrx_word' id='word_1_234' title='bbox 328 2753 434 2803; x_wconf 83' lang='lat' dir='ltr'>multum</span> <span class='ocrx_word' id='word_1_235' title='bbox 460 2753 611 2817; x_wconf 63' lang='lat' dir='ltr'>beaverat,</span> <span class='ocrx_word' id='word_1_236' title='bbox 638 2753 701 2820; x_wconf 83' lang='lat' dir='ltr'>qaia</span> <span class='ocrx_word' id='word_1_237' title='bbox 738 2748 823 2801; x_wconf 92' lang='lat' dir='ltr'>Modii</span> <span class='ocrx_word' id='word_1_238' title='bbox 849 2749 1049 2803; x_wconf 81' lang='lat' dir='ltr'>vociferationes</span> <span class='ocrx_word' id='word_1_239' title='bbox 1070 2770 1127 2806; x_wconf 91' lang='lat' dir='ltr'>non</span> <span class='ocrx_word' id='word_1_240' title='bbox 1156 2752 1255 2807; x_wconf 86' lang='lat' dir='ltr'>curavi.</span> <span class='ocrx_word' id='word_1_241' title='bbox 1302 2747 1332 2801; x_wconf 71' lang='lat' dir='ltr'>&#39;td</span> 
     </span>
     <span class='ocr_line' id='line_1_27' title="bbox 101 2817 1333 2898; baseline 0.002 -29"><span class='ocrx_word' id='word_1_242' title='bbox 101 2827 196 2870; x_wconf 83' lang='lat' dir='ltr'>remoto</span> <span class='ocrx_word' id='word_1_243' title='bbox 214 2821 345 2872; x_wconf 81' lang='lat' dir='ltr'>maritimo</span> <span class='ocrx_word' id='word_1_244' title='bbox 356 2821 496 2888; x_wconf 81' lang='lat' dir='ltr'>praesidio</span> <span class='ocrx_word' id='word_1_245' title='bbox 514 2821 619 2872; x_wconf 74' lang='lat' dir='ltr'>subvehi</span> <span class='ocrx_word' id='word_1_246' title='bbox 656 2838 701 2872; x_wconf 85' lang='lat' dir='ltr'>ra·</span> <span class='ocrx_word' id='word_1_247' title='bbox 738 2817 831 2869; x_wconf 88' lang='lat' dir='ltr'>eadem</span> <span class='ocrx_word' id='word_1_248' title='bbox 847 2817 955 2887; x_wconf 90' lang='lat' dir='ltr'>periodo</span> <span class='ocrx_word' id='word_1_249' title='bbox 972 2821 1120 2898; x_wconf 67' lang='lat' dir='ltr'>referebant</span> <span class='ocrx_word' id='word_1_250' title='bbox 1139 2821 1223 2890; x_wconf 77' lang='lat' dir='ltr'>edidi,</span> <span class='ocrx_word' id='word_1_251' title='bbox 1233 2817 1333 2892; x_wconf 81' lang='lat' dir='ltr'>quodie</span> 
     </span>
     <span class='ocr_line' id='line_1_28' title="bbox 101 2884 1332 3005; baseline 0.003 -69"><span class='ocrx_word' id='word_1_252' title='bbox 101 2895 214 2938; x_wconf 82' lang='lat' dir='ltr'>mentam</span> <span class='ocrx_word' id='word_1_253' title='bbox 246 2905 297 2940; x_wconf 83' lang='lat' dir='ltr'>aon</span> <span class='ocrx_word' id='word_1_254' title='bbox 326 2897 448 2956; x_wconf 84' lang='lat' dir='ltr'>poterat,</span> <span class='ocrx_word' id='word_1_255' title='bbox 479 2887 525 2941; x_wconf 92' lang='lat' dir='ltr'>ubi</span> <span class='ocrx_word' id='word_1_256' title='bbox 556 2887 626 2940; x_wconf 86' lang='lat' dir='ltr'>offen</span> <span class='ocrx_word' id='word_1_257' title='bbox 644 2895 702 2940; x_wconf 88' lang='lat' dir='ltr'>erat</span> <span class='ocrx_word' id='word_1_258' title='bbox 738 2884 844 3005; x_wconf 83' lang='lat' dir='ltr'>optimis</span> <span class='ocrx_word' id='word_1_259' title='bbox 861 2886 933 2939; x_wconf 90' lang='lat' dir='ltr'>libris</span> <span class='ocrx_word' id='word_1_260' title='bbox 950 2886 1024 2941; x_wconf 84' lang='lat' dir='ltr'>Lerd.</span> <span class='ocrx_word' id='word_1_261' title='bbox 1041 2888 1121 2943; x_wconf 88' lang='lat' dir='ltr'>Voss.</span> <span class='ocrx_word' id='word_1_262' title='bbox 1143 2898 1157 2943; x_wconf 94' lang='lat'>1</span> <span class='ocrx_word' id='word_1_263' title='bbox 1179 2891 1254 2944; x_wconf 84' lang='lat' dir='ltr'>Bern</span> <span class='ocrx_word' id='word_1_264' title='bbox 1269 2889 1295 2940; x_wconf 81' lang='lat' dir='ltr'><strong>A</strong></span> <span class='ocrx_word' id='word_1_265' title='bbox 1310 2893 1332 2938; x_wconf 83' lang='lat' dir='ltr'>et</span> 
     </span>
     <span class='ocr_line' id='line_1_29' title="bbox 103 2951 1329 3026; baseline 0.001 -21"><span class='ocrx_word' id='word_1_266' title='bbox 103 2951 265 3022; x_wconf 75' lang='lat' dir='ltr'>Gronovius3</span> <span class='ocrx_word' id='word_1_267' title='bbox 306 2955 460 3009; x_wconf 90' lang='lat' dir='ltr'>crediderim</span> <span class='ocrx_word' id='word_1_268' title='bbox 498 2964 588 3008; x_wconf 87' lang='lat' dir='ltr'>tamen</span> <span class='ocrx_word' id='word_1_269' title='bbox 622 2956 703 3009; x_wconf 91' lang='lat' dir='ltr'>etiam</span> <span class='ocrx_word' id='word_1_270' title='bbox 737 2953 809 3007; x_wconf 86' lang='lat' dir='ltr'>For.</span> <span class='ocrx_word' id='word_1_271' title='bbox 825 2954 973 3008; x_wconf 83' lang='lat' dir='ltr'>ABCDF</span> <span class='ocrx_word' id='word_1_272' title='bbox 996 2956 1147 3026; x_wconf 88' lang='lat' dir='ltr'>legebatur.</span> <span class='ocrx_word' id='word_1_273' title='bbox 1187 2957 1256 3013; x_wconf 83' lang='lat' dir='ltr'>Solet</span> <span class='ocrx_word' id='word_1_274' title='bbox 1270 2953 1329 3007; x_wconf 88' lang='lat' dir='ltr'>enim</span> 
     </span>
     <span class='ocr_line' id='line_1_30' title="bbox 100 3022 1330 3096; baseline 0.002 -22"><span class='ocrx_word' id='word_1_275' title='bbox 100 3023 216 3075; x_wconf 88' lang='lat' dir='ltr'>neutrali</span> <span class='ocrx_word' id='word_1_276' title='bbox 247 3041 324 3077; x_wconf 82' lang='lat' dir='ltr'>sensu</span> <span class='ocrx_word' id='word_1_277' title='bbox 354 3026 463 3077; x_wconf 89' lang='lat' dir='ltr'>verbum</span> <span class='ocrx_word' id='word_1_278' title='bbox 493 3024 559 3077; x_wconf 93' lang='lat' dir='ltr'>illud</span> <span class='ocrx_word' id='word_1_279' title='bbox 585 3023 703 3078; x_wconf 85' lang='lat' dir='ltr'>adhiberi</span> <span class='ocrx_word' id='word_1_280' title='bbox 738 3022 850 3092; x_wconf 84' lang='lat' dir='ltr'>scriptor</span> <span class='ocrx_word' id='word_1_281' title='bbox 871 3031 962 3076; x_wconf 86' lang='lat' dir='ltr'>noster</span> <span class='ocrx_word' id='word_1_282' title='bbox 982 3033 1045 3094; x_wconf 87' lang='lat' dir='ltr'>post</span> <span class='ocrx_word' id='word_1_283' title='bbox 1062 3028 1136 3080; x_wconf 81' lang='lat' dir='ltr'>alias</span> <span class='ocrx_word' id='word_1_284' title='bbox 1157 3030 1241 3082; x_wconf 82' lang='lat' dir='ltr'>aliam</span> <span class='ocrx_word' id='word_1_285' title='bbox 1254 3023 1330 3096; x_wconf 85' lang='lat' dir='ltr'>plura·</span> 
     </span>
     <span class='ocr_line' id='line_1_31' title="bbox 100 3089 1333 3213; baseline 0.001 -70"><span class='ocrx_word' id='word_1_286' title='bbox 100 3089 539 3213; x_wconf 46' lang='lat' dir='ltr'>potuissepfiermanicenodrgebra,</span> <span class='ocrx_word' id='word_1_287' title='bbox 550 3094 701 3162; x_wconf 58' lang='lat' dir='ltr'>aediluini),</span> <span class='ocrx_word' id='word_1_288' title='bbox 737 3090 789 3143; x_wconf 91' lang='lat' dir='ltr'>lem</span> <span class='ocrx_word' id='word_1_289' title='bbox 806 3107 942 3144; x_wconf 89' lang='lat' dir='ltr'>numerum</span> <span class='ocrx_word' id='word_1_290' title='bbox 994 3109 1066 3160; x_wconf 88' lang='lat' dir='ltr'>nere,</span> <span class='ocrx_word' id='word_1_291' title='bbox 1077 3111 1170 3166; x_wconf 87' lang='lat' dir='ltr'>neque</span> <span class='ocrx_word' id='word_1_292' title='bbox 1187 3096 1216 3148; x_wconf 91' lang='lat' dir='ltr'>id</span> <span class='ocrx_word' id='word_1_293' title='bbox 1234 3095 1266 3148; x_wconf 90' lang='lat' dir='ltr'>ab</span> <span class='ocrx_word' id='word_1_294' title='bbox 1281 3091 1333 3146; x_wconf 87' lang='lat' dir='ltr'>alio·</span> 
     </span>
     <span class='ocr_line' id='line_1_32' title="bbox 101 3159 1334 3218; baseline 0.002 -8"><span class='ocrx_word' id='word_1_295' title='bbox 101 3166 173 3211; x_wconf 86' lang='lat' dir='ltr'>certe</span> <span class='ocrx_word' id='word_1_296' title='bbox 190 3177 233 3212; x_wconf 89' lang='lat' dir='ltr'>am</span> <span class='ocrx_word' id='word_1_297' title='bbox 251 3178 268 3213; x_wconf 93' lang='lat' dir='ltr'>o</span> <span class='ocrx_word' id='word_1_298' title='bbox 285 3159 336 3214; x_wconf 91' lang='lat' dir='ltr'>loci</span> <span class='ocrx_word' id='word_1_299' title='bbox 357 3177 413 3213; x_wconf 90' lang='lat' dir='ltr'>sese</span> <span class='ocrx_word' id='word_1_300' title='bbox 434 3160 546 3215; x_wconf 89' lang='lat' dir='ltr'>invicem</span> <span class='ocrx_word' id='word_1_301' title='bbox 563 3161 702 3214; x_wconf 84' lang='lat' dir='ltr'>defendere</span> <span class='ocrx_word' id='word_1_302' title='bbox 736 3176 795 3211; x_wconf 89' lang='lat' dir='ltr'>rum</span> <span class='ocrx_word' id='word_1_303' title='bbox 812 3160 941 3213; x_wconf 89' lang='lat' dir='ltr'>bonorum</span> <span class='ocrx_word' id='word_1_304' title='bbox 988 3161 1104 3215; x_wconf 84' lang='lat' dir='ltr'>tinitatis</span> <span class='ocrx_word' id='word_1_305' title='bbox 1122 3171 1267 3218; x_wconf 89' lang='lat' dir='ltr'>auctorum</span> <span class='ocrx_word' id='word_1_306' title='bbox 1274 3175 1334 3215; x_wconf 87' lang='lat' dir='ltr'>more</span> 
     </span>
     <span class='ocr_line' id='line_1_33' title="bbox 100 3227 1333 3304; baseline 0 -25"><span class='ocrx_word' id='word_1_307' title='bbox 100 3235 219 3295; x_wconf 87' lang='lat' dir='ltr'>possunt.</span> <span class='ocrx_word' id='word_1_308' title='bbox 736 3227 869 3280; x_wconf 88' lang='lat' dir='ltr'>abhorret.</span> <span class='ocrx_word' id='word_1_309' title='bbox 886 3227 950 3281; x_wconf 84' lang='lat' dir='ltr'>Dixi</span> <span class='ocrx_word' id='word_1_310' title='bbox 967 3246 999 3282; x_wconf 87' lang='lat' dir='ltr'>ea</span> <span class='ocrx_word' id='word_1_311' title='bbox 1015 3230 1049 3282; x_wconf 91' lang='lat' dir='ltr'>de</span> <span class='ocrx_word' id='word_1_312' title='bbox 1065 3247 1097 3282; x_wconf 91' lang='lat' dir='ltr'>re</span> <span class='ocrx_word' id='word_1_313' title='bbox 1114 3230 1145 3283; x_wconf 93' lang='lat' dir='ltr'>in</span> <span class='ocrx_word' id='word_1_314' title='bbox 1164 3229 1333 3304; x_wconf 77' lang='lat' dir='ltr'>grammlnt.</span> 
     </span>
     <span class='ocr_line' id='line_1_34' title="bbox 135 3295 1334 3375; baseline 0.006 -29"><span class='ocrx_word' id='word_1_315' title='bbox 135 3311 252 3362; x_wconf 74' lang='lat' dir='ltr'>suraque</span> <span class='ocrx_word' id='word_1_316' title='bbox 270 3295 421 3362; x_wconf 79' lang='lat' dir='ltr'>interfluens</span> <span class='ocrx_word' id='word_1_317' title='bbox 439 3297 523 3375; x_wconf 82' lang='lat' dir='ltr'>undu]</span> <span class='ocrx_word' id='word_1_318' title='bbox 543 3297 700 3365; x_wconf 80' lang='lat' dir='ltr'>Interjiuena</span> <span class='ocrx_word' id='word_1_319' title='bbox 737 3297 759 3362; x_wconf 66' lang='grc' dir='ltr'>ξ.</span> <span class='ocrx_word' id='word_1_320' title='bbox 777 3302 837 3349; x_wconf 76' lang='grc'><strong>367.</strong></span> <span class='ocrx_word' id='word_1_321' title='bbox 859 3295 950 3350; x_wconf 85' lang='lat' dir='ltr'>Livius</span> <span class='ocrx_word' id='word_1_322' title='bbox 965 3312 1041 3366; x_wconf 85' lang='lat' dir='ltr'>xxn,</span> <span class='ocrx_word' id='word_1_323' title='bbox 1061 3306 1074 3350; x_wconf 84' lang='grc'><strong>7</strong></span> <span class='ocrx_word' id='word_1_324' title='bbox 1099 3316 1265 3370; x_wconf 79' lang='lat' dir='ltr'>quamquam</span> <span class='ocrx_word' id='word_1_325' title='bbox 1280 3296 1334 3352; x_wconf 74' lang='lat' dir='ltr'>uili</span> 
     </span>
     <span class='ocr_line' id='line_1_35' title="bbox 99 3361 1332 3435; baseline 0.004 -21"><span class='ocrx_word' id='word_1_326' title='bbox 99 3361 204 3414; x_wconf 88' lang='lat' dir='ltr'>restitui</span> <span class='ocrx_word' id='word_1_327' title='bbox 222 3362 296 3415; x_wconf 84' lang='lat' dir='ltr'>codd.</span> <span class='ocrx_word' id='word_1_328' title='bbox 311 3361 426 3415; x_wconf 91' lang='lat' dir='ltr'>omnium</span> <span class='ocrx_word' id='word_1_329' title='bbox 442 3363 485 3415; x_wconf 87' lang='lat' dir='ltr'>vel</span> <span class='ocrx_word' id='word_1_330' title='bbox 502 3364 591 3417; x_wconf 77' lang='lat' dir='ltr'>s1·hoc</span> <span class='ocrx_word' id='word_1_331' title='bbox 608 3365 642 3416; x_wconf 91' lang='lat' dir='ltr'>de</span> <span class='ocrx_word' id='word_1_332' title='bbox 658 3382 700 3417; x_wconf 92' lang='lat' dir='ltr'>ce·</span> <span class='ocrx_word' id='word_1_333' title='bbox 736 3365 831 3416; x_wconf 81' lang='lat' dir='ltr'>certius</span> <span class='ocrx_word' id='word_1_334' title='bbox 849 3381 880 3416; x_wconf 79' lang='lat' dir='ltr'>ec</span> <span class='ocrx_word' id='word_1_335' title='bbox 898 3382 927 3418; x_wconf 86' lang='lat' dir='ltr'>eo</span> <span class='ocrx_word' id='word_1_336' title='bbox 945 3368 1063 3419; x_wconf 84' lang='lat' dir='ltr'>auditam</span> <span class='ocrx_word' id='word_1_337' title='bbox 1082 3378 1137 3435; x_wconf 82' lang='lat' dir='ltr'>est,</span> <span class='ocrx_word' id='word_1_338' title='bbox 1168 3379 1258 3423; x_wconf 84' lang='lat' dir='ltr'>tumea</span> <span class='ocrx_word' id='word_1_339' title='bbox 1275 3368 1332 3421; x_wconf 68' lang='lat' dir='ltr'>alim</span> 
     </span>
     <span class='ocr_line' id='line_1_36' title="bbox 99 3428 1333 3505; baseline 0.005 -25"><span class='ocrx_word' id='word_1_340' title='bbox 99 3428 164 3481; x_wconf 81' lang='lat' dir='ltr'>teris</span> <span class='ocrx_word' id='word_1_341' title='bbox 182 3429 341 3483; x_wconf 79' lang='lat' dir='ltr'>contendere</span> <span class='ocrx_word' id='word_1_342' title='bbox 364 3448 416 3483; x_wconf 89' lang='lat' dir='ltr'>non</span> <span class='ocrx_word' id='word_1_343' title='bbox 439 3430 518 3484; x_wconf 90' lang='lat' dir='ltr'>liceat</span> <span class='ocrx_word' id='word_1_344' title='bbox 542 3439 615 3484; x_wconf 80' lang='lat' dir='ltr'>certe</span> <span class='ocrx_word' id='word_1_345' title='bbox 637 3432 700 3486; x_wconf 86' lang='lat' dir='ltr'>Flo·</span> <span class='ocrx_word' id='word_1_346' title='bbox 734 3433 768 3484; x_wconf 85' lang='lat' dir='ltr'>ab</span> <span class='ocrx_word' id='word_1_347' title='bbox 786 3434 839 3485; x_wconf 86' lang='lat' dir='ltr'>alio</span> <span class='ocrx_word' id='word_1_348' title='bbox 861 3434 960 3502; x_wconf 81' lang='lat' dir='ltr'>impleti</span> <span class='ocrx_word' id='word_1_349' title='bbox 981 3436 1131 3488; x_wconf 79' lang='lat' dir='ltr'>rumoribus</span> <span class='ocrx_word' id='word_1_350' title='bbox 1156 3440 1264 3492; x_wconf 81' lang='lat' dir='ltr'>domam</span> <span class='ocrx_word' id='word_1_351' title='bbox 1280 3435 1333 3505; x_wconf 55' lang='lat' dir='ltr'>rde-</span> 
     </span>
     <span class='ocr_line' id='line_1_37' title="bbox 98 3496 1333 3575; baseline 0.006 -26"><span class='ocrx_word' id='word_1_352' title='bbox 98 3496 263 3549; x_wconf 89' lang='lat' dir='ltr'>rentinorum</span> <span class='ocrx_word' id='word_1_353' title='bbox 280 3496 396 3550; x_wconf 91' lang='lat' dir='ltr'>omnium</span> <span class='ocrx_word' id='word_1_354' title='bbox 410 3507 438 3551; x_wconf 88' lang='lat' dir='ltr'>et</span> <span class='ocrx_word' id='word_1_355' title='bbox 452 3498 700 3554; x_wconf 84' lang='lat' dir='ltr'>Bernensisutrius·</span> <span class='ocrx_word' id='word_1_356' title='bbox 734 3510 804 3567; x_wconf 71' lang='lat' dir='ltr'>reret,</span> <span class='ocrx_word' id='word_1_357' title='bbox 822 3503 951 3554; x_wconf 84' lang='lat' dir='ltr'>consulem</span> <span class='ocrx_word' id='word_1_358' title='bbox 969 3520 1026 3556; x_wconf 84' lang='lat' dir='ltr'>cum</span> <span class='ocrx_word' id='word_1_359' title='bbox 1043 3520 1144 3572; x_wconf 70' lang='lat' dir='ltr'>mappa</span> <span class='ocrx_word' id='word_1_360' title='bbox 1156 3515 1243 3573; x_wconf 81' lang='lat' dir='ltr'>parte</span> <span class='ocrx_word' id='word_1_361' title='bbox 1260 3505 1333 3575; x_wconf 81' lang='lat' dir='ltr'>copia·</span> 
     </span>
     <span class='ocr_line' id='line_1_38' title="bbox 100 3566 924 3635; baseline 0.007 -19"><span class='ocrx_word' id='word_1_362' title='bbox 100 3580 152 3635; x_wconf 91' lang='lat' dir='ltr'>que</span> <span class='ocrx_word' id='word_1_363' title='bbox 175 3573 203 3617; x_wconf 87' lang='lat' dir='ltr'>et</span> <span class='ocrx_word' id='word_1_364' title='bbox 225 3582 315 3618; x_wconf 90' lang='lat' dir='ltr'>eorum</span> <span class='ocrx_word' id='word_1_365' title='bbox 342 3583 407 3635; x_wconf 89' lang='lat' dir='ltr'>quos</span> <span class='ocrx_word' id='word_1_366' title='bbox 425 3566 506 3620; x_wconf 84' lang='lat' dir='ltr'>Snak.</span> <span class='ocrx_word' id='word_1_367' title='bbox 526 3568 639 3622; x_wconf 89' lang='lat' dir='ltr'>contulit</span> <span class='ocrx_word' id='word_1_368' title='bbox 661 3570 699 3621; x_wconf 90' lang='lat' dir='ltr'>le·</span> <span class='ocrx_word' id='word_1_369' title='bbox 733 3585 792 3621; x_wconf 83' lang='lat' dir='ltr'>ram</span> <span class='ocrx_word' id='word_1_370' title='bbox 812 3587 924 3622; x_wconf 83' lang='lat' dir='ltr'>caesum.</span> 
     </span>
     <span class='ocr_line' id='line_1_39' title="bbox 100 3632 1334 3709; baseline 0.006 -25"><span class='ocrx_word' id='word_1_371' title='bbox 100 3632 223 3700; x_wconf 90' lang='lat' dir='ltr'>ctionem,</span> <span class='ocrx_word' id='word_1_372' title='bbox 233 3652 283 3703; x_wconf 86' lang='lat' dir='ltr'>pro</span> <span class='ocrx_word' id='word_1_373' title='bbox 292 3637 401 3704; x_wconf 89' lang='lat' dir='ltr'>eoquod</span> <span class='ocrx_word' id='word_1_374' title='bbox 410 3637 494 3689; x_wconf 89' lang='lat' dir='ltr'>verbo</span> <span class='ocrx_word' id='word_1_375' title='bbox 508 3638 699 3690; x_wconf 89' lang='lat' dir='ltr'>commendavit</span> <span class='ocrx_word' id='word_1_376' title='bbox 769 3639 791 3703; x_wconf 64' lang='grc' dir='ltr'>ξ.</span> <span class='ocrx_word' id='word_1_377' title='bbox 810 3642 834 3690; x_wconf 89' lang='grc'>8.</span> <span class='ocrx_word' id='word_1_378' title='bbox 852 3655 892 3689; x_wconf 86' lang='lat' dir='ltr'>ea</span> <span class='ocrx_word' id='word_1_379' title='bbox 910 3647 994 3690; x_wconf 84' lang='lat' dir='ltr'>cetera</span> <span class='ocrx_word' id='word_1_380' title='bbox 1012 3655 1091 3706; x_wconf 83' lang='lat' dir='ltr'>opera</span> <span class='ocrx_word' id='word_1_381' title='bbox 1112 3641 1185 3693; x_wconf 81' lang='lat' dir='ltr'>velut</span> <span class='ocrx_word' id='word_1_382' title='bbox 1204 3640 1254 3695; x_wconf 77' lang='lat' dir='ltr'>aab</span> <span class='ocrx_word' id='word_1_383' title='bbox 1272 3642 1334 3709; x_wconf 69' lang='lat' dir='ltr'>ipsa</span> 
     </span>
     <span class='ocr_line' id='line_1_40' title="bbox 97 3700 1331 3777; baseline 0.002 -23"><span class='ocrx_word' id='word_1_384' title='bbox 97 3700 204 3755; x_wconf 87' lang='lat' dir='ltr'>Medius</span> <span class='ocrx_word' id='word_1_385' title='bbox 230 3705 380 3756; x_wconf 81' lang='lat' dir='ltr'>interluene.</span> <span class='ocrx_word' id='word_1_386' title='bbox 425 3704 489 3756; x_wconf 86' lang='lat' dir='ltr'>Esse</span> <span class='ocrx_word' id='word_1_387' title='bbox 516 3705 567 3758; x_wconf 90' lang='lat' dir='ltr'>hoc</span> <span class='ocrx_word' id='word_1_388' title='bbox 593 3705 699 3758; x_wconf 85' lang='lat' dir='ltr'>videtur</span> <span class='ocrx_word' id='word_1_389' title='bbox 734 3705 842 3757; x_wconf 82' lang='lat' dir='ltr'>latentia</span> <span class='ocrx_word' id='word_1_390' title='bbox 869 3707 998 3776; x_wconf 83' lang='lat' dir='ltr'>tuebatur]</span> <span class='ocrx_word' id='word_1_391' title='bbox 1029 3705 1121 3776; x_wconf 87' lang='lat' dir='ltr'>Vulgo</span> <span class='ocrx_word' id='word_1_392' title='bbox 1145 3712 1222 3777; x_wconf 83' lang='lat' dir='ltr'>quod</span> <span class='ocrx_word' id='word_1_393' title='bbox 1237 3741 1272 3750; x_wconf 92' lang='lat'>—</span> <span class='ocrx_word' id='word_1_394' title='bbox 1287 3709 1331 3776; x_wconf 79' lang='lat' dir='ltr'>t&#39;ptt</span> 
     </span>
     <span class='ocr_line' id='line_1_41' title="bbox 97 3770 1377 3845; baseline 0.005 -23"><span class='ocrx_word' id='word_1_395' title='bbox 97 3770 321 3844; x_wconf 78' lang='grc' dir='ltr'><strong><em>ποιητικώτερον</em></strong></span> <span class='ocrx_word' id='word_1_396' title='bbox 346 3779 374 3823; x_wconf 88' lang='lat' dir='ltr'>et</span> <span class='ocrx_word' id='word_1_397' title='bbox 395 3790 489 3843; x_wconf 89' lang='lat' dir='ltr'>perum</span> <span class='ocrx_word' id='word_1_398' title='bbox 506 3774 540 3825; x_wconf 88' lang='lat' dir='ltr'>ad</span> <span class='ocrx_word' id='word_1_399' title='bbox 557 3774 698 3827; x_wconf 89' lang='lat' dir='ltr'>vehemen-</span> <span class='ocrx_word' id='word_1_400' title='bbox 732 3772 818 3825; x_wconf 89' lang='lat' dir='ltr'>minus</span> <span class='ocrx_word' id='word_1_401' title='bbox 834 3781 915 3841; x_wconf 85' lang='lat' dir='ltr'>recte,</span> <span class='ocrx_word' id='word_1_402' title='bbox 930 3791 1015 3845; x_wconf 89' lang='lat' dir='ltr'>neque</span> <span class='ocrx_word' id='word_1_403' title='bbox 1032 3772 1103 3826; x_wconf 90' lang='lat' dir='ltr'>enim</span> <span class='ocrx_word' id='word_1_404' title='bbox 1120 3784 1220 3845; x_wconf 88' lang='lat' dir='ltr'>potest</span> <span class='ocrx_word' id='word_1_405' title='bbox 1237 3778 1286 3830; x_wconf 90' lang='lat' dir='ltr'>boc</span> <span class='ocrx_word' id='word_1_406' title='bbox 1300 3789 1331 3828; x_wconf 81' lang='lat' dir='ltr'>rt·</span> <span class='ocrx_word' id='word_1_407' title='bbox 1375 3796 1377 3801; x_wconf 95' lang='lat'>·</span> 
     </span>
     <span class='ocr_line' id='line_1_42' title="bbox 96 3838 1356 3919; baseline 0.002 -27"><span class='ocrx_word' id='word_1_408' title='bbox 96 3838 192 3892; x_wconf 87' lang='lat' dir='ltr'>tiorem</span> <span class='ocrx_word' id='word_1_409' title='bbox 209 3840 287 3893; x_wconf 90' lang='lat' dir='ltr'>maris</span> <span class='ocrx_word' id='word_1_410' title='bbox 305 3847 408 3892; x_wconf 84' lang='lat' dir='ltr'>motum</span> <span class='ocrx_word' id='word_1_411' title='bbox 425 3859 441 3892; x_wconf 88' lang='lat' dir='ltr'>a</span> <span class='ocrx_word' id='word_1_412' title='bbox 460 3848 525 3893; x_wconf 90' lang='lat' dir='ltr'>tum.</span> <span class='ocrx_word' id='word_1_413' title='bbox 732 3841 794 3894; x_wconf 83' lang='lat' dir='ltr'>ferri</span> <span class='ocrx_word' id='word_1_414' title='bbox 816 3843 850 3894; x_wconf 91' lang='lat' dir='ltr'>ad</span> <span class='ocrx_word' id='word_1_415' title='bbox 890 3841 1016 3895; x_wconf 88' lang='lat' dir='ltr'>enitivum</span> <span class='ocrx_word' id='word_1_416' title='bbox 1042 3844 1103 3895; x_wconf 84' lang='lat' dir='ltr'>novi</span> <span class='ocrx_word' id='word_1_417' title='bbox 1125 3847 1227 3912; x_wconf 78' lang='lat' dir='ltr'>operis.</span> <span class='ocrx_word' id='word_1_418' title='bbox 1267 3839 1331 3919; x_wconf 75' lang='lat' dir='ltr'>Quod</span> <span class='ocrx_word' id='word_1_419' title='bbox 1352 3902 1356 3909; x_wconf 31' lang='lat'><strong>¹</strong></span> 
     </span>
     <span class='ocr_line' id='line_1_43' title="bbox 132 3859 1377 4031; baseline 0.004 -70"><span class='ocrx_word' id='word_1_420' title='bbox 132 3911 188 3976; x_wconf 68' lang='lat' dir='ltr'>§.t</span> <span class='ocrx_word' id='word_1_421' title='bbox 203 3910 322 3978; x_wconf 84' lang='lat' dir='ltr'>prorutis</span> <span class='ocrx_word' id='word_1_422' title='bbox 339 3910 422 3976; x_wconf 77' lang='lat' dir='ltr'>ipitur</span> <span class='ocrx_word' id='word_1_423' title='bbox 440 3859 466 3961; x_wconf 71' lang='lat' dir='ltr'>ib</span> <span class='ocrx_word' id='word_1_424' title='bbox 486 3911 557 3962; x_wconf 85' lang='lat' dir='ltr'>idum</span> <span class='ocrx_word' id='word_1_425' title='bbox 576 3913 696 3978; x_wconf 81' lang='lat' dir='ltr'>cumulis]</span> <span class='ocrx_word' id='word_1_426' title='bbox 733 3925 783 3978; x_wconf 85' lang='lat' dir='ltr'>ego</span> <span class='ocrx_word' id='word_1_427' title='bbox 799 3859 994 4031; x_wconf 61' lang='lat' dir='ltr'>postblodium</span> <span class='ocrx_word' id='word_1_428' title='bbox 1011 3909 1080 3963; x_wconf 91' lang='lat' dir='ltr'>edidi</span> <span class='ocrx_word' id='word_1_429' title='bbox 1098 3910 1204 3981; x_wconf 86' lang='lat' dir='ltr'>legitur</span> <span class='ocrx_word' id='word_1_430' title='bbox 1220 3913 1330 3986; x_wconf 69' lang='lat' dir='ltr'>inomm3</span> <span class='ocrx_word' id='word_1_431' title='bbox 1374 3942 1377 4005; x_wconf 68' lang='grc' dir='ltr'>Ι</span> 
     </span>
     <span class='ocr_line' id='line_1_44' title="bbox 98 3974 1329 4052; baseline 0 -22"><span class='ocrx_word' id='word_1_432' title='bbox 98 3974 181 4030; x_wconf 87' lang='lat' dir='ltr'>Codd.</span> <span class='ocrx_word' id='word_1_433' title='bbox 210 3979 287 4032; x_wconf 90' lang='lat' dir='ltr'>Voss.</span> <span class='ocrx_word' id='word_1_434' title='bbox 321 3977 374 4028; x_wconf 89' lang='lat' dir='ltr'>duo</span> <span class='ocrx_word' id='word_1_435' title='bbox 399 3985 427 4030; x_wconf 89' lang='lat' dir='ltr'>et</span> <span class='ocrx_word' id='word_1_436' title='bbox 483 3993 537 4031; x_wconf 89' lang='lat' dir='ltr'>ern.</span> <span class='ocrx_word' id='word_1_437' title='bbox 567 3985 595 4030; x_wconf 87' lang='lat' dir='ltr'>et</span> <span class='ocrx_word' id='word_1_438' title='bbox 625 3978 696 4032; x_wconf 88' lang='lat' dir='ltr'>Flor.</span> <span class='ocrx_word' id='word_1_439' title='bbox 732 3978 781 4030; x_wconf 84' lang='lat' dir='ltr'>bus</span> <span class='ocrx_word' id='word_1_440' title='bbox 811 3978 872 4031; x_wconf 84' lang='lat' dir='ltr'>‘bris</span> <span class='ocrx_word' id='word_1_441' title='bbox 890 3979 986 4033; x_wconf 86' lang='lat' dir='ltr'>nostris</span> <span class='ocrx_word' id='word_1_442' title='bbox 1007 3986 1036 4031; x_wconf 86' lang='lat' dir='ltr'>et</span> <span class='ocrx_word' id='word_1_443' title='bbox 1053 3978 1270 4052; x_wconf 68' lang='lat' dir='ltr'>Snekmbnrgii,</span> <span class='ocrx_word' id='word_1_444' title='bbox 1292 3978 1329 4032; x_wconf 79' lang='lat' dir='ltr'>nie</span> 
     </span>
     <span class='ocr_line' id='line_1_45' title="bbox 97 4043 1328 4116; baseline 0.002 -20"><span class='ocrx_word' id='word_1_445' title='bbox 97 4060 187 4098; x_wconf 85' lang='lat' dir='ltr'>omnes</span> <span class='ocrx_word' id='word_1_446' title='bbox 194 4065 279 4116; x_wconf 82' lang='lat' dir='ltr'>prora</span> <span class='ocrx_word' id='word_1_447' title='bbox 298 4047 332 4098; x_wconf 82' lang='lat' dir='ltr'>tia</span> <span class='ocrx_word' id='word_1_448' title='bbox 343 4043 404 4111; x_wconf 74' lang='lat' dir='ltr'>(nisi</span> <span class='ocrx_word' id='word_1_449' title='bbox 415 4046 486 4116; x_wconf 87' lang='lat' dir='ltr'>quod</span> <span class='ocrx_word' id='word_1_450' title='bbox 497 4045 546 4099; x_wconf 89' lang='lat' dir='ltr'>CD</span> <span class='ocrx_word' id='word_1_451' title='bbox 560 4048 696 4116; x_wconf 82' lang='lat' dir='ltr'>preruptis</span> <span class='ocrx_word' id='word_1_452' title='bbox 732 4047 802 4116; x_wconf 91' lang='lat' dir='ltr'>quod</span> <span class='ocrx_word' id='word_1_453' title='bbox 819 4046 891 4100; x_wconf 85' lang='lat' dir='ltr'>Flor.</span> <span class='ocrx_word' id='word_1_454' title='bbox 910 4046 935 4100; x_wconf 89' lang='lat' dir='ltr'><strong>G</strong></span> <span class='ocrx_word' id='word_1_455' title='bbox 952 4065 1009 4102; x_wconf 84' lang='lat' dir='ltr'>eam</span> <span class='ocrx_word' id='word_1_456' title='bbox 1026 4046 1108 4100; x_wconf 88' lang='lat' dir='ltr'>habet</span> <span class='ocrx_word' id='word_1_457' title='bbox 1125 4055 1156 4101; x_wconf 90' lang='lat' dir='ltr'>et</span> <span class='ocrx_word' id='word_1_458' title='bbox 1175 4049 1256 4104; x_wconf 82' lang='lat' dir='ltr'>Voss.</span> <span class='ocrx_word' id='word_1_459' title='bbox 1273 4056 1288 4103; x_wconf 80' lang='lat'>2</span> <span class='ocrx_word' id='word_1_460' title='bbox 1307 4045 1328 4099; x_wconf 80' lang='lat' dir='ltr'>in</span> 
     </span>
     <span class='ocr_line' id='line_1_46' title="bbox 96 4110 1339 4185; baseline 0.007 -23"><span class='ocrx_word' id='word_1_461' title='bbox 96 4110 222 4181; x_wconf 83' lang='lat' dir='ltr'>babent),</span> <span class='ocrx_word' id='word_1_462' title='bbox 240 4131 268 4168; x_wconf 90' lang='lat' dir='ltr'>se</span> <span class='ocrx_word' id='word_1_463' title='bbox 303 4121 376 4167; x_wconf 88' lang='lat' dir='ltr'>recte</span> <span class='ocrx_word' id='word_1_464' title='bbox 393 4123 495 4167; x_wconf 86' lang='lat' dir='ltr'>veteres</span> <span class='ocrx_word' id='word_1_465' title='bbox 513 4113 566 4167; x_wconf 91' lang='lat' dir='ltr'>iam</span> <span class='ocrx_word' id='word_1_466' title='bbox 583 4114 696 4168; x_wconf 83' lang='lat' dir='ltr'>editores</span> <span class='ocrx_word' id='word_1_467' title='bbox 732 4115 784 4167; x_wconf 90' lang='lat' dir='ltr'>hoc</span> <span class='ocrx_word' id='word_1_468' title='bbox 803 4115 909 4185; x_wconf 90' lang='lat' dir='ltr'>quidem</span> <span class='ocrx_word' id='word_1_469' title='bbox 926 4115 1053 4170; x_wconf 86' lang='lat' dir='ltr'>vocabulo</span> <span class='ocrx_word' id='word_1_470' title='bbox 1070 4115 1174 4170; x_wconf 87' lang='lat' dir='ltr'>siletur.</span> <span class='ocrx_word' id='word_1_471' title='bbox 1336 4166 1339 4171; x_wconf 92' lang='lat'>.</span> 
     </span>
     <span class='ocr_line' id='line_1_47' title="bbox 91 4178 1328 4254; baseline 0.006 -23"><span class='ocrx_word' id='word_1_472' title='bbox 91 4183 212 4248; x_wconf 78' lang='lat' dir='ltr'>prorutis</span> <span class='ocrx_word' id='word_1_473' title='bbox 230 4183 411 4250; x_wconf 88' lang='lat' dir='ltr'>emendarunt,</span> <span class='ocrx_word' id='word_1_474' title='bbox 430 4183 497 4237; x_wconf 89' lang='lat' dir='ltr'>sieut</span> <span class='ocrx_word' id='word_1_475' title='bbox 515 4183 648 4249; x_wconf 80' lang='lat' dir='ltr'>etiam1V,</span> <span class='ocrx_word' id='word_1_476' title='bbox 663 4190 696 4236; x_wconf 83' lang='lat'>50</span> <span class='ocrx_word' id='word_1_477' title='bbox 767 4187 890 4237; x_wconf 76' lang='lat' dir='ltr'>tarracia</span> <span class='ocrx_word' id='word_1_478' title='bbox 906 4186 989 4238; x_wconf 84' lang='lat' dir='ltr'>medio</span> <span class='ocrx_word' id='word_1_479' title='bbox 1008 4185 1187 4253; x_wconf 75' lang='lat' dir='ltr'>excitatae]</span> <span class='ocrx_word' id='word_1_480' title='bbox 1206 4185 1267 4240; x_wconf 89' lang='lat' dir='ltr'>Hoc</span> <span class='ocrx_word' id='word_1_481' title='bbox 1282 4178 1328 4254; x_wconf 79' lang='lat' dir='ltr'>qui·</span> 
     </span>
     <span class='ocr_line' id='line_1_48' title="bbox 90 4251 1326 4366; baseline 0.004 -68"><span class='ocrx_word' id='word_1_482' title='bbox 90 4258 202 4366; x_wconf 84' lang='lat' dir='ltr'>proruto</span> <span class='ocrx_word' id='word_1_483' title='bbox 228 4254 296 4305; x_wconf 84' lang='lat' dir='ltr'>vulto</span> <span class='ocrx_word' id='word_1_484' title='bbox 327 4251 459 4304; x_wconf 91' lang='lat' dir='ltr'>edendum</span> <span class='ocrx_word' id='word_1_485' title='bbox 485 4251 582 4304; x_wconf 87' lang='lat' dir='ltr'>curavi.</span> <span class='ocrx_word' id='word_1_486' title='bbox 625 4251 697 4304; x_wconf 84' lang='lat' dir='ltr'>Nam</span> <span class='ocrx_word' id='word_1_487' title='bbox 732 4251 793 4303; x_wconf 90' lang='lat' dir='ltr'>dem</span> <span class='ocrx_word' id='word_1_488' title='bbox 814 4252 872 4305; x_wconf 88' lang='lat' dir='ltr'>loco</span> <span class='ocrx_word' id='word_1_489' title='bbox 894 4260 1070 4309; x_wconf 85' lang='lat' dir='ltr'>correctorum</span> <span class='ocrx_word' id='word_1_490' title='bbox 1092 4251 1179 4307; x_wconf 85' lang='lat' dir='ltr'>libido</span> <span class='ocrx_word' id='word_1_491' title='bbox 1201 4252 1326 4307; x_wconf 70' lang='lat' dir='ltr'>manifeste</span> 
     </span>
     <span class='ocr_line' id='line_1_49' title="bbox 106 4319 1326 4389; baseline 0.006 -22"><span class='ocrx_word' id='word_1_492' title='bbox 106 4331 155 4384; x_wconf 87' lang='lat' dir='ltr'>ege</span> <span class='ocrx_word' id='word_1_493' title='bbox 179 4335 247 4387; x_wconf 86' lang='lat' dir='ltr'>quae</span> <span class='ocrx_word' id='word_1_494' title='bbox 273 4319 430 4389; x_wconf 84' lang='lat' dir='ltr'>interpretes</span> <span class='ocrx_word' id='word_1_495' title='bbox 455 4320 490 4372; x_wconf 85' lang='lat' dir='ltr'>ed</span> <span class='ocrx_word' id='word_1_496' title='bbox 517 4319 591 4374; x_wconf 86' lang='lat' dir='ltr'>Caes.</span> <span class='ocrx_word' id='word_1_497' title='bbox 615 4320 649 4372; x_wconf 90' lang='lat' dir='ltr'>de</span> <span class='ocrx_word' id='word_1_498' title='bbox 670 4321 696 4373; x_wconf 86' lang='lat' dir='ltr'>b.</span> <span class='ocrx_word' id='word_1_499' title='bbox 734 4327 787 4387; x_wconf 88' lang='lat' dir='ltr'>est;</span> <span class='ocrx_word' id='word_1_500' title='bbox 813 4338 875 4374; x_wconf 84' lang='lat' dir='ltr'>nem</span> <span class='ocrx_word' id='word_1_501' title='bbox 900 4339 961 4375; x_wconf 87' lang='lat' dir='ltr'>cum</span> <span class='ocrx_word' id='word_1_502' title='bbox 988 4337 1076 4375; x_wconf 88' lang='lat' dir='ltr'>omnes</span> <span class='ocrx_word' id='word_1_503' title='bbox 1100 4321 1180 4374; x_wconf 88' lang='lat' dir='ltr'>cedd.</span> <span class='ocrx_word' id='word_1_504' title='bbox 1208 4319 1289 4376; x_wconf 86' lang='lat' dir='ltr'>nostri</span> <span class='ocrx_word' id='word_1_505' title='bbox 1305 4320 1326 4367; x_wconf 75' lang='lat' dir='ltr'>ti</span> 
     </span>
     <span class='ocr_line' id='line_1_50' title="bbox 97 4380 1325 4456; baseline 0.003 -18"><span class='ocrx_word' id='word_1_506' title='bbox 97 4380 130 4435; x_wconf 88' lang='lat' dir='ltr'>G.</span> <span class='ocrx_word' id='word_1_507' title='bbox 148 4399 193 4456; x_wconf 86' lang='lat' dir='ltr'>m,</span> <span class='ocrx_word' id='word_1_508' title='bbox 212 4392 244 4441; x_wconf 77' lang='lat'>26</span> <span class='ocrx_word' id='word_1_509' title='bbox 263 4396 291 4442; x_wconf 88' lang='lat' dir='ltr'>et</span> <span class='ocrx_word' id='word_1_510' title='bbox 308 4388 342 4440; x_wconf 89' lang='lat' dir='ltr'>ad</span> <span class='ocrx_word' id='word_1_511' title='bbox 358 4387 463 4442; x_wconf 84' lang='lat' dir='ltr'>Livium</span> <span class='ocrx_word' id='word_1_512' title='bbox 480 4403 520 4456; x_wconf 90' lang='lat' dir='ltr'>1v,</span> <span class='ocrx_word' id='word_1_513' title='bbox 540 4395 573 4444; x_wconf 82' lang='lat'>29</span> <span class='ocrx_word' id='word_1_514' title='bbox 592 4388 697 4442; x_wconf 89' lang='lat' dir='ltr'>abunde</span> <span class='ocrx_word' id='word_1_515' title='bbox 732 4387 806 4442; x_wconf 90' lang='lat' dir='ltr'>Leid.</span> <span class='ocrx_word' id='word_1_516' title='bbox 824 4389 900 4444; x_wconf 88' lang='lat' dir='ltr'>Voss.</span> <span class='ocrx_word' id='word_1_517' title='bbox 920 4399 942 4443; x_wconf 91' lang='lat'>1.</span> <span class='ocrx_word' id='word_1_518' title='bbox 960 4397 975 4443; x_wconf 83' lang='lat'><strong>2</strong></span> <span class='ocrx_word' id='word_1_519' title='bbox 993 4391 1123 4444; x_wconf 84' lang='lat' dir='ltr'>haberent</span> <span class='ocrx_word' id='word_1_520' title='bbox 1141 4393 1279 4456; x_wconf 79' lang='lat' dir='ltr'>excitatae,</span> <span class='ocrx_word' id='word_1_521' title='bbox 1294 4392 1325 4438; x_wconf 70' lang='lat' dir='ltr'>tt·</span> 
     </span>
    </p>
   </div>
   <div class='ocr_carea' id='block_1_6' title="bbox 0 0 1468 5174">
    <p class='ocr_par' dir='ltr' id='par_1_7' title="bbox 0 0 1468 5174">
     <span class='ocr_line' id='line_1_51' title="bbox 0 0 1468 5174; baseline 0 4"><span class='ocrx_word' id='word_1_522' title='bbox 0 0 1468 5174; x_wconf 95' lang='lat' dir='ltr'> </span> 
     </span>
    </p>
   </div>
  </div>
 </body>
</html>
