2926 5174
460 276 508 326 na
536 271 663 328 assms
689 273 798 325 anax.
825 275 928 346 1v‚4.
1264 256 1310 330 67

82 485 197 549 mam,
242 455 365 531 imrm
398 457 539 550 iacob,
566 469 706 556 propter
738 483 844 558 quern.
915 455 1063 532 Somnio
1097 457 1219 531 similis
1253 484 1312 533 res

82 569 324 667 adalonymo
355 566 558 640 videbatur:
594 566 790 658 interdum,
823 569 957 642 satisne
984 568 1062 641 sani
1088 579 1223 658 essent,
1251 572 1312 666 qui

82 707 107 754 n
141 688 353 778 proterve
391 677 455 750 sibi
479 677 683 767 illuderent,
718 679 1008 774 percontabatur.
1063 673 1136 752 Sed
1161 689 1203 751 ut
1229 704 1312 751 cun-

82 791 144 866 uti
178 787 364 885 squalor
392 787 531 860 ablutus
559 798 629 878 est,
661 796 699 860 et
724 789 854 862 iniecta
884 789 996 863 vestis
1021 814 1184 888 purpura
1210 815 1313 862 auro·

82 929 102 978 a
132 900 358 989 distincta,
397 909 432 972 et
460 897 548 971 fides
581 924 603 971 a
633 898 834 972 iurantibus
870 901 984 990 facta,
1017 900 1111 974 serio
1137 901 1210 973 iam
1235 925 1312 991 reX‚

82 1014 156 1088 dem
184 1009 476 1084 comitantibus
502 1009 539 1080 in
565 1007 701 1106 regiam
726 1011 900 1106 pervenit.
1302 1025 1306 1033 '

131 1122 261 1197 Fama
308 1118 466 1207 deinde,
500 1129 543 1191 ut
575 1119 681 1209 solet,
717 1130 862 1193 strenue
894 1131 975 1194 tota
1010 1120 1102 1194 urbe
1128 1120 1313 1194 discurritz

81 1237 184 1309 iorum
221 1229 432 1320 studium,
464 1229 613 1302 aliorum
645 1228 844 1330 indignatio
878 1231 1075 1305 eminebatt
1118 1230 1313 1304 ditissimus

81 1348 189 1443 uisque
213 1340 483 1416 humilitatem
507 1340 734 1438 inopiamque
767 1342 842 1414 eius
869 1341 968 1441 apud
995 1342 1129 1414 amicos
1155 1340 1312 1414 Alexan·

81 1457 102 1529 ri
123 1452 420 1529 criminabatur.
468 1449 622 1523 Admitti
648 1476 730 1524 eum
755 1477 822 1526 rex
847 1453 1012 1551 protinus
1039 1452 1153 1542 iussit,
1181 1452 1312 1549 diuque

81 1566 341 1664 inamplatuS,
372 1561 526 1659 corporis,
557 1561 688 1658 inquit,
724 1563 852 1638 habitas
867 1567 990 1666 fornae
1011 1563 1145 1663 perieris
1170 1589 1237 1637 noa
1263 1587 1313 1636 re-

80 1689 174 1775 para:
216 1673 297 1747 sed
340 1672 420 1744 libet
449 1671 548 1763 scire,
578 1671 729 1769 inopiam
763 1701 830 1775 qao
848 1675 1016 1773 patientta
1041 1673 1179 1748 abab?
1219 1673 1312 1746 Tum

80 1812 106 1877 c,
135 1785 319 1875 ninam,
360 1781 489 1878 inquit,
522 1783 635 1857 eodem
666 1783 779 1858 animo
804 1811 945 1884 requam
963 1784 1044 1884 pati
1061 1784 1215 1881 possim!
1250 1785 1312 1857 baa

80 1923 146 1972 aas
194 1897 395 1996 suffecere
440 1892 600 1967 bawarii
646 1918 739 1967 meo:
786 1896 872 1968 nibil
907 1893 1038 1967 babenti
1074 1894 1160 1966 nibil
1197 1895 1310 1994 das‘ait.

80 2033 179 2106 agnae
220 2001 387 2079 indolis
419 2004 595 2100 specimen
621 2029 668 2075 ex
700 2004 770 2076 hoc
797 2026 961 2077 sermone
986 2001 1231 2103 Abdalonymi
1258 2028 1311 2075 ce·

80 2129 93 2190 t
127 2117 281 2214 Itaque
317 2137 404 2184 non
429 2108 603 2186 Stratonis
631 2113 740 2186 modo
767 2115 903 2213 regiam
930 2114 1186 2213 supellectilem
1213 2115 1310 2187 attri-

79 2229 144 2302 iei
171 2226 321 2314 iussit,
357 2221 424 2293 sed
448 2224 616 2322 pleraque
644 2223 752 2297 etiam
779 2251 825 2298 ex
851 2224 996 2298 Persica
1021 2225 1166 2324 praeda,
1198 2225 1311 2324 regio·

81 2364 107 2410 n
130 2360 307 2436 quoque
343 2331 427 2404 urbi
452 2335 653 2432 appositam
680 2335 810 2408 dicioni
837 2337 913 2409 eius
941 2337 1079 2409 adiecit.

125 2449 300 2523 Interea
350 2441 550 2541 Amyntas,
600 2471 705 2542 quem
745 2446 792 2520 ad
831 2446 961 2520 Persas
1010 2447 1056 2520 ab
1096 2447 1308 2521 Alexandro
1337 2445 1359 2516 5

79 2561 288 2660 anslirgisse
344 2551 523 2645 diximuS,
564 2581 646 2627 cum
685 2568 856 2653 quattuor
894 2559 1036 2631 milibus
1079 2557 1309 2649 Graecorum,

79 2694 144 2743 sum
171 2696 228 2744 ex
263 2664 360 2740 acie
389 2666 599 2760 persecutis,
634 2667 720 2765 suga
747 2668 905 2769 Tripolin
932 2671 1105 2768 pervenit.
1158 2668 1310 2741 lodoin

78 2825 166 2870 reatum
190 2823 242 2869 est
282 2827 365 2883 quos
396 2808 524 2866 snakenb.
551 2813 672 2866 contulit.
707 2819 783 2871 urbes
801 2815 935 2870 exhibent.
963 2816 1018 2870 Sed
1035 2818 1183 2870 discurrere
1200 2833 1254 2869 non
1270 2814 1310 2867 di-

78 2902 129 2939 sere
152 2894 256 2939 tamen
287 2896 357 2934 non
386 2896 520 2948 possumus
546 2881 672 2935 eiusmodi
706 2885 776 2939 citur
799 2884 848 2937 nisi
874 2883 1048 2938 intransitive.
1091 2885 1211 2954 Denique
1239 2883 1311 2953 quod

79 2953 174 3020 cabulo,
198 2970 257 3005 nec
284 2946 374 3002 aliud
400 2947 487 3027 aptius·
508 2958 554 3002 aut
577 2950 671 3004 Curtio
706 2953 924 3032 snakenburgius
945 2953 972 3004 in
994 2951 1196 3006 Leid.Voss.1
1221 2969 1249 3004 se
1270 2951 1310 3002 in-

79 3019 157 3074 itatius
175 3020 243 3088 (via
263 3033 303 3085 x,
330 3016 525 3086 10)1nvemas.
559 3020 604 3071 Ad
621 3019 671 3071 hoc
705 3021 808 3075 venisse
826 3020 916 3073 scribit
951 3027 1089 3089 raeterque
1106 3036 1151 3072 eos
1172 3035 1206 3070 ex
1222 3018 1310 3087 Bong.

78 3086 155 3157 binam
170 3095 248 3140 certe
266 3104 285 3140 a
308 3082 417 3138 oeteris
435 3083 503 3144 Flor.
522 3094 550 3139 et
563 3087 669 3139 BernB
707 3097 755 3144 1.2
775 3095 804 3140 et
820 3087 892 3141 Flor.
911 3039 1038 3156 (lieinsii)
1061 3086 1146 3140 rarior
1162 3088 1246 3139 forma
1263 3103 1310 3138 no·

78 3155 232 3209 natitatem
248 3155 357 3218 habet,
379 3168 457 3220 quam
470 3153 548 3207 etiam
557 3154 670 3208 Aldinus
704 3166 780 3211 tatur
798 3158 978 3222 divitissimus,
997 3155 1047 3208 hoc
1064 3172 1114 3224 ego
1125 3171 1140 3206 e
1151 3154 1224 3207 nullo
1238 3152 1309 3206 Flor.

78 3220 141 3291 Ater,
164 3223 210 3295 qui
230 3222 351 3295 primus
371 3221 485 3290 recepit,
509 3231 613 3277 secutus
631 3221 670 3275 vi·
704 3231 844 3279 enotatum
861 3223 962 3290 inveni;
981 3241 1047 3276 unus
1065 3225 1098 3275 de
1115 3222 1212 3276 nostris
1229 3222 1309 3274 Bern.

78 3298 125 3346 nn.
704 3297 731 3347 A
753 3294 918 3346 diutissimus
940 3293 1028 3345 habet.
1064 3292 1164 3344 Eadem
1182 3307 1224 3344 res
1242 3289 1310 3344 libro

78 3361 149 3427 §aa
175 3361 293 3416 somnio
325 3356 440 3422 similia]
476 3359 570 3413 Somno
588 3360 670 3413 Bern.
705 3378 768 3429 x,c.
783 3367 798 3414 8
816 3360 919 3427 accidit,
937 3368 977 3427 ut,
995 3377 1054 3413 eum
1072 3359 1198 3413 nescirem
1215 3358 1310 3429 quibus

77 3443 142 3500 uque
159 3423 451 3490 etFlor.ABCEG;
468 3426 622 3481 videDrak.
635 3429 669 3481 ad
703 3431 783 3484 fidem
809 3429 970 3496 addicerem,
997 3428 1133 3499 vulgatam
1162 3430 1309 3481 ditissimas

77 3496 243 3566 riumvmss,
267 3494 358 3572 §.ll
379 3490 434 3544 Sed
442 3494 669 3615 vuffiatamtueor,
703 3499 818 3551 retinere
846 3505 951 3551 coactus
980 3497 1082 3550 fuerim.
1126 3495 1233 3549 Modius
1260 3497 1310 3550 hoc

77 3568 146 3622 neni
158 3583 263 3622 somno
278 3570 315 3615 et
326 3579 360 3613 in
370 3576 459 3613 somno
509 3563 670 3642 quidviderc
703 3567 809 3637 quidem
826 3566 884 3620 loco
903 3568 1064 3634 ditissimas,
1081 3565 1166 3618 altero
1184 3567 1310 3618 divitissi-

77 3651 150 3705 puons
168 3643 229 3702 est,
251 3629 311 3685 ubi
334 3635 493 3698 expectares
510 3650 538 3684 ιιι
556 3631 668 3698 somnis,
702 3653 806 3688 moram
821 3636 937 3703 peritiam
955 3634 1046 3687 edidit.

77 3711 175 3758 iumen
194 3719 264 3758 non
285 3697 409 3774 videtur
424 3706 494 3751 recte
511 3699 562 3753 dici
580 3717 669 3753 somno
738 3702 804 3774 Cap.
821 3709 852 3769 5,
881 3705 904 3770 ξ.
922 3709 963 3756 27.
999 3704 1084 3771 ipsum
1102 3734 1136 3742 —
1152 3704 1307 3782 persecutis]

77 3772 126 3827 ab.
143 3774 220 3827 Mox
241 3785 306 3841 pro
328 3780 404 3818 serto
421 3780 509 3820 omnes
526 3769 601 3822 codd.
620 3784 668 3820 no·
702 3770 777 3824 Leid.
799 3771 877 3824 Voss.
901 3778 913 3823 l
952 3778 980 3823 et
1004 3788 1094 3824 omnes
1126 3770 1201 3824 codd.
1224 3778 1308 3823 nostrr

77 3836 122 3894 iet
142 3840 237 3896 Snak.
269 3840 397 3908 praeter
416 3831 488 3888 Leid.
510 3844 541 3889 ut
563 3835 668 3890 videtur
701 3841 797 3910 ipsius,
816 3838 1168 3908 SnalrenburgianietBern.
1187 3846 1308 3906 uterque,

77 3924 97 3976 o,
110 3911 264 3973 mendose,
288 3903 383 3980 idque
400 3901 481 3956 Aldus
499 3905 622 3958 correxit.
701 3919 729 3961 et
746 3907 818 3960 Flor.
836 3907 939 3962 ACEH
956 3908 1038 3960 etiam
1051 3915 1216 3978 persecutos,
1235 3920 1308 3956 men·

77 3976 141 4042 'aaa
159 3981 261 4048 sama
296 3969 418 4035 demde]
448 3971 546 4026 Addidi
573 3974 667 4026 deinde
701 3977 764 4031 dose
782 3983 814 4027 ut
832 3975 933 4046 opium.

76 4053 131 4168 pipi»
149 4045 240 4100 codd.
268 4052 442 4094 eonsensum
458 4047 486 4093 et
502 4057 620 4095 meorum
638 4048 666 4094 et
737 4045 859 4114 Tripolin
881 4043 942 4097 dedi
964 4060 1013 4113 pro
1036 4041 1108 4160 vulp.
1129 4040 1255 4108 Tripolim
1273 4055 1307 4091 ex

113 4112 239 4185 „hm-gii,
284 4105 367 4160 Mox
392 4112 443 4158 tota
459 4109 520 4161 urbe
539 4110 665 4163 discurrit
699 4110 773 4166 Laid
794 4111 869 4165 Voss
888 4119 901 4165 1
920 4112 1001 4165 Beru.
1019 4109 1046 4162 A
1063 4110 1134 4163 For.
1152 4107 1179 4158 A
1196 4115 1224 4159 et
1242 4106 1306 4160 edit.

76 4184 234 4239 abromum
262 4173 387 4251 editur,
410 4179 438 4225 et
454 4173 550 4245 legitur
566 4177 594 4230 in
611 4195 664 4232 uno
698 4179 773 4236 Mod.
799 4179 871 4234 Nam
888 4180 916 4234 in
933 4180 982 4234 hac
999 4175 1194 4241 terminatione,
1214 4193 1305 4246 quam·

76 4265 97 4300 ›r-
113 4256 145 4306 A.
173 4247 244 4306 Alii
272 4243 351 4297 librl
376 4243 474 4295 etmel
495 4253 522 4298 et
544 4246 664 4299 Snaken·
698 4248 737 4304 vis
756 4248 865 4304 Curtius
883 4247 1011 4302 Graecam
1028 4246 1137 4299 sormam
1155 4242 1183 4294 in
1200 4245 1305 4296 univer·

76 4317 196 4386 rgiitotas
219 4315 322 4372 vrbe-‘5
352 4305 398 4360 vel
417 4312 562 4368 mendosius
584 4314 664 4367 etiam
699 4335 757 4371 sum
775 4315 930 4387 praetulisse
947 4315 1077 4380 videatur,
1088 4309 1197 4380 singulis
1214 4321 1304 4364 tamen

76 4389 256 4446 enarrer.
280 4374 418 4436 DEFffl
433 4378 506 4436 Voss.
528 4388 557 4450 2)
575 4393 663 4438 tantas
698 4385 761 4443 locis
783 4384 886 4440 codices
908 4402 968 4438 mss.
996 4380 1148 4453 inspiciendi
1172 4387 1248 4447 sunt,
1270 4395 1304 4431 ne

1040 4466 1080 4520 5*
