2926 5174
63 311 155 384 '126
572 324 606 387 Q·
634 322 759 374 cusru
782 260 878 373 nori

79 512 156 585 auri
196 517 386 610 permutet.
453 502 623 603 Opimum
660 528 811 602 regnum
849 528 1025 602 occupare
1063 528 1179 601 posse
1221 502 1353 575 condi-u

79 623 187 712 tione,
214 646 288 693 non
313 618 424 707 bello,
456 640 524 688 nec
550 639 763 712 quemquam
788 615 897 688 ulium
922 614 1015 687 inter
1041 612 1183 687 Istrum
1209 622 1246 685 et
1267 611 1322 684 Eu·

80 733 234 831 phraten
271 725 477 828 possedisse
502 736 617 798 terras
649 724 785 821 ingenti
820 725 936 824 spatio
970 723 1241 820 intervalloque
1269 719 1323 793 dis·

55 853 207 916 cretas.
258 836 543 912 Macedoniam
597 859 738 932 quoque
790 836 911 932 potius
960 834 1180 931 respiceret,
1233 857 1323 930 quam

79 952 213 1026 Baetra
238 962 275 1028 et
299 949 409 1023 Indos
440 947 648 1020 intueretur.
702 943 849 1042 Ingrata
883 943 998 1017 oratio
1026 944 1106 1042 regi
1140 943 1219 1016 tuit
1268 941 1323 1016 Its-
1335 961 1354 1009 n

82 1088 151 1161 que
178 1072 220 1135 ut
245 1062 353 1134 finem
379 1055 519 1131 dicendi
545 1055 644 1144 fecit,
684 1053 730 1126 Et
755 1080 830 1154 epo,
856 1054 986 1152 inquit,
1016 1053 1206 1152 pecuniam
1240 1079 1324 1152 quan

79 1172 224 1274 pbrmrn
262 1170 409 1260 nmllern,
447 1167 481 1241 si
518 1164 697 1240 Parmenio
735 1189 848 1238 essem
914 1161 1019 1238 Nune
1050 1163 1325 1254 Abeaander,dr

75 1293 274 1383 paupertate
314 1304 449 1355 secernas
482 1302 557 1350 sam
592 1287 621 1347 et
654 1299 706 1347 me
740 1299 807 1351 non
840 1286 1053 1348 rmrcatarem
1088 1274 1231 1348 memini
1261 1297 1324 1365 esse,

81 1395 141 1468 sed
174 1417 294 1492 repom.
346 1387 448 1464 Nibil
479 1386 612 1485 quidem
644 1385 746 1461 babeo
775 1383 905 1489 opple,
936 1384 996 1457 sed
1017 1386 1203 1485 somonam
1233 1400 1355 1457 naono

81 1504 193 1602 ntique
218 1527 285 1576 non
310 1499 434 1574 nendo:
474 1495 620 1592 captiuos
644 1494 678 1568 si
696 1494 810 1595 plauit
823 1493 946 1583 reddi,
971 1492 1140 1568 honestius
1167 1494 1256 1568 dono
1280 1493 1324 1567 da

82 1615 200 1703 bimus,
226 1637 328 1710 paam
347 1607 457 1707 preti>
482 1606 690 1678 remittemus.
742 1598 960 1681 Introductis
983 1601 1115 1675 deinde
1138 1604 1266 1702 legatis
1289 1601 1353 1676 adlt

82 1724 180 1796 hunc
205 1720 353 1793 modum
378 1712 582 1814 respondit:
621 1713 785 1790 dienttate
810 1715 945 1804 Dareo,
979 1737 1050 1804 me,
1086 1739 1176 1812 picae
1200 1714 1324 1817 feceris

85 1835 254 1907 clanenter
279 1844 310 1905 et
335 1827 517 1917 liberaliter,
543 1850 610 1899 non
635 1825 800 1899 amicitiae
825 1825 896 1898 eius
922 1823 1083 1914 tribuisse,
1110 1823 1174 1897 sed
1205 1834 1325 1899 nmen
1365 1854 1368 1919 r

84 1967 185 2016 eneae.
238 1941 374 2018 Bellum
409 1964 485 2013 cum
521 1936 660 2032 captiuis
686 1949 717 2010 et
739 1936 881 2038 seminis
903 1958 1018 2032 perere
1044 1958 1114 2007 non
1140 1933 1253 2008 soleo:
1284 1944 1368 2007 arm

83 2066 193 2126 matris
223 2051 266 2125 sit
299 2062 435 2151 oportet,
475 2070 571 2146 quem
603 2047 739 2120 oderim.
802 2043 931 2129 Quodsi
961 2044 1077 2117 saltem
1109 2069 1237 2142 pacem
1259 2045 1353 2119 tons

72 2165 149 2261 'fide
170 2173 302 2260 peteret,
328 2159 541 2232 deliberarem
556 2158 722 2256 forsitan,
749 2182 795 2229 an
820 2157 947 2229 darem.
1009 2153 1142 2228 Veram
1170 2156 1323 2242 enimvero,

86 2299 162 2348 crem
187 2272 284 2346 ruodo
309 2269 428 2343 milites
454 2291 542 2340 rrteos
577 2266 691 2339 litteris
726 2266 774 2339 ad
808 2264 1047 2363 proditionem,
1083 2265 1188 2338 modo
1223 2263 1325 2338 amna

86 2385 134 2458 ad
161 2381 347 2482 perniciem
380 2405 490 2453 meam
517 2378 665 2474 pecnnia
699 2376 859 2469 solicitet,
894 2375 942 2448 ael
975 2373 1235 2447 internecionem
1263 2369 1326 2446 mili

79 2493 335 2595 persequendus
357 2504 412 2583 est,
438 2514 505 2562 non
529 2499 566 2559 nt
590 2487 696 2561 instas
721 2487 837 2581 bostis,
871 2485 932 2560 sed
961 2497 997 2559 ut
1014 2509 1206 2581 percussor
1231 2481 1324 2579 ueneri-

88 2631 155 2681 ons.
211 2600 426 2680 Condiciones
451 2623 528 2673 nero
551 2599 669 2700 pacis,
704 2622 790 2699 prius
814 2596 958 2699 meam,
988 2595 1020 2668 si
1045 2619 1227 2692 accepero,
1250 2594 1353 2668 ontrlt

50 2751 59 2764 ⁴
88 2740 159 2791 rem
193 2739 269 2789 earn
292 2712 437 2814 faciunt.
494 2703 587 2789 ilaue
614 2720 696 2806 post
725 2704 921 2807 lbrrplnrtten
955 2717 1048 2795 sunt,
1085 2705 1265 2778 liberaliter
1286 2701 1327 2776 dr

39 2906 40 2911 ,
88 2838 159 2900 nat.
225 2819 290 2896 Ubi
324 2822 425 2921 ipitnr
459 2841 510 2890 me
545 2815 724 2918 affamini?
769 2841 886 2914 nempe
917 2815 1005 2889 ultra
1030 2813 1237 2912 Dtepbraten
1259 2837 1327 2888 nnn

123 3046 146 3111 ς.
166 3051 207 3099 13.
235 3061 296 3097 occu
315 3060 363 3097 are
374 3059 465 3111 posse,
483 3041 603 3111 intellige
620 3045 694 3097 illam
730 3061 809 3113 quam
833 3043 1028 3113 corruptionem
1058 3045 1085 3098 h.
1110 3047 1131 3103 l.
1161 3045 1249 3103 Curtii
1270 3043 1328 3098 liber

86 3111 695 3236 {regenerpsd351fflmnn
729 3119 855 3235 titt
873 3113 1085 3235 &ludibili
1102 3130 1148 3239 ¹¹3
1165 3113 1329 3240 2¹²³fflli

87 3199 174 3304 sicdic
202 3199 257 3303 ldie
272 3199 378 3314 DeDFI,
412 3199 462 3302 sed
485 3200 695 3318 parendircdpbii
729 3201 815 3373 edlpp
849 3258 910 3303 ratu
927 3222 1008 3304 Sinnin
1025 3202 1166 3324 intelligo)
1186 3191 1260 3308 eiqin
1268 3251 1326 3305 Flor.

88 3317 195 3388 optimis
214 3317 292 3370 codd.
310 3316 385 3369 Leid.
403 3317 475 3370 Flor.
493 3318 543 3369 AB
561 3319 641 3371 Bern.
660 3321 694 3372 A.
731 3319 778 3373 OE
851 3319 974 3372 Bern.B
997 3319 1134 3376 hocloco
1151 3332 1217 3394 post
1233 3322 1328 3376 verbnm

123 3387 310 3452 intervalloque
328 3386 467 3452 discretas]
505 3384 695 3441 condemnes
729 3389 833 3440 Dareo:
848 3390 999 3457 pratiarnm
1012 3391 1143 3443 actionem
1158 3395 1237 3462 apud
1247 3394 1328 3445 torta

88 3460 117 3506 et
135 3453 194 3504 edd.
204 3458 271 3505 vett.
283 3456 410 3505 desertas.
429 3453 509 3517 Quod
525 3456 695 3526 praescripsi·
729 3473 949 3525 supervacaneam
974 3474 1042 3521 esse,
1067 3457 1168 3513 deindo
1196 3461 1225 3516 in
1250 3458 1328 3512 iisdem

88 3538 147 3574 mus
166 3520 279 3573 coniecit
296 3519 451 3587 Aeidalius,
478 3522 578 3592 recepit
595 3524 695 3594 primus
729 3532 842 3595 excepto
860 3523 927 3578 libro
935 3524 1006 3579 Flor.
1017 3524 1116 3594 Gpost
1131 3540 1328 3583 naturaemeae:

89 3589 211 3642 Raderus
229 3595 312 3656 recte,
330 3597 363 3642 ut
379 3589 480 3661 opinor.
498 3589 588 3645 Livius
597 3607 694 3661 xxvrr,
729 3611 776 3647 nec
793 3596 920 3647 adrasus
938 3595 1117 3662 calamitates,
1145 3601 1199 3652 sed
1214 3601 1327 3651 adram

91 3665 124 3712 39
143 3657 188 3710 fin.
207 3660 274 3710 duas
298 3659 375 3711 urbes
397 3677 492 3728 mapno
510 3661 578 3712 inter
595 3681 623 3715 se
640 3681 696 3716 ma·
729 3664 840 3716 bostium
857 3663 926 3716 vires
944 3665 1105 3716 contendere.
1145 3665 1193 3718 Ex
1211 3666 1251 3720 his
1267 3663 1327 3717 libris

89 3728 131 3780 ris
150 3736 329 3795 terrorumque
347 3729 432 3807 spretio
451 3730 579 3784 discretos
598 3734 630 3784 de
647 3734 696 3785 im·
730 3730 860 3810 corruptis
882 3747 1026 3800 eorumque
1052 3730 1185 3788 similibus
1213 3733 1326 3788 editiones

84 3796 164 3867 perio
182 3805 295 3864 certare,
323 3795 375 3848 aha
400 3795 460 3850 vide
477 3796 505 3848 in
523 3797 575 3851 lex.
609 3799 695 3854 Paulo
729 3799 861 3879 principes
879 3801 977 3853 ductae
994 3807 1064 3865 sunt,
1082 3799 1113 3852 in
1128 3802 1229 3870 quibus
1241 3799 1326 3924 etopplsit

127 3872 152 3917 st
172 3866 263 3934 potios
292 3866 431 3935 respiceret
458 3865 533 3918 Leid.
562 3867 642 3921 Bern.
670 3871 697 3921 A
728 3877 781 3921 ista
794 3868 976 3947 supplements
985 3867 1121 3936 leguntur,
1139 3871 1265 3926 doneoM
1296 3869 1325 3919 'ut

90 3883 162 3988 Dior.
180 3935 230 3986 AB
249 3932 307 4002 alii,
326 3933 407 4004 vulgo
424 3952 493 4003 resp.
506 3937 606 4003 potins.
624 3938 695 3991 Flor.
730 3935 903 4006 integrrorum
927 3953 1032 3990 suorum
1048 3935 1182 3992 librorum
1201 3957 1251 4012 ope
1267 3940 1324 3992 fruu-
1368 3980 1370 3987 .

90 4003 156 4056 DFI
172 4003 359 4056 Macedoniam
371 4006 463 4072 potins
486 4006 640 4072 respiceret,
668 4014 697 4059 et
730 4005 791 4057 dem
809 4005 919 4059 detexit.
1368 4058 1370 4065 .

90 4071 129 4126 sic
147 4071 209 4124 edit.
228 4071 355 4126 Modiana
378 4072 427 4126 nisi
469 4073 523 4125 uod
544 4075 696 4142 respiceres,
766 4077 789 4142 §-
810 4080 849 4127 18.
871 4091 1012 4142 percussor
1036 4089 1127 4127 verum
1144 4084 1204 4144 est,
1223 4073 1324 4147 quamvis
1368 4076 1370 4129 2

91 4139 162 4193 sieut
213 4152 271 4263 Ἣ
288 4090 542 4211 intuereris,(babet
559 4143 592 4194 de
609 4143 696 4196 conie-
731 4141 774 4264 icpd
776 4141 882 4213 optimis
900 4151 928 4196 et
945 4141 1061 4214 plurimis
1078 4161 1141 4198 mss.
1159 4143 1323 4218 legirupa·
1368 4190 1370 4197 .

93 4216 212 4344 ougast.
246 4250 398 4347 Pbrmenio]
438 4280 599 4334 Parmenion
620 4279 696 4333 Leid.
766 4230 850 4402 {orit
871 4299 937 4350 qnos
955 4300 972 4334 a
995 4282 1058 4334 ertis
1075 4298 1169 4335 omnes
1187 4283 1321 4338 libriBern
1368 4336 1370 4345 ,

90 4345 173 4400 Bern.
191 4353 303 4416 uterque
320 4348 391 4402 Flor.
410 4348 511 4402 CGHI.
731 4358 759 4402 et
790 4349 838 4403 lor.
849 4366 910 4402 eum
920 4350 969 4402 Ler
989 4350 1094 4404 .Voss.2
1106 4368 1158 4420 pro
1167 4353 1240 4422 vulg.
1244 4350 1321 4421 sertis·
1368 4384 1370 4419 ,

127 4415 151 4480 ξ.
171 4419 211 4471 le.
235 4417 354 4471 nuntiate
370 4417 460 4474 Dareo
477 4434 518 4472 me
536 4418 599 4488 cet]
617 4417 696 4473 Anti·
765 4420 811 4472 nbi
828 4420 910 4490 ipitnr
926 4436 967 4474 me
984 4420 1127 4489 effamini?
1148 4439 1241 4492 nnnpe
1264 4420 1320 4472 uam

1364 4708 1370 4739 i
