2926 5174
385 315 435 367 nn
462 312 589 366 casus
614 313 726 365 max.
752 313 831 384 vm,
851 312 893 365 14.
1185 294 1265 369 375.

15 510 159 592 stratos,
180 500 372 574 ostendere
390 500 515 598 procul
534 498 719 578 evolutum
739 524 785 571 ex
805 500 955 596 tuguriis
974 500 1121 588 fumum,
1141 499 1260 572 horta·

13 615 107 710 rique
130 622 196 709 ut
229 612 394 710 proxima
425 635 585 708 quaeque
617 611 772 708 suffugia
806 620 1032 709 occuparent.
1084 608 1158 683 Nec
1188 603 1262 683 ulla

11 751 61 799 res
89 725 214 822 magis
242 723 349 797 saluti
374 724 456 812 suit,
488 747 595 819 quam
621 721 719 819 quod
750 723 985 820 multiplicato
1016 722 1139 795 labore
1165 721 1260 795 suffi-

11 839 168 910 cientem
195 836 316 926 malis,
356 835 484 931 quibus
510 833 577 931 ipsi
604 843 803 922 cesserant,
844 858 967 931 regem
992 831 1157 906 deserere
1184 858 1260 907 eru·

10 949 223 1023 bescebant.

112 1055 291 1133 Ceterum
324 1056 499 1129 efficacior
529 1058 566 1129 in
591 1055 752 1129 adversis
778 1056 989 1146 necessitas,
1026 1081 1134 1153 quarn
1159 1057 1313 1148 ratio,lb

10 1170 153 1268 frigoris
189 1168 388 1241 remedium
419 1168 564 1240 invenit.
617 1166 785 1249 Dolabris
822 1169 918 1240 enim
956 1169 1065 1242 silvas
1098 1178 1261 1243 sternere

11 1281 184 1378 aggressi,
213 1279 347 1376 passim
373 1304 520 1351 acervos
547 1291 735 1377 struesque
753 1278 1001 1353 accenderunt.
1056 1277 1263 1355 Continenti

13 1392 178 1465 incendio
206 1390 334 1465 ardere
357 1391 518 1464 crederes
541 1392 695 1481 saltum,
709 1401 747 1464 et
768 1392 833 1464 vix
852 1392 947 1466 inter
967 1392 1130 1464 flammas
1153 1393 1262 1489 agmi-

17 1505 111 1577 nibus
149 1504 318 1576 relictum
349 1504 476 1574 locum.
534 1501 603 1574 Hic
634 1502 732 1576 calor
764 1504 946 1601 stupentia
975 1504 1137 1576 membra
1168 1528 1261 1576 com·

15 1617 132 1707 novit,
162 1615 408 1714 paulatimque
435 1614 589 1711 spiritus,
616 1639 723 1710 quem
750 1615 976 1688 continuerat
1000 1616 1107 1712 rigor,
1142 1640 1262 1689 meare

15 1727 119 1800 libere
155 1727 286 1824 coepit.
338 1725 523 1823 Excepere
556 1726 644 1798 alios
675 1735 773 1798 tecta
809 1726 1062 1815 barbarorum,
1101 1752 1193 1824 quae
1223 1728 1262 1803 in

16 1839 136 1912 ultimo
173 1840 270 1912 saltu
302 1837 425 1910 abdita
455 1837 650 1910 necessitas
682 1837 980 1933 investigaverat:
1013 1837 1100 1910 alios
1132 1850 1261 1931 castra,

17 1952 168 2046 quaein
196 1947 344 2023 humido
371 1948 524 2047 quidem,
560 1948 624 2022 sed
649 1948 722 2020 iarn
749 1948 839 2019 coeli
863 1948 1073 2020 mitescente
1100 1951 1259 2042 saevitia,

15 2062 235 2137 locaverunt.
287 2059 369 2133 Duo
400 2061 497 2133 milia
527 2059 680 2157 militum
705 2069 815 2155 atque
845 2059 1000 2132 lixarum
1026 2061 1259 2158 calonumque

16 2176 120 2270 pestis
148 2175 214 2246 illa
240 2172 469 2270 consumpsit.
522 2169 715 2245 Memoriae
751 2170 936 2268 proditum
967 2181 1040 2260 est,
1085 2173 1260 2268 quosdam

17 2276 213 2383 applicatos
242 2285 410 2358 arborum
435 2283 585 2372 truncis,
624 2294 661 2355 et
686 2308 760 2356 non
793 2283 910 2354 solum
936 2282 1156 2374 viventibus,
1194 2285 1259 2358 sed

17 2398 116 2470 etiarn
143 2398 244 2469 inter
264 2413 307 2467 'se
334 2396 617 2493 colloquentibus
644 2395 793 2483 similes,
827 2416 906 2466 esse
933 2405 1160 2491 conspectos,
1196 2397 1258 2470 du·

15 2520 110 2582 rante
139 2507 263 2580 adhuc
289 2508 428 2597 habitu,
461 2507 498 2578 in
530 2531 600 2602 quo
632 2532 730 2579 mors
758 2529 935 2603 quemque
963 2502 1256 2602 deprehenderat.

16 2617 116 2694 Forte
151 2617 306 2691 Macedo
341 2619 525 2718 gregarius
557 2619 657 2690 miles
691 2642 801 2713 seque
834 2626 872 2689 et
909 2642 1009 2690 arma
1041 2629 1257 2711 sustentans

16 2733 157 2806 tandem
191 2730 231 2802 in
266 2740 383 2803 castra
416 2742 640 2829 pervenerat.
695 2726 776 2818 Quo
809 2727 889 2802 viso
920 2753 1003 2820 ren,
1042 2755 1257 2829 quamquam

41 2981 115 3061 §.10ss
157 2991 257 3064 quibus
275 2992 285 3042 i
303 2992 328 3043 si
345 2991 488 3060 cesserant]
518 2987 619 3044 Totum
653 2990 670 3043 i.
680 3007 703 3045 e.
721 2991 775 3043 duo
792 2988 878 3057 milia,
896 2991 958 3062 quia
975 2990 1096 3046 solebant
1112 3010 1128 3045 a
1145 2992 1258 3048 librariis

15 3060 55 3116 boc
81 3062 220 3118 omittunt
246 3059 269 3112 P
296 3064 333 3111 .1
361 3061 469 3111 Vocet
497 3058 617 3112 Bern.B
653 3067 735 3113 notae
753 3058 853 3112 denarii
870 3068 898 3112 et
915 3060 1052 3114 millenarii
1069 3061 1171 3114 numeri
1187 3061 1258 3116 inter

14 3128 75 3185 nor.
93 3129 208 3194 EFHI,
232 3129 297 3196 issia
318 3133 422 3180 tantum
443 3126 525 3180 hebet
546 3127 618 3180 Flor.
653 3145 681 3180 se
700 3126 835 3181 confundi.
871 3127 975 3182 Auctor
996 3138 1037 3182 est
1054 3129 1258 3184 Drakenborch.

15 3197 40 3266 (l,
59 3200 157 3271 quibus
184 3198 262 3250 deest
278 3195 306 3249 in
323 3195 398 3248 codd.
416 3193 490 3247 Leid.
508 3195 587 3248 Voss.
603 3204 616 3248 1
653 3197 687 3248 ad
710 3194 815 3250 Livium
837 3195 956 3266 pluribus
980 3196 1043 3251 locis
1065 3216 1132 3268 quos
1150 3198 1257 3269 collegit

14 3264 83 3322 Rern.
100 3271 131 3323 A
149 3266 225 3320 Flor.
235 3264 291 3316 ΑΒ.
327 3262 381 3317 Sed
398 3270 516 3333 praestat
537 3262 619 3333 longe
653 3264 709 3334 ipse
733 3265 767 3316 sd
784 3264 828 3317 lib.
840 3279 947 3331 xxxnr,
962 3283 985 3319 c.
1001 3273 1042 3333 14,
1056 3273 1081 3335 5,
1104 3267 1207 3339 ipsique
1228 3268 1257 3321 id

14 3337 114 3407 vulgata
153 3334 290 3403 scriptura
319 3331 439 3386 codicum
464 3338 620 3385 nostrorum
653 3332 766 3387 vidimus
783 3334 817 3386 ad
834 3348 875 3401 m,
892 3341 969 3400 2,lt.
995 3350 1036 3402 vr,
1050 3342 1075 3403 5,
1088 3344 1111 3390 9.
1148 3336 1257 3408 (ΧΑΡ-

14 3401 163 3545 Πῗῖζρᾞ,
185 3476 210 3536 §.
223 3476 263 3523 12.
284 3469 380 3539 nccare]
403 3485 518 3522 remeare
535 3467 617 3523 Pell
653 3403 772 3535 pepulp,
783 3407 1029 3526 2dbdedib’nd5inltdr
1046 3491 1074 3526 se
1091 3476 1258 3545 colloquenti·

14 3537 201 3596 tlor.DFG1.
654 3538 713 3618 bus]
748 3539 840 3592 Euam
857 3557 947 3593 omnes
969 3541 1053 3594 nostri
1076 3550 1105 3595 et
1123 3541 1256 3596 Suakenb.

42 3615 64 3677 s.
79 3619 124 3666 18.
162 3610 215 3662 sed
236 3607 301 3676 iem]
336 3605 381 3659 Sic
401 3605 501 3676 primus
519 3604 619 3671 Iunius,
654 3608 770 3673 codices,
789 3607 834 3678 qui
851 3608 957 3661 ‹uidem
973 3609 1082 3675 habent,
1101 3629 1162 3664 nam
1179 3611 1257 3665 omis-

15 3679 170 3734 retustiores
191 3675 252 3728 edd.
270 3683 297 3727 et
314 3675 417 3728 codices
454 3673 556 3761 lerique
573 3678 621 3729 sed
654 3675 726 3731 sione
760 3676 859 3729 nonnul
870 3695 944 3729 orum
978 3679 1117 3731 verborum
1147 3688 1257 3749 peccant

16 3750 98 3816 αίαηι,
123 3749 210 3799 Voss.
231 3749 244 3795 l
263 3745 287 3796 si
303 3745 369 3810 iam,
392 3693 479 3822 Pulli
498 3742 569 3796 llor.
582 3742 620 3795 ΕΙ
654 3744 786 3798 Florus
798 3745 912 3798 Bern.B
926 3746 1036 3799 Voss2.
1063 3747 1153 3816 Vulgo
1166 3751 1256 3801 sedet.

16 3817 95 3897 etima
129 3815 255 3892 Restant
274 3810 353 3891 Bern.
368 3811 394 3864 Α
411 3811 486 3864 Lerd.
507 3810 579 3865 Flor.
593 3811 619 3863 D
689 3818 764 3879 §.lta
788 3816 892 3867 tandem
905 3815 934 3866 in
947 3817 1046 3880 cestre]
1073 3815 1255 3868 TamenLeid.

16 3882 444 4018 midblicibitldi‘cua
457 3944 577 4018 plerique
594 3954 621 4000 a
654 3881 755 4020 leitil
768 3882 1256 4020 iltrttt‘ntltlantttttt

16 4019 66 4073 edd.
82 4018 226 4091 principes
248 4029 288 4068 xx
309 4018 434 4083 miiitum,
461 4017 531 4069 unde
548 4015 619 4071 Flor.
655 4017 708 4072 Sed
729 4020 807 4088 paulo
829 4027 891 4089 post
915 4029 967 4072 tam
989 4022 1098 4071 maxime
1121 4037 1170 4089 pro
1196 4031 1256 4075 tunc

17 4084 82 4142 CllH
93 4084 222 4166 Bermll
237 4087 385 4165 xxypilites
398 4086 524 4152 fecerunt,
542 4084 619 4138 Voss.
653 4089 763 4140 maxime
786 4104 821 4140 ex
844 4087 908 4140 meis
931 4094 960 4139 et
977 4085 1136 4167 Snalrenbur
1154 4087 1171 4140 'i
1195 4107 1255 4144 mss.

17 4159 140 4226 luiqinti
158 4155 240 4207 melea
257 4155 372 4207 melitum.
403 4154 487 4207 Aldus
505 4154 538 4206 de
556 4169 620 4206 con·
653 4165 758 4225 praeter
778 4156 850 4209 Flor.
868 4155 916 4209 OD
944 4157 1063 4208 omnibus
1086 4172 1138 4208 scri
1158 4159 1256 4211 endum

17 4220 110 4279 iectura
128 4223 250 4276 dederet
264 4224 332 4276 mille
349 4225 466 4290 miiitum,
490 4222 561 4343 quod
578 4238 619 4275 ce·
654 4232 701 4277 est.
730 4224 789 4278 Nec
805 4223 875 4277 enim
889 4223 917 4275 in
931 4224 1191 4291 hacconstructione,
1209 4227 1255 4280 ubi

17 4293 61 4346 teri
77 4292 205 4346 editores
218 4306 306 4344 omnes
323 4299 469 4357 servarunt,
486 4291 494 4343 i
507 4290 620 4342 lustrari·
652 4292 738 4414 ipsum
746 4300 851 4363 tempus
864 4290 1001 4361 significat,
1012 4293 1089 4370 'quod
1099 4290 1255 4349 Germanice

18 4364 53 4415 tes
68 4362 156 4416 etiam
167 4358 392 4414 constructionem
408 4362 489 4431 paulo
506 4358 620 4412 insolcn-
673 4361 761 4416 'cimus
779 4373 869 4432 gerare,
889 4359 994 4414 videtur
1011 4378 1038 4413 m
1051 4377 1100 4413 usu
1112 4361 1191 4416 fuisse
1204 4362 1255 4418 nisi

20 4427 117 4485 liorem.
165 4426 225 4482 Sed
250 4427 432 4500 corrigendum
457 4435 499 4483 est
520 4445 555 4488 α)
574 4444 619 4496 00,
654 4439 715 4486 tum.
