2926 5174
423 291 471 341 ns
498 291 623 343 ansus
649 292 759 342 Atax.
785 293 835 362 nr,
863 290 905 338 n.
1246 279 1293 352 35

91 473 113 546 ri
148 473 402 548 nuntiantes.
455 472 528 547 Vix
559 473 649 548 fides
675 473 886 550 habebatur.
939 475 1067 575 Itaque
1094 481 1293 577 speculato-

93 585 137 658 in
166 584 394 657 maritimas
419 586 581 683 regiones
607 586 823 684 praemissos
856 589 1045 686 explorare
1072 589 1188 680 iubet,
1216 592 1292 688 ipse

91 706 181 787 sset,
223 721 281 768 an
313 697 580 794 praefectorum
612 697 738 793 aliquis
772 699 927 797 speciem
957 700 1183 797 praebuisset
1217 703 1292 774 uni·

91 808 112 882 si
138 807 348 882 venientis
377 808 563 881 exercitus.
604 804 677 880 Sed
703 833 785 880 cum
810 812 1053 908 speculatores
1070 821 1292 886 reverteren-

91 975 96 1007 ,
125 920 269 1017 procul
309 919 441 1016 ingens
472 913 666 991 multitudo
693 930 885 1018 conspecta
910 931 977 995 est.
1028 920 1134 1021 Ignes
1161 920 1291 998 deinde

91 1057 107 1104 s
133 1030 286 1128 campis
322 1031 498 1103 collucere
526 1040 731 1132 coeperunt,
752 1031 941 1129 omniaque
966 1031 1068 1106 velut
1094 1034 1291 1106 continenti

91 1141 186 1216 endio
215 1137 366 1212 ardere
391 1139 483 1212 visat
511 1165 593 1212 cum
617 1139 800 1215 incondita
815 1140 1009 1215 multitudo
1029 1144 1185 1216 maxime
1211 1169 1292 1241 pro·

91 1278 108 1325 r
138 1254 317 1324 iumenta
352 1251 471 1324 laxius
504 1249 678 1325 tenderet.
731 1250 857 1348 Itaque
884 1278 928 1328 eo
953 1254 1032 1352 ipso
1058 1256 1138 1326 loco
1163 1253 1292 1326 metari

91 1373 264 1436 acastre.
294 1361 467 1452 iusserat,
492 1363 627 1454 laetus,
654 1362 752 1460 quod
778 1364 875 1436 omni
900 1365 1102 1463 expetierat
1127 1374 1225 1453 voto,
1253 1364 1290 1436 in

91 1473 368 1573 spotissimum
389 1474 566 1569 angustiis
599 1473 864 1548 decernendum
889 1476 976 1547 fore.
1030 1473 1214 1566 Ceterum,
1246 1485 1288 1549 ut

91 1596 117 1658 et
139 1585 240 1675 fieri,
273 1609 371 1656 cum
397 1583 509 1655 ultimi
535 1583 746 1658 discriminis
771 1596 915 1684 tempus
941 1583 1131 1676 adventat,
1159 1586 1196 1658 in
1223 1586 1291 1659 sol·

91 1696 248 1770 tudinem
287 1718 407 1768 versa
436 1693 567 1768 fiducia
598 1706 691 1784 est,
715 1695 819 1770 Illam
843 1697 960 1794 ipsam
984 1697 1182 1786 fortunam,
1219 1722 1290 1793 qua

91 1809 204 1880 irante
234 1832 305 1880 res
336 1816 417 1878 tam
441 1831 610 1903 prospere
636 1818 807 1903 gesserat,
837 1807 1042 1898 verebatur,
1068 1832 1136 1880 nec
1161 1808 1290 1879 iniuria

93 1920 163 2009 his,
193 1942 303 2015 quae
334 1917 521 1989 tribuisset
547 1917 629 2008 sibi,
658 1943 766 2015 quam
791 1915 973 1989 mutabilis
1000 1927 1112 2007 esset,
1146 1927 1289 2013 reputa·

90 2059 97 2103 :
129 2055 253 2103 unam
284 2051 481 2124 superesse
507 2039 667 2117 noctem,
701 2051 792 2125 quae
818 2025 911 2098 tanti
937 2022 1148 2098 discriminis
1174 2051 1288 2099 mora·

91 2265 265 2332 urCurtius,
287 2263 334 2315 its
342 2261 448 2315 locutos
466 2278 522 2316 esse
536 2261 649 2316 invenio.
685 2264 774 2332 ipsene
791 2267 895 2319 adesset
916 2284 970 2320 non
992 2273 1034 2321 est
1059 2263 1109 2320 nisi
1130 2262 1158 2315 in
1174 2262 1246 2315 Flor·
1263 2263 1288 2316 E

96 2336 218 2406 scriptor
239 2338 347 2386 noster
366 2329 411 2383 lib.
419 2337 508 2396 1v,5l,
518 2337 551 2384 36
570 2349 649 2384 cursa
685 2350 765 2401 supra
790 2333 899 2403 lineam3
926 2335 999 2390 Flor.
1019 2335 1040 2390 O
1060 2345 1147 2389 atram
1165 2334 1221 2401 ipse
1239 2334 1289 2385 ad-

91 2415 111 2458 to
119 2408 250 2458 maximo
254 2407 385 2470 poterat,
395 2413 424 2465 v,
434 2406 465 2452 96
483 2399 541 2452 init.
552 2410 648 2467 quanto
684 2410 758 2454 esset.

91 2492 127 2527 mo
147 2477 228 2527 cuttu
251 2485 409 2539 possamus
432 2469 569 2534 adornati,
597 2484 648 2520 nec
718 2471 741 2537 ξ.
761 2477 802 2523 19.
837 2472 921 2524 laetas
942 2501 979 2514 -
1004 2472 1192 2526 decernendam
1209 2469 1286 2539 fore]

91 2560 127 2594 nn
153 2559 245 2611 qaam
276 2537 453 2589 111111111ηο-
473 2545 570 2604 potest.
604 2536 648 2590 De
682 2538 727 2590 Es
746 2540 837 2591 etierat
863 2539 981 2592 dedimus
999 2556 1034 2593 ex
1050 2539 1171 2594 omnibus
1188 2537 1287 2590 nostris

91 2609 172 2665 »vide
189 2607 291 2664 Drak.
315 2605 353 2657 ad
371 2603 415 2656 lib.
429 2611 506 2670 v11,9
527 2611 555 2657 et
571 2618 646 2671 xm,
683 2622 715 2658 co
735 2606 760 2658 d.
779 2614 807 2661 et
824 2606 899 2660 Leia
917 2608 995 2661 Voss.
1015 2616 1027 2661 1
1047 2626 1098 2678 pro
1120 2605 1193 2675 vulg.
1211 2622 1287 2674 espe-

96 2678 204 2733 Contra
225 2676 342 2731 caesar
361 2680 390 2724 et
408 2671 547 2725 Sallustius
570 2690 648 2740 qaam
684 2676 785 2741 siverat,
805 2676 877 2755 quod
894 2676 922 2728 in
938 2694 992 2730 uno
1010 2676 1118 2731 Flor.D
1137 2683 1165 2728 et
1182 2674 1285 2727 Voss.2

91 2758 147 2801 itest
166 2764 236 2801 eum
258 2740 463 2796 adiectivorum
480 2741 648 2810 superlativis
682 2742 789 2812 legitur,
808 2752 846 2796 ita
865 2744 971 2813 quidem
988 2753 1020 2798 ut
1036 2745 1064 2798 in
1077 2744 1117 2797 his
1132 2741 1209 2796 simul
1218 2742 1288 2794 amai

91 2824 201 2886 rugant:
220 2813 273 2866 ille
288 2812 319 2863 b.
331 2808 367 2862 G.
379 2816 403 2875 l,
415 2816 428 2862 9
439 2827 516 2878 qaam
526 2812 647 2863 moriaris
683 2822 738 2864 coto
757 2823 847 2880 expet,
867 2812 918 2866 alio
935 2815 1076 2867 verborum
1094 2811 1198 2874 ordine,
1218 2809 1288 2862 sicut

91 2895 101 2936 t
109 2885 260 2938 itineribus
273 2879 328 2946 (ad
339 2894 419 2947 quem
429 2878 515 2930 locum
532 2877 592 2930 vide
609 2879 649 2930 ln·
683 2879 711 2932 in
727 2879 799 2932 Flor.
816 2880 896 2933 EFI
912 2881 1027 2950 legatur,
1047 2899 1107 2934 cum
1125 2879 1153 2933 in
1169 2878 1241 2931 Flor.
1258 2876 1288 2931 H

91 2955 127 3023 1.),
145 2968 230 3023 saepe
241 2964 335 3002 naves
346 2964 425 3014 qaam
437 2948 570 3015 plurimas
607 2966 648 3000 os·
683 2947 843 3000 Bern.Bsit
852 2950 965 3000 omnium
973 2959 1029 3001 vato
1040 2951 1190 3017 expetierat.
1217 2948 1288 2999 Fore

99 3037 255 3089 coraparare
276 3024 311 3068 et
331 3013 440 3082 similis3
464 3014 571 3068 Sallust.
583 2966 648 3085 iug.
683 3032 737 3068 non
764 3015 791 3066 in
817 3014 935 3134 plurimis
962 3023 1068 3069 tantum
1095 3016 1170 3068 codd.
1189 3014 1236 3066 sed
1259 3013 1288 3066 in

91 3088 211 3156 Iupania
238 3104 311 3140 uam
322 3085 646 3152 mortmasporestcopias
682 3083 802 3136 omnibus
830 3082 925 3135 e'tur.
958 3082 1024 3147 Quis
1041 3083 1124 3152 igitur
1141 3099 1215 3133 error
1232 3081 1288 3133 edi·

91 3165 127 3208 nt.
142 3106 519 3225 sputimento-ciceronem
533 3170 560 3221 p.
570 3153 648 3207 domo
681 3160 754 3205 tores
779 3100 919 3219 (Modiam
936 3151 1041 3220 excipio
1059 3158 1087 3204 et
1105 3147 1286 3228 nupenimum

91 3241 149 3276 uam
183 3242 278 3290 ossum
300 3221 424 3273 nrasima
442 3237 501 3272 voce
517 3222 583 3286 dico,
601 3219 648 3275 ubi
682 3218 983 3284 Schmiederum)m0vit
996 3227 1028 3271 ut
1046 3235 1102 3272 esse
1120 3216 1286 3270 scriberent?

91 3291 124 3345 cis
143 3242 298 3346 livarberini
326 3287 470 3340 lectionem
492 3305 544 3356 qua
562 3287 647 3343 Gars-
681 3286 755 3342 Num
773 3287 962 3341 dubitaverunt
981 3287 1044 3358 quin
1063 3286 1100 3340 sic
1118 3285 1214 3338 Latine
1232 3284 1286 3338 dici

91 3379 110 3414 rs
126 3379 181 3415 non
192 3357 434 3414 contemnendam
443 3355 518 3420 dicit,
536 3357 648 3410 sortasse
680 3356 783 3428 possit?
801 3358 840 3410 At
857 3356 917 3409 vide
934 3355 992 3409 Liv.
1012 3370 1127 3423 xxxin,
1137 3362 1170 3409 39
1189 3356 1285 3407 milites

91 3440 127 3495 ta,
151 3430 174 3483 si
221 3428 275 3480 uid
307 3423 423 3494 periculi
441 3424 469 3477 in
490 3424 536 3476 vili
559 3424 648 3496 eapite
681 3427 730 3479 sab
741 3427 858 3494 pellibus
877 3427 1007 3479 habendos
1017 3428 1082 3495 fore
1098 3430 1189 3495 (quem
1197 3423 1286 3477 locum

91 3499 176 3551 ndum.
228 3492 477 3548 uinctil.Declam.
492 3499 543 3546 323
561 3492 645 3546 Serm.
678 3492 708 3547 in
724 3493 898 3564 grammatica
921 3498 944 3562 §.
963 3500 1013 3549 596
1031 3492 1151 3563 laudavi)
1170 3500 1198 3545 et
1217 3492 1285 3546 cur-

91 3577 205 3636 ipotest
231 3563 365 3617 inaximo
387 3563 513 3630 relipioae
530 3563 645 3615 iudicum
679 3560 747 3615 tium
772 3561 859 3632 ipsum
884 3580 964 3631 supra
991 3580 1015 3617 c.
1040 3570 1071 3616 17
1099 3571 1186 3614 atram
1212 3565 1285 3614 altra

91 3640 166 3689 melas
186 3635 310 3687 animas
331 3638 378 3681 est.
674 3632 898 3699 propredieadam
906 3633 991 3701 soret,
1009 3646 1073 3695 vm,
1082 3637 1116 3685 40
1135 3632 1201 3700 qaia
1217 3631 1285 3699 ipsis

96 3712 135 3758 17.
181 3705 214 3756 in
243 3699 405 3754 maritimas
427 3698 547 3766 repioaes
563 3714 646 3765 prae·
680 3700 820 3751 timendam
829 3701 912 3768 foret.

91 3774 122 3852 is]
142 3771 247 3826 Etiam
266 3765 328 3820 mei
347 3766 423 3818 codd.
442 3781 548 3831 omnes,
575 3765 646 3818 sicut
715 3769 739 3834 ξ.
758 3773 799 3820 20.
818 3785 870 3836 qua
888 3769 1036 3838 aspirante]
1055 3767 1113 3820 Liv.
1131 3781 1171 3833 1v,
1191 3771 1233 3832 54,
1251 3773 1282 3819 19

91 3841 144 3894 >hm
164 3836 269 3893 collati
290 3841 367 3899 sunt,
385 3835 413 3885 ia
430 3834 566 3886 omittunt.
589 3833 645 3886 Ita·
681 3836 740 3888 licet
749 3837 871 3905 felicitas
889 3838 1013 3904 aspirare
1030 3838 1163 3899 videntum·
1180 3833 1283 3901 Vergil.

91 3910 133 3962 vix
153 3907 325 3960 dubitarem
344 3901 408 3970 quin
423 3918 514 3954 eorum
531 3901 646 3955 auctori-
680 3903 748 3956 Aen.
764 3919 795 3972 11,
808 3910 858 3958 385
883 3906 987 3974 aspirat
1000 3907 1091 3975 primo
1107 3904 1223 3971 fortuna
1242 3903 1282 3954 la-

116 3993 249 4040 arerem‚
280 3969 336 4023 nisi
362 3986 404 4022 me
421 3971 562 4025 verborum
579 3971 645 4023 ordo
681 3974 745 4025 bari.
989 4000 994 4007 .

109 4046 114 4056 '
147 4053 172 4111 t,
194 4059 287 4112 quem
306 4037 390 4090 talem
402 4037 576 4107 requirerem:
594 4041 646 4091 ita·
715 4043 942 4108 quara'mutalilis
960 4043 1039 4110 esset)
1059 4039 1104 4093 Sic
1121 4037 1205 4090 Aldus
1225 4052 1284 4091 eor-

91 4114 264 4181 praemissos
298 4108 474 4173 speculatores
498 4108 646 4160 maritimas
679 4117 800 4175 rexerat;
818 4111 859 4162 ed.
869 4128 910 4179 pr.
928 4117 956 4161 et
975 4110 1051 4162 codd.
1061 4104 1182 4176 plerique
1191 4123 1283 4174 qaam-

91 4201 138 4234 aes
151 4199 185 4233 ea
208 4181 310 4231 lorare
325 4174 401 4225 iubet.
421 4174 501 4237 Quod
519 4183 645 4244 superest,
680 4194 738 4245 que,
755 4177 869 4230 Bernss
884 4196 933 4247 quo
952 4195 993 4243 ae,
1011 4173 1282 4243 Flor.anamqaam

91 4267 120 4301 ra*
131 4198 247 4318 sylliiba
267 4245 312 4308 ta,
332 4257 392 4293 eum
406 4260 431 4293 m
440 4242 533 4294 littera
550 4260 645 4314 sequa-
679 4245 827 4298 mutabilem
846 4264 910 4299 esse.
977 4245 1001 4296 F
1001 4244 1049 4297 lor.
1068 4241 1091 4294 B
1110 4241 1198 4295 omnia
1214 4243 1282 4294 haec

91 4318 136 4370 vix
156 4327 338 4386 quemquam
356 4326 460 4362 morere
478 4318 575 4378 potest.
679 4313 761 4367 verba
778 4313 848 4367 inter
866 4315 918 4367 duo
936 4330 1003 4381 qaae
1021 4311 1185 4364 exciderunt.
1203 4309 1282 4363 Aldi-

91 4404 109 4441 16
126 4389 244 4441 adesset
264 4379 319 4448 aa]
359 4377 435 4444 Quod
457 4377 539 4448 vulgo
557 4374 645 4436 editur
678 4399 744 4438 num
760 4382 888 4439 editorem
905 4388 980 4436 recte
997 4380 1090 4434 fecisse
1109 4393 1211 4434 censeo.

1037 4466 1076 4522 3*
