2926 5174
565 316 761 367 aprunum.
1201 295 1273 365 561

130 503 156 576 S.
176 501 204 559 9.
239 503 396 576 delicatam]
416 501 542 560 dedicata
558 500 645 560 Bern.
662 501 694 558 A
711 499 791 558 Flor.
808 499 866 557 AB
883 499 982 573 Leia..
1005 500 1157 559 dedicatam
1173 500 1276 576 reliqui

79 607 123 646 or.
142 595 170 645 et
185 587 273 646 Bem.
292 589 318 645 B
337 588 427 647 Voss.
446 588 475 661 2,
493 588 610 646 aeneam
627 587 716 645 Voss.
737 587 764 642 1.
797 587 943 661 vehentem]
964 584 1013 645 Sic
1030 587 1110 660 Ala,
1128 604 1192 643 cum
1209 587 1276 644 edit.

79 674 133 732 inc.
149 674 252 732 habent
268 675 442 732 uehementer.
473 673 576 731 Nostri
600 680 629 731 et
647 670 736 731 Snok.
764 691 835 731 mss.
854 691 953 732 omncs
971 673 1146 731 vehementem
1163 681 1274 749 praeter

79 780 131 818 un.
150 760 180 816 A
198 759 228 817 in
245 779 304 835 quo
322 768 367 819 est
383 760 526 819 vehentem.

131 847 156 920 S.
178 846 225 903 13.
259 849 343 921 reqiis
359 847 466 921 pneris]
490 846 562 920 repis
577 846 672 920 pueris
695 844 775 902 Flor.
794 842 819 902 O
838 843 928 902 Voss.
948 845 983 919 2,
1008 845 1071 903 odd.
1096 852 1167 903 vett.
1185 861 1278 918 usque

80 935 83 990 ἱ
100 931 261 1006 Iunianum,
275 935 373 1007 pueris
390 934 473 1007 reqiis
490 931 569 989 Flor.
587 931 618 988 H
636 931 724 988 Bern.
740 931 777 988 B.

131 1019 156 1092 S.
177 1018 226 1075 14.
263 1021 311 1093 qui
327 1019 419 1076 Darei
428 1018 536 1094 fuerat]
555 1017 643 1074 Darii
660 1017 746 1091 (nihil
762 1015 854 1095 aliud)
878 1016 964 1075 Born.
982 1017 1008 1076 B
1032 1016 1112 1075 Flor.
1132 1016 1277 1075 DEFHI.

80 1104 237 1180 nspeaisset]
258 1107 431 1180 comperisset
447 1102 534 1161 Born.
551 1102 588 1161 Β.

147 1203 220 1282 Cap.
251 1206 287 1279 9,
317 1206 343 1279 S.
376 1207 424 1264 16.
476 1205 528 1262 III
554 1205 669 1280 milium]
694 1205 748 1262 III
772 1207 848 1266 mdia
872 1206 959 1265 Bern.
982 1207 1014 1264 A
1041 1205 1122 1264 Flor.
1141 1206 1173 1264 A
1194 1204 1277 1265 Leid.

81 1345 133 1386 oss.
153 1328 181 1399 1,
198 1289 241 1390 ὥ
258 1326 339 1383 Flor.
358 1324 426 1384 FG.
1229 1385 1233 1395 ¹

129 1414 155 1486 S.
177 1413 226 1469 17.
261 1413 406 1488 satrapea]
427 1410 475 1471 Sic
492 1411 575 1487 plene
591 1410 673 1469 Laid.
691 1411 782 1471 Voss.
803 1415 818 1471 1
838 1412 925 1471 Bern.
943 1405 976 1471 A
993 1412 1073 1470 Flor.
1092 1411 1161 1486 ΑΒ,
1178 1412 1280 1488 reliqui

83 1498 137 1557 stri
156 1507 285 1573 satrapae
303 1498 351 1557 vel
368 1507 489 1573 satrape,
506 1516 582 1556 unus
599 1497 678 1555 Flor.
697 1497 728 1557 G
745 1501 879 1575 satrapia.

131 1603 157 1675 S.
183 1601 232 1659 19.
268 1602 474 1677 admonerique]
493 1602 635 1658 admoneri
650 1600 738 1659 Bem.
756 1603 783 1659 Β
800 1601 881 1661 Flor.
900 1599 936 1675 Ο,
954 1603 1098 1660 admonere
1115 1602 1193 1660 Flor.
1210 1600 1279 1658 ΒΗ.

81 1688 138 1763 stis]
157 1684 258 1745 Omitt.
276 1686 363 1745 Bern.
378 1686 414 1761 Β,
431 1696 516 1745 uestes
532 1695 620 1744 essent
636 1685 716 1745 Flor.
735 1685 769 1745 Ο.
805 1689 996 1763 assuefaceret]
1015 1688 1122 1764 adsuef.
1143 1688 1229 1747 Born.
1246 1681 1280 1745 A

82 1792 125 1832 or.
144 1769 185 1831 A.
219 1775 248 1829 in
266 1774 396 1848 contum]
423 1773 459 1830 In
476 1772 613 1831 omittunt
635 1771 722 1830 Bem.
738 1774 765 1830 B
790 1773 870 1831 Flor.
891 1771 991 1830 ODFI
1015 1773 1080 1831 Pal.
1101 1775 1116 1831 1
1141 1774 1231 1832 Voss
1250 1773 1280 1846 2,

82 1878 132 1935 per
148 1858 251 1916 lineam
269 1858 439 1916 adscribitur
456 1859 486 1916 in
503 1858 582 1916 Flor.
601 1857 638 1930 Ε,
659 1860 698 1915 ad
714 1859 776 1918 eod.
794 1859 878 1918 modo
896 1858 926 1916 in
944 1858 1022 1916 Flor.
1040 1859 1082 1915 H.

131 1946 157 2018 S.
176 1945 227 2001 20.
263 1944 349 2019 dona]
368 1946 469 2002 donum
485 1944 609 2002 Bem.B
627 1943 707 2002 Flor.
726 1945 812 2018 FHI,
829 1946 938 2002 donnum
954 1944 1035 2001 Flor.
1054 1944 1122 2002 DE.
1148 1945 1278 2019 tulerant]

82 2033 164 2087 'erant
184 2030 271 2087 Bam.
289 2029 326 2088 Β.
362 2033 450 2088 nostri
472 2032 563 2105 decep.
581 2031 635 2106 me]
661 2033 744 2089 taetri
766 2031 846 2088 Flor.
864 2029 894 2088 D
912 2028 942 2087 in
966 2038 1064 2105 textu,
1088 2032 1172 2116 uestri
1195 2031 1281 2087 nostri

83 2136 125 2175 or.
144 2116 180 2189 F,
197 2125 221 2173 te
238 2115 318 2173 Flor.
337 2115 369 2173 H
387 2116 474 2174 Bem.
491 2116 528 2175 Β.
551 2167 557 2181 ,

131 2220 157 2292 5.
177 2219 227 2275 22.
264 2219 504 2294 quotienscunque]
525 2216 574 2276 Sic
591 2218 671 2277 Flor.
690 2217 761 2277 EFI
777 2218 865 2276 Bern.
883 2218 920 2293 B,
942 2221 1177 2293 quotienscumque
1193 2218 1280 2275 Bern.

95 2304 175 2362 Flor.
193 2303 326 2377 ABGH,
345 2307 561 2379 quotiesenmque
578 2304 680 2380 reliqui
696 2304 777 2363 Flor.
812 2303 961 2383 annuam]
980 2306 1114 2362 adnuems
1134 2304 1221 2362 Bern.
1239 2300 1280 2378 Α,

83 2392 226 2448 nuntiares
243 2390 331 2447 Bam.
349 2389 386 2447 B.
423 2392 505 2447 matri
524 2390 692 2466 Olympiadi]
712 2392 808 2448 matris
828 2389 992 2466 Olimpiodis
1007 2389 1071 2448 odd.
1090 2390 1198 2466 primas
1215 2397 1281 2448 ante

83 2476 157 2534 idum
175 2485 203 2534 et
220 2477 301 2534 oodd.
320 2476 381 2534 noti
398 2494 496 2534 omncs
514 2485 627 2550 practer
643 2477 723 2535 Flor.
741 2477 800 2536 AB
818 2476 849 2534 in
867 2477 970 2552 quibus
987 2479 1071 2534 matri
1091 2477 1264 2552 olimpiadis.

132 2575 205 2655 Cap.
226 2580 276 2653 10,
294 2580 319 2653 5.
341 2580 368 2636 l.
395 2579 561 2637 silvestribus
572 2581 655 2656 ripis]
674 2581 805 2639 silvestris
820 2578 942 2654 (omisso
953 2580 1037 2656 repis)
1053 2579 1134 2638 Flor.
1149 2578 1282 2638 DEFHI

83 2684 133 2722 tm.
151 2664 177 2723 B
195 2665 286 2724 Voss.
306 2665 335 2740 2.
370 2656 541 2741 devolvitur]
556 2666 701 2724 diuoluitur
724 2665 803 2725 Flor.
822 2659 857 2724 A
880 2666 968 2724 Bam.
986 2658 1020 2724 A
1044 2684 1123 2742 apr.
1140 2685 1180 2723 m.
1199 2663 1280 2724 Leid.

83 2769 136 2810 oss.
156 2752 184 2807 1.

132 2838 157 2911 S.
181 2837 210 2898 2.
246 2837 303 2893 iam
325 2837 448 2912 nauium]
474 2834 524 2895 Sic
547 2834 657 2910 primus
674 2829 778 2894 Iunius
803 2852 841 2891 ex
865 2835 927 2893 cod.
953 2834 1047 2911 qualis
1069 2842 1115 2892 est
1136 2834 1216 2892 Flor.
1241 2833 1281 2907 G,

84 2922 148 2999 iqui
174 2941 272 2981 omnes
294 2941 359 2980 nam
383 2925 510 2997 naniam,
538 2922 595 2981 nisi
620 2922 696 2998 quod
712 2921 743 2979 in
766 2921 847 2979 Flor.
866 2921 892 2978 E
921 2923 975 2979 iam
1001 2939 1087 2997 super
1112 2919 1164 2977 lin.
1190 2938 1281 2978 oo1re-

84 3028 127 3067 1m
145 3018 199 3067 est.
1056 3034 1060 3042 ·

132 3096 158 3168 S.
184 3096 212 3153 3.
253 3113 314 3152 aum
338 3093 393 3151 IX
414 3078 521 3151 milibu's
543 3095 677 3185 peditam]
703 3112 763 3152 cum
787 3091 881 3152 VIIII
900 3092 929 3149 B
951 3094 1015 3167 ped.
1040 3091 1128 3149 Bern.
1146 3084 1179 3151 A
1200 3091 1281 3149 Flor.

84 3178 101 3240 3
121 3180 210 3239 Voss.
231 3181 246 3237 1
269 3181 313 3257 (in
330 3198 388 3254 qua
405 3179 546 3256 scriptura
562 3181 591 3237 B
608 3180 722 3239 videtur
738 3197 802 3237 esso
818 3198 871 3256 pro
888 3179 950 3256 M),
968 3198 1028 3237 eum
1052 3177 1146 3239 VIIII
1160 3179 1188 3236 d.
1202 3180 1282 3254 pedi-

85 3301 198 3359 uFlor.
217 3299 333 3374 DEFI,
349 3317 410 3357 eum
434 3299 511 3359 VIII
525 3301 553 3356 d.
567 3300 692 3374 peditam
709 3299 789 3357 Flor.
807 3299 840 3357 H
856 3299 945 3358 Born.
961 3299 998 3374 B,
1016 3318 1076 3358 cum
1098 3261 1284 3378 01312111)εά1-

85 3408 102 3445 η
119 3396 149 3444 et
165 3405 252 3464 super
269 3386 319 3443 lin.
338 3387 490 3462 quingentis
506 3385 587 3443 Flor.
606 3384 646 3444 G.

132 3474 158 3546 5.
177 3475 208 3531 4.
245 3476 347 3548 quippe
363 3469 472 3549 ultima]
491 3473 592 3546 quippe
609 3472 659 3546 qui
674 3471 769 3528 nitima
786 3473 865 3531 Flor.
885 3469 927 3538 G.

132 3559 156 3632 S.
176 3559 205 3616 5.
240 3559 323 3630 urbe,
347 3560 373 3615 si
384 3576 491 3634 paucos
507 3559 635 3634 misisset]
654 3558 807 3617 immisisset
830 3558 910 3618 Flor.
931 3556 973 3635 C,
996 3558 1030 3617 ab
1047 3558 1115 3616 urie
1131 3560 1283 3618 immisisset

85 3663 125 3702 or.
143 3643 278 3702 DEFHI
296 3643 383 3702 Bern.
400 3645 438 3702 B.

132 3731 157 3804 S.
179 3731 209 3787 6.
244 3730 340 3804 iidan]
360 3731 430 3788 idem
447 3729 533 3787 Bern.
545 3722 578 3788 A
594 3729 675 3789 Flor.
688 3725 807 3789 ABCH
824 3728 907 3790 Leia.
925 3732 1017 3790 Voss.
1036 3730 1065 3786 1.
1084 3730 1114 3787 2.
1144 3731 1182 3788 M
1196 3738 1220 3786 et
1237 3727 1281 3801 D]

86 3856 90 3872 .
108 3817 138 3874 d.
157 3816 238 3874 Flor.
257 3813 393 3873 EFGHI
416 3816 504 3873 Bern.
522 3815 560 3872 B.

131 3903 157 3976 5.
178 3902 209 3958 7.
246 3909 336 3959 turres
353 3903 536 3975 admoverent]
555 3909 646 3957 turres
663 3904 782 3977 ceperint
798 3905 940 3962 admovere
956 3899 1123 3961 Flor.DFI
1141 3897 1279 3956 etPal.1
1346 3952 1351 3963 .

86 3987 115 4044 'si
133 3987 211 4062 quod
222 3989 382 4062 coeperint),
400 3997 490 4045 turres
508 3987 626 4061 ceperint
643 3988 785 4068 admoveat
807 3999 836 4047 et
849 4008 914 4065 sup.
928 3990 979 4046 lin.
997 4005 1028 4043 re
1044 3986 1116 4043 Flor
1140 3985 1176 4057 E,
1193 3992 1284 4040 turres

86 4075 114 4130 rit
131 4075 277 4130 admonent
293 4072 374 4131 Flor.
392 4073 424 4131 H
442 4074 529 4130 Born.
548 4072 584 4145 Β,
602 4080 692 4130 turres
709 4079 795 4152 coepit
811 4075 952 4133 admovere
971 4073 1061 4131 Voss.
1081 4073 1111 4128 2.

131 4175 158 4248 5.
178 4173 209 4231 8.
245 4176 388 4251 impedita]
407 4176 529 4252 inpedita
546 4174 633 4232 Bem.
651 4167 701 4251 A,
725 4176 831 4235 omittit
847 4176 929 4235 Mod.
948 4175 1014 4233 edit.
1049 4174 1125 4248 erqo]
1149 4171 1285 4229 omittunt

87 4278 133 4318 rn.
152 4260 179 4317 B
197 4259 279 4318 Flor.
297 4260 440 4320 DEFHI.

131 4359 208 4438 Cap.
227 4361 277 4436 11,
296 4364 320 4437 S.
341 4365 390 4424 10.
431 4364 556 4440 Tauron]
580 4362 674 4424 Tauro
691 4365 779 4424 Bern.
798 4365 835 4422 B.
858 4364 938 4424 Flor.
955 4360 1088 4421 DEFHI
1105 4359 1171 4420 Pol.
1191 4361 1219 4419 1.

135 4449 161 4522 S.
183 4448 234 4505 11.
270 4450 309 4506 ad
325 4450 505 4528 moriendum)
525 4450 672 4511 admodum
696 4452 783 4511 Born.
800 4449 837 4508 Β.
1046 4530 1080 4582 36
