2984 5176
179 270 250 342 196
557 320 560 326 -
644 286 679 350 o.
706 283 830 336 cumn
854 286 940 337 surr
1021 277 1026 283 '

173 470 552 573 petituros,'Iuorento,
577 471 701 567 inquit,
727 470 898 570 osas'puori
922 473 1007 569 quoe
1020 490 1090 545 'ooo
1114 458 1274 560 cederent,
1294 478 1324 540 et
1343 465 1401 540 sio·

170 585 261 684 palis
295 595 440 658 oestrum
472 583 567 656 milio
601 583 776 656 denarium
810 583 890 657 duri
920 582 1013 656 iussi.
1068 580 1157 658 Cum
1187 579 1351 654 redieritis
1374 579 1403 651 io

130 784 134 791 ¹
177 694 374 788 Groecmm,
406 695 600 796 praestabo,
634 719 675 768 ne
700 694 760 795 qui
783 707 904 768 statum
928 720 1043 786 suum,
1077 693 1216 767 siiueo
1242 691 1402 765 columitas

176 806 384 900 aosaoesoo
409 809 523 882 creda
546 832 615 882 esse
639 807 815 880 meliorem.
854 804 909 879 Illi
935 805 1071 879 obortis
1097 802 1254 877 lacrimis
1282 808 1438 876 terrama

176 920 423 1010 intuebantur,
461 945 528 992 nec
566 928 630 991 aut
661 918 796 1016 erigere
828 919 950 991 vultus
983 927 1046 990 aut
1080 915 1178 1014 loqui
1214 913 1403 987 audebant:

174 1030 321 1105 tandem
355 1055 439 1127 rege
474 1030 638 1104 tristitiae
673 1055 818 1103 causam
844 1029 1028 1126 exigente,
1061 1026 1264 1099 Euctemon
1291 1024 1404 1097 similia

173 1143 226 1234 iis,
253 1141 407 1240 quaein
433 1143 579 1215 consilio
606 1140 757 1231 dixerat,
784 1139 978 1239 respondit.
1013 1140 1135 1237 Atque
1160 1139 1220 1211 ille
1246 1164 1323 1210 non
1347 1138 1439 1208 for-rr

172 1265 281 1328 tunae
307 1254 422 1326 solum
448 1279 582 1344 eorum,
608 1253 674 1326 sed
699 1254 807 1327 etiam
832 1250 1072 1350 poenitentiae
1097 1252 1284 1340 misertus,
1313 1258 1405 1321 terna

173 1367 270 1439 milia
301 1365 486 1438 denarium
519 1365 665 1463 singulis
699 1364 776 1437 dari
806 1363 927 1436 iussit:
961 1362 1075 1437 denae
1106 1373 1227 1438 vestes
1255 1361 1404 1434 adiectae
1436 1368 1438 1375 ’

173 1489 273 1565 sunt3
302 1487 340 1549 et
365 1487 528 1550 armenta
553 1501 635 1550 cum
661 1477 849 1574 pecoribus
875 1501 918 1549 ac
943 1466 1122 1550 frumento
1150 1474 1252 1567 data,
1280 1484 1322 1547 ut
1347 1472 1404 1545 coli

173 1590 312 1685 serique
338 1587 531 1659 attributus
556 1588 599 1659 iis
626 1612 711 1684 ager
736 1599 869 1685 posset.

124 1701 172 1773 20
276 1697 428 1773 Postero
454 1697 511 1771 die
538 1709 754 1772 convocatos
781 1699 889 1773 duces
916 1698 1099 1796 copiarum
1124 1694 1252 1787 docet,
1279 1695 1435 1767 nullamu

171 1810 390 1894 infestiorem
416 1809 542 1883 urbem
570 1808 713 1884 Graecis
741 1836 830 1902 esse,
857 1836 964 1908 quam
990 1810 1126 1908 regiam
1151 1819 1318 1883 veterum
1331 1804 1403 1878 Per-

173 1922 258 2006 sidis
294 1947 429 2020 regum.
480 1919 574 1995 Hinc
608 1922 669 1994 illa
694 1914 1036 2041 immensa·ag1'nina
1061 1920 1198 1993 infusa:
1233 1919 1318 1992 hinc
1342 1915 1402 1988 Da·

172 2058 273 2106 reum
298 2035 407 2131 priuS,
434 2031 515 2106 dein
541 2032 700 2107 Xerxem
718 2032 1057 2132 Europae'impium
1081 2031 1245 2104 intulisse
1271 2030 1421 2103 bellum.

172 2141 322 2216 Excidio
348 2146 441 2216 illius
467 2137 730 2243 parentandum
756 2170 835 2218 esse
860 2143 1064 2216 maioribus.
1098 2141 1247 2240 Iamque
1260 2140 1425 2230 barbada

179 2362 182 2367 ’
207 2340 321 2424 siopulis
336 2353 448 2397 vestrum
462 2345 537 2397 milio
552 2343 688 2399 denarium
704 2349 776 2415 dors]
812 2345 880 2399 GHI
897 2344 1027 2399 et'Bern.
1049 2343 1073 2398 B
1095 2343 1161 2399 item
1184 2333 1405 2413 Snakeuburgisni

173 2411 275 2480 Attigrt
297 2412 366 2465 hunc
391 2412 478 2465 lorum
500 2431 610 2482 magnus
629 2413 777 2469 Gronovius
812 2417 857 2485 qai
874 2413 1009 2467 exhibent.

173 2481 207 2535 ad
224 2479 283 2535 Liv.
302 2493 390 2547 xxrx,
411 2486 456 2547 15,
476 2489 505 2548 9,
527 2481 573 2535 ubi
596 2483 673 2536 docet
690 2483 777 2554 plura-
847 2485 869 2551 ἓ.
889 2489 930 2537 23.
965 2483 1065 2535 similia
1083 2483 1117 2535 iis
1135 2484 1211 2552 quael
1235 2481 1281 2536 Sic
1299 2482 1346 2552 (iis
1361 2493 1406 2533 non

173 2550 226 2602 lem
243 2566 380 2602 numerum
398 2549 425 2601 in
443 2548 628 2604 distributione
649 2551 777 2620 adhiberi,
812 2553 865 2621 his)
884 2551 999 2604 Bern.·A
1016 2550 1087 2604 Flor.
1097 2551 1146 2604 AB
1164 2557 1193 2604 et
1209 2550 1294 2604 Snak.
1311 2556 1406 2621 praeter

173 2617 321 2740 titt?
337 2617 440 2757 reu
454 2619 779 2743 terserunt·
812 2619 1263 2759 lu·.².sq.t?⁰o..uonr
1280 2627 1322 2672 ³³
1338 2617 1364 2671 ³¹¹
1379 2633 1406 2669 ⁰⁰

175 2754 292 2809 histum
310 2755 336 2808 in
353 2756 404 2809 hoc
421 2772 530 2809 numero
547 2756 694 2812 millenario
711 2775 778 2811 sem·
847 2760 871 2826 §-
889 2764 930 2811 24.
969 2759 1091 2810 misertus
1115 2757 1147 2808 de
1173 2757 1328 2810 coniectura
1347 2750 1407 2808 Iunii

173 2842 222 2906 per
238 2824 283 2890 fit,
309 2823 351 2876 uti
376 2824 452 2877 facile
474 2825 607 2878 docebunt
630 2825 681 2880 loci
698 2835 727 2880 et
744 2828 778 2881 ab
812 2825 917 2893 editur,
944 2842 1004 2879 cum
1031 2824 1059 2878 in
1084 2824 1139 2878 anti
1159 2825 1281 2878 uioribus
1307 2824 1366 2877 edd.
1384 2828 1408 2875 ct

173 2913 183 2946 1
214 2891 384 2947 oGronovio
409 2901 438 2945 et
460 2910 477 2945 a
497 2893 715 2948 Drakenborchio
742 2896 776 2949 ad
811 2893 948 2948 deterioris
983 2892 1081 2948 ordinis
1162 2893 1247 2947 icibus
1276 2895 1408 2947 miseratos

197 2961 231 3015 iv.
249 2977 295 3029 IV,
315 2969 360 3028 15,
380 2969 394 3016 6
412 2961 494 3015 allati.
528 2961 661 3016 Nimirum
678 2966 777 3017 milleni
811 2963 951 3033 legeretur.
987 2961 1041 3016 Sed
1062 2961 1154 3032 optimi
1180 2961 1242 3016 libri
1258 2961 1323 3017 rnsti
1340 2962 1409 3014 mise·

173 3050 226 3100 yox
248 3039 289 3085 est
309 3030 415 3084 insolita
432 3030 557 3084 Romams
578 3039 607 3085 et
624 3033 776 3102 mammeti-
809 3041 882 3085 retur
898 3029 1033 3096 exhibent,
1052 3030 1138 3083 nullus
1155 3033 1288 3085 misertus.
1310 3030 1409 3083 Placeta

174 3117 264 3154 corum
296 3099 385 3179 potius
414 3099 444 3152 in
472 3099 545 3152 libris
567 3118 647 3170 quam
672 3100 701 3153 in
726 3119 775 3154 usu
809 3117 844 3153 ne
861 3099 944 3170 igitur
966 3098 1070 3152 restitui
1087 3101 1244 3153 miseretur!
1271 3099 1343 3155 Mihi
1359 3095 1409 3168 qui-

173 3186 303 3223 eommunr
321 3176 432 3221 versata.
462 3167 520 3220 Iam
536 3167 619 3238 igitur
635 3168 656 3222 si
674 3170 775 3224 codices
809 3169 870 3221 dem
886 3166 1020 3239 displicet,
1047 3168 1094 3221 sed
1112 3167 1137 3221 -si
1161 3167 1222 3239 quis
1244 3167 1341 3237 fecerit
1357 3182 1410 3220 eum

174 3236 311 3302 consulas,
333 3252 404 3288 meos
426 3235 532 3305 quidem
552 3254 643 3291 omnes
670 3237 775 3293 Grono·
808 3256 864 3291 non
881 3237 1079 3307 reprehendam.
1184 3268 1187 3273 ·

172 3304 265 3358 vianae
282 3302 458 3356 emendationi
475 3304 635 3372 patrocinari
652 3305 774 3377 tibiper·
843 3316 916 3358 ternu
943 3307 1017 3358 milia
1045 3306 1192 3372 denarieml
1237 3303 1327 3358 Miror
1348 3301 1408 3357 hl

174 3374 268 3437 suade,
294 3379 326 3423 ut
351 3371 414 3424 satis
440 3371 528 3424 mirari
555 3389 683 3443 nequeam
728 3376 773 3428 uid
807 3375 835 3428 in
861 3374 941 3427 Bern.
962 3375 988 3426 A
1010 3382 1039 3428 et
1063 3373 1135 3427 Flor.
1162 3371 1266 3429 ABCG
1291 3381 1323 3427 et
1343 3370 1411 3426 Lau

174 3437 375 3519 snakenburgio
397 3438 536 3507 acciderit,
582 3442 635 3493 uod
657 3442 685 3495 in
702 3394 773 3498 lqlor.
809 3444 886 3497 Voss.
910 3449 923 3495 1
954 3444 1122 3496 denumerem
1151 3440 1218 3512 legi,
1252 3460 1316 3496 cum
1340 3451 1411 3496 autes

173 3506 286 3572 Hernsn,
304 3525 350 3577 qur
367 3515 408 3560 est
425 3509 555 3574 nosterA,
597 3508 647 3562 eid.
665 3510 773 3565 Voss.1
810 3512 947 3565 denarium
964 3510 992 3563 in
1009 3509 1101 3564 iisdem
1122 3508 1178 3563 sine
1195 3510 1348 3565 variatione
1362 3510 1411 3563 fre

175 3575 243 3630 sicut
260 3574 340 3644 vulgo
358 3575 446 3628 editur
463 3577 533 3628 mille
550 3576 603 3646 legi
628 3578 776 3635 tradiderit.
810 3579 855 3633 rit.
902 3579 968 3632 Trio
993 3578 1022 3632 in
1046 3578 1128 3633 Bern.
1150 3582 1173 3630 B
1196 3579 1271 3634 Flor.
1299 3573 1411 3633 DEFllI

175 3645 340 3714 Quamquam
357 3642 427 3696 idem
438 3644 466 3696 in
476 3644 647 3699 annotatione
656 3648 775 3703 subiecta
809 3648 886 3702 Voss.
909 3654 923 3700 2
947 3646 1032 3700 minus
1054 3656 1127 3702 recte
1148 3646 1258 3718 legitur.
1298 3647 1355 3704 Pro
1381 3661 1409 3699 eo

173 3713 272 3765 habere
294 3719 377 3766 mstos
394 3730 454 3766 suos
470 3714 545 3767 milia
563 3712 697 3770 discedens
715 3735 731 3770 a
747 3735 776 3772 se
809 3717 880 3787 quod
901 3724 943 3769 est
969 3719 1052 3769 denae
1072 3715 1102 3769 -in
1118 3716 1199 3769 Beria
1224 3717 1250 3770 B
1272 3716 1349 3771 Flor.
1364 3710 1410 3769 ΕΗ

173 3780 231 3854 ipso
249 3779 347 3835 scribit.
809 3793 851 3838 est
868 3786 974 3852 dando,
990 3783 1020 3838 in
1035 3784 1107 3838 Flor.
1124 3783 1191 3838 DFI
1209 3787 1282 3855 dein,
1301 3785 1331 3840 in
1346 3783 1409 3839 slor-

182 3913 185 3918 ,
207 3868 240 3904 ne
257 3851 302 3920 qui
319 3851 424 3918 statum]
459 3848 550 3928 Vulgo
575 3869 607 3905 ne
629 3855 704 3922 quis,
728 3855 775 3907 sed
810 3853 835 3908 G
853 3855 913 3907 dein
932 3856 1021 3906 denae.

174 3921 218 3989 qai
235 3917 400 3972 substantive
416 3917 531 3988 positum
549 3935 603 3973 non
623 3939 684 3975 raro
700 3921 775 3976 inve·
812 3949 815 3955 .
844 3922 910 3992 Cap.
928 3928 971 3989 20,
991 3925 1015 3989 §-
1034 3926 1058 3976 1.
1092 3922 1154 3974 dein
1170 3921 1301 3991 Xersen]
1327 3919 1408 3990 volgo

173 3987 223 4059 niri
254 3988 324 4058 apud
355 3985 466 4058 optimos
500 4005 617 4059 quosque
645 3998 774 4058 veterum,
810 3991 912 4056 dando,
930 3997 1049 4044 nostrum
1066 3989 1195 4043 exhibent
1212 3989 1290 4044 Leid.
1309 3990 1409 4045 vosl-

172 4053 773 4195 ledetltltttnumtltttttltt
807 4057 1406 4196 lbf‘dtct‘ttrffitffdldd

173 4193 207 4244 sd
220 4191 280 4247 ¹Cic
298 4193 326 4245 in
342 4194 587 4260 Verr.v,10,25.
616 4195 712 4266 Itaque
730 4212 775 4251 oo·
807 4195 888 4248 Beru.
915 4195 965 4248 AB
988 4194 1063 4249 Leid.
1086 4194 1160 4249 Flos.
1180 4195 1219 4250 H.
1253 4195 1324 4251 Post
1347 4180 1405 4248 art

173 4260 243 4313 dices
264 4260 313 4314 soli
333 4261 457 4332 sequendi
484 4267 559 4325 sunt,
583 4263 666 4317 nostri
684 4272 774 4318 autem
808 4272 944 4318 cunctatus
980 4281 1011 4318 ro
1030 4263 1102 4334 vulg.
1119 4265 1160 4317 nil
1176 4263 1260 4318 Bern.
1273 4264 1326 4318 AB
1340 4260 1401 4319 rto

172 4328 403 4400 omnes-exceptis
426 4330 510 4385 tribus
536 4328 608 4385 Flor.
634 4333 774 4404 postremis
806 4333 833 4385 A
850 4331 895 4385 alii
912 4351 938 4384 m
968 4332 989 4386 ti
1005 4340 1034 4385 et
1051 4331 1294 4404 Snahonbmgiani,
1311 4330 1401 4386 silicet

680 4435 684 4442 -
808 4417 841 4454 ex
858 4417 890 4456 eo
908 4399 1035 4456 coniicere
1051 4401 1123 4473 quod
1139 4400 1198 4474 ipse
1214 4397 1360 4465 oie-'edidit¹
1380 4428 1383 4433 -
