2926 5174
162 273 234 347 302
648 296 681 359 o.
703 275 832 349 ‘cuam
846 297 932 349 aum
998 264 1020 352 Ι;

158 476 279 574 gravis
307 487 394 568 erat,
420 477 597 576 plerisque
622 505 696 552 non
722 480 863 578 ingrata
888 478 1020 553 militia.
1069 477 1127 551 Ita
1153 488 1194 553 et
1221 479 1407 577 agentiunu

157 587 290 684 gratias
318 598 355 660 et
377 591 605 686 ¹querentium
630 591 770 664 litterae
798 602 970 689 exceptae
997 600 1090 664 sunt.
1144 589 1196 664 Et
1224 591 1283 689 qui
1305 591 1376 663 forte

157 696 316 770 taedium
340 699 471 773 laboris
498 726 563 799 per
588 702 725 775 litteras
752 714 856 776 erant
882 702 1016 799 questi,
1050 702 1145 775 hanc
1175 725 1314 776 seorsus
1337 726 1377 775 cc·

157 808 299 880 hortem
318 812 478 886 aceteris
506 811 653 887 tendere
679 814 893 911 ignominiae
919 813 1164 905 causa..iubet,
1193 811 1377 887 fortitudine

157 944 289 992 usurus
315 920 352 993 in
377 922 487 1013 bell0‚
521 923 724 996 libertatem
750 924 892 1023 linguae
919 927 965 999 ab
992 925 1139 998 auribus
1168 925 1318 999 credulis
1338 949 1377 996 re·

158 1040 332 1104 moturus.
384 1031 432 1103 Et
458 1034 659 1126 consilium,
695 1035 923 1109 temerarium
955 1036 1122 1126 forsitan,
1159 1035 1305 1135 (quippe
1326 1036 1376 1107 lor-

158 1143 285 1216 tissimi
316 1145 463 1217 iuvenes
497 1147 711 1219 contumelia
742 1147 871 1220 irritati
903 1144 1029 1244 crant)
1065 1146 1162 1221 sicut
1189 1147 1306 1220 omnia
1327 1145 1377 1218 alia

157 1254 305 1329 felicitas
339 1256 433 1353 regis
465 1258 615 1355 excepit.
668 1255 764 1333 Nihil
794 1257 862 1329 illis
896 1256 943 1331 ad
974 1256 1067 1330 bella
1093 1257 1297 1356 promptius
1319 1256 1375 1329 fuit

156 1363 333 1440 Incitabat
358 1367 530 1440 virtutem
555 1379 592 1441 ct
617 1368 830 1466 ignominiae
857 1366 1052 1441 demendae
1084 1369 1232 1468 cupido,
1259 1382 1294 1445 et
1315 1366 1403 1466 quial

157 1478 264 1550 fortia
288 1479 383 1551 facta
409 1479 445 1551 in
471 1480 593 1576 paucis
619 1481 732 1553 latere
757 1505 831 1553 non
857 1488 1033 1578 poterant.

110 1593 155 1663 11
260 1587 326 1662 His
352 1590 404 1663 ita
430 1591 645 1688 compositis,
659 1590 876 1682 Alexander,
902 1590 1121 1665 Arianorum
1148 1601 1291 1692 satrape
1314 1598 1402 1663 con-111

156 1701 293 1792 stituto,
319 1701 387 1774 iter
413 1702 636 1799 pronuntiari
661 1703 762 1778 iubet
786 1703 823 1775 in
848 1701 1070 1800 Arimaspos,
1097 1728 1192 1799 quos
1220 1704 1290 1778 iam
1311 1712 1373 1774 tuuc

156 1822 295 1886 mutato
330 1812 474 1888 nomine
505 1810 703 1911 Euergetas
738 1814 981 1912 appellabant,
1014 1839 1062 1887 ex
1088 1840 1163 1912 quo
1192 1816 1319 1914 frigore
1337 1810 1372 1884 vi·

158 1935 306 2021 ctusque
331 1924 480 2022 penuria
495 1920 579 2023 Cyri
606 1926 802 1999 exercitum
827 1925 1004 2017 affectum,
1029 1926 1136 2000 tectis
1164 1936 1204 2000 et
1231 1946 1372 2000 commea·

156 2036 253 2109 tibus
288 2035 463 2111 iuverant.
527 2032 679 2124 Quintus
715 2036 790 2110 dies
826 2047 918 2127 erat,
953 2048 993 2111 ut
1024 2038 1062 2111 in
1095 2063 1180 2111 eam
1220 2038 1390 2137 regionem

157 2158 380 2245 pervenerat.
435 2145 636 2244 Cognoscit,
663 2144 940 2239 Satibarzanem,
967 2149 1027 2246 qui
1053 2147 1102 2222 ad
1128 2148 1283 2224 Bessum
1306 2146 1373 2220 dele·

74 2266 78 2273 '
113 2276 116 2280 “
158 2269 271 2351 cerat,
305 2253 386 2332 cum
420 2258 580 2356 equitum
613 2285 723 2332 manu
747 2259 916 2359 irrupisse
942 2285 1065 2334 rursus
1092 2260 1133 2335 in
1157 2259 1277 2335 Arios.
1323 2256 1371 2330 lta·

156 2397 227 2469 ,que
254 2368 433 2446 Caranum
459 2379 496 2442 et
521 2368 708 2468 Erigyium
739 2397 820 2443 cum
845 2371 1027 2445 Artabazo
1061 2381 1099 2445 et
1125 2369 1329 2445 Andronico
1349 2376 1373 2438 et
1405 2362 1409 2387 '

157 2509 223 2556 sex
256 2482 399 2555 milibus
433 2477 652 2555 Graecorum
688 2481 850 2580 peditum
881 2505 932 2557 nc
970 2483 1107 2579 equites
1147 2484 1373 2580 sequebantur.

154 2593 238 2692 lpse
263 2618 314 2668 nx
346 2592 471 2666 diebus
503 2603 649 2690 gentem
675 2592 934 2690 Euergetarum
961 2593 1158 2685 ordinavit,
1187 2619 1315 2693 magna
1333 2602 1390 2689 pe·8

158 2706 261 2778 cunia
287 2706 333 2778 ob
360 2705 540 2804 egregiam
565 2705 603 2777 in
631 2703 765 2805 Cyrum
790 2704 898 2778 fidem
925 2705 1068 2778 donata.

259 2815 397 2890 Relicto
434 2815 578 2907 deinde,
611 2818 671 2914 qui
696 2818 738 2890 iis
763 2828 965 2916 praeesset,
999 2815 1180 2891 Amedine
1213 2815 1335 2920 (scriba
1352 2809 1390 2882 isi

192 3039 216 3103 5.
237 3041 279 3091 37.
302 3053 408 3092 seorsus
426 3035 527 3091 codices
536 3034 656 3092 meliores
671 3055 760 3094 omues
815 3044 858 3091 cst
875 3033 1088 3116 Aldumyulgo.
1102 3035 1210 3106 editur,
1237 3053 1271 3090 cx
1293 3023 1372 3088 Arritnl

156 3104 284 3176 multique
301 3121 335 3158 ex
352 3105 535 3159 deterioribus.
570 3105 660 3160 Etiam
682 3125 761 3178 supra
794 3053 853 3160 loco
871 3105 939 3159 male
957 3104 1020 3157 ohm
1037 3112 1137 3175 scripto
1151 3105 1241 3160 fluxit.
1260 3100 1372 3173 (derlur

156 3188 186 3240 v,
206 3180 256 3240 7,6
275 3173 311 3227 sic
328 3173 496 3243 correximus,
514 3176 586 3247 quod
603 3176 762 3248 vulgabatur
795 3174 876 3228 etiam
893 3174 1030 3228 invocat
1049 3190 1107 3229 esse
1120 3175 1290 3245 Amcrpca)
1306 3169 1371 3250 pua

158 3259 282 3295 scorsum.
376 3275 380 3282 -
762 3260 765 3266 ¹
795 3250 889 3312 topere
907 3243 935 3296 in
951 3240 1048 3295 talibus
1065 3242 1144 3296 rebus
1171 3249 1283 3314 peccent
1298 3239 1328 3292 bb

193 3312 357 3378 corrrumelic]
376 3311 488 3366 Secutus
506 3330 563 3365 sum
579 3313 651 3368 Flcr.
669 3313 760 3367 DFGI
795 3313 981 3365 documentum
1005 3318 1046 3364 est
1071 3311 1151 3381 paulo
1177 3318 1253 3384 post,
1279 3307 1319 3362 ubi
1337 3317 1371 3425 pm

158 3377 236 3431 Voss.
256 3386 268 3430 1
288 3377 351 3432 edit.
369 3381 522 3434 Modianam
549 3383 618 3451 quod
645 3382 760 3452 singula·
794 3381 870 3433 Artis
887 3379 939 3433 iam
952 3379 1145 3445 abundcnotis,
1165 3385 1370 3434 concentorem

153 3462 214 3498 rem
231 3463 368 3501 numerum
385 3449 498 3518 praetuli
519 3448 616 3519 plurali
634 3461 760 3504 conturna·
793 3449 918 3503 oducunt.
954 3447 1079 3501 Ceterum
1097 3449 1132 3501 de
1140 3448 1324 3522 Euergetarum
1336 3455 1370 3493 ¹¹⁰·

155 3515 217 3569 tiis.-
234 3533 286 3568 una
303 3515 373 3569 enim
390 3525 431 3570 est
448 3534 480 3571 ea
496 3536 574 3588 quam
591 3518 736 3589 descripsit.
792 3515 864 3570 mine
889 3514 982 3571 similia
1008 3524 1037 3570 et
1059 3515 1195 3572 Diodorus
1221 3525 1249 3570 et
1271 3514 1369 3569 Arum¹¹⁸

193 3588 217 3650 5.
235 3589 276 3639 38.
327 3587 394 3639 ertia
403 3589 492 3655 sacta.
518 3585 602 3639 Nulla
618 3605 696 3641 causa
713 3606 760 3642 cur
792 3586 911 3652 tradunt,
929 3584 972 3639 hic
988 3583 1069 3638 etiam
1085 3584 1224 3656 regionem
1236 3577 1369 3638 dotatio

151 3654 271 3733 foenora
304 3662 363 3707 actu
377 3653 680 3736 ineditisappellentnr;
699 3673 758 3710 cum
791 3654 984 3734 Etymandrum
1010 3670 1115 3706 amnem
1146 3671 1198 3725 per
1229 3669 1286 3709 acm
1311 3647 1368 3701 fluat

152 3729 247 3845 tat
261 3723 570 3870 tttfattttttt
584 3734 761 3847 attat?
794 3722 1367 3871 “lllfblqblbu’atm-atmr

155 3861 184 3913 A
199 3858 356 3929 relinquitur
378 3859 476 3930 inquo
499 3860 621 3915 videatur
642 3863 759 3930 fortiora
792 3860 888 3914 Varrat
896 3858 1041 3914 orationem
1051 3869 1152 3928 auctor,
1171 3877 1232 3915 cum
1247 3847 1365 3915 nliudmbil

62 3973 65 3978 .
156 3927 294 3981 inventum
311 3944 375 3983 esse.
793 3927 906 3982 voluerit
923 3926 973 3981 nisi
986 3926 1119 3982 Caranum
1136 3929 1261 3983 advcnm
1276 3923 1365 3981 alm

192 3997 257 4067 Cap.
278 4003 319 4062 11,
338 4001 361 4063 5.
382 4004 404 4049 1.
442 3997 470 4049 in
488 3997 654 4066 Arimaspos.
674 3997 758 4051 Codd.
793 4013 885 4050 zanem
902 3995 1008 4051 missum
1025 4013 1159 4051 esserum
1172 3990 1365 4068 peditibruGfll·

158 4081 247 4118 omncs
264 4072 292 4118 et
309 4065 350 4118 ed.
368 4065 490 4135 princeps
508 4066 536 4118 in
554 4076 677 4121 armatos.
705 4066 759 4120 Sed
792 4065 837 4132 cis,
856 4065 947 4119 addita
963 4064 1044 4118 ctiam
1060 4065 1155 4119 idonea
1173 4065 1288 4138 equitum
1302 4070 1363 4138 my?

39 4175 49 4207 3
157 4131 292 4253 epppepipes
310 4133 363 4186 fert
380 4133 521 4253 Dioqlprus,
542 4133 758 4256 quiinahmfllssi'
812 4137 849 4214 5
868 4141 892 4188 4.
916 4135 1055 4255 gimediac.
1069 4129 1362 4260 {eligebam

156 4217 355 4349 Arriinusniri?
365 4216 759 4348 bivchp‘ibiboiddbzvgseldpillud
792 4211 1124 4350 illledliembliaudleiunt,
1142 4219 1361 4352 editiflmuldb'ssll'
1411 4303 1413 4337 ς

110 4370 115 4379 ’
149 4338 760 4478 sacratissimarum
792 4339 858 4464 tr
872 4339 1020 4466 aaa
1036 4340 1186 4465 arm
1207 4356 1241 4394 “³
1262 4328 1359 4393 Μ’
1410 4370 1413 4407 ²

633 4425 661 4474 s,
708 4425 742 4464 uo
826 4425 864 4465 cr.
921 4462 923 4466 A
1079 4448 1087 4467 .
