2926 5174
188 291 261 366 124
398 316 403 327 ·
550 364 557 379 ,
658 312 692 373 o.
721 311 844 364 cumn
870 312 955 362 aum

180 504 242 575 sed
266 504 391 578 iustitia
416 519 445 577 et
470 506 664 581 continentia
689 510 857 608 repressit.
909 508 1068 599 Matrem,
1095 512 1291 610 ooniuqerm
1328 512 1450 587 ὶῶιιοιι

177 611 258 703 eius,
284 613 353 687 nisi
376 616 466 713 quod
496 619 567 690 sine
600 616 656 690 illo
681 631 774 711 sard,
806 632 917 718 captos
951 645 1020 696 csse
1053 643 1120 694 non
1156 620 1347 696 cernimus:
1377 650 1428 721 pu-

179 720 311 796 dicitiae
336 749 461 817 earum,
488 751 573 827 quae
598 743 782 826 supersunt,
809 754 926 804 curam
950 730 1043 804 haud
1066 755 1164 806 secus
1191 757 1299 833 quam
1313 759 1428 832 parens

179 855 291 929 mens,
316 836 450 933 repinas
475 837 641 936 appellas,
675 841 816 938 spectem
835 841 1002 938 pnunm
1016 844 1183 944 fortunae
1214 842 1357 917 retirme
1374 871 1429 944 pa·

178 943 267 1015 teris.
329 942 465 1019 Vultum
497 959 591 1020 tuum
615 950 726 1043 rideo,
761 951 870 1051 quum
894 949 1008 1024 Darei
1028 952 1118 1053 fuit,
1159 978 1239 1028 eunt
1266 953 1450 1027 dimittere-4

177 1075 257 1123 mur
291 1053 332 1126 alr
363 1080 418 1130 eo:
450 1069 482 1130 et
514 1057 568 1130 ille
593 1071 702 1134 monn
727 1087 881 1158 armen,
916 1071 951 1133 tu
985 1061 1106 1136 maon
1139 1063 1244 1163 lorpes,
1299 1065 1429 1139 Iamo

177 1160 249 1234 acie
282 1175 403 1257 stares,
437 1167 506 1242 nisi
536 1191 618 1242 cura
649 1181 678 1244 te
715 1172 904 1271 sepulturae
938 1170 1010 1245 eius
1043 1186 1242 1248 moraretur.
1306 1175 1429 1275 Ecquid

180 1270 305 1345 morunt
330 1288 385 1368 est,
412 1278 444 1352 si
468 1291 537 1355 tam
562 1280 604 1353 ad
629 1282 736 1357 amico
762 1282 874 1357 animo
891 1306 1016 1385 paoem
1035 1284 1145 1383 petit?
1172 1284 1258 1385 qaid
1284 1310 1370 1384 opus
1392 1299 1429 1359 est

178 1382 303 1475 anna,
329 1384 413 1460 inter
439 1413 520 1489 quos
546 1390 625 1463 odra
650 1392 778 1465 addua
803 1390 911 1467 stad?
926 1392 1055 1471 'Antea
1079 1394 1224 1493 inmerio
1250 1406 1308 1469 tao
1329 1394 1448 1492 fiuent

177 1491 361 1566 destinabat
384 1495 512 1594 Halym
539 1523 681 1591 amnem,
706 1502 767 1600 qui
791 1496 952 1603 ludim
967 1505 1128 1579 termium.
1189 1503 1317 1595 Nune,
1351 1506 1425 1604 qun·

177 1601 262 1698 quid
286 1603 371 1676 inter
397 1605 645 1706 Hellespontum
667 1623 698 1683 et
717 1610 917 1708 Ihtphraten
942 1625 997 1704 est,
1023 1615 1060 1689 in
1085 1615 1194 1688 doum
1207 1613 1312 1712 fileae
1338 1618 1424 1716 offert

124 1795 127 1800 ,
177 1735 280 1809 quarn
306 1713 363 1786 tili
387 1717 508 1790 uodo:
538 1715 665 1792 Ochum
678 1721 807 1818 fllium,
834 1747 931 1823 quem
956 1722 1067 1819 hahes,
1095 1725 1200 1822 pacis
1226 1736 1259 1799 et
1271 1725 1363 1823 fidei
1383 1727 1444 1800 adt

174 1819 282 1895 sidem
307 1825 424 1918 retine,
450 1841 589 1902 matrem
615 1841 646 1902 et
670 1831 758 1905 duas
793 1832 939 1932 virpines
964 1833 1062 1933 filias
1086 1834 1208 1908 redde:
1236 1861 1310 1935 pro
1334 1838 1422 1910 auhn

176 1933 367 2030 monaulon
402 1937 536 2039 tropina
570 1939 665 2014 milia
690 1942 848 2016 mutuum
873 1943 953 2016 auri
969 1957 1130 2042 precatur
1155 1948 1318 2047 demptas.
1352 1947 1442 2024 Nisit

175 2044 431 2121 moderatiorem
456 2050 565 2124 animi
589 2049 639 2125 tui
662 2064 776 2126 notam
807 2051 971 2146 haberem
1004 2079 1071 2130 non
1101 2056 1247 2131 dicerem
1283 2057 1343 2134 hoc
1365 2084 1420 2133 esse

176 2165 322 2251 tempus,
348 2183 412 2255 quo
425 2183 554 2260 paoem
579 2186 646 2236 non
671 2163 754 2236 dare
780 2163 900 2255 solum,
934 2165 1116 2241 sedetiam
1149 2189 1316 2267 occupare
1347 2170 1420 2244 ddc-

176 2288 241 2337 res.
301 2267 461 2365 Respice,
497 2283 657 2370 quantum
684 2285 766 2371 post
798 2285 827 2345 te
856 2275 1046 2372 reliquens:
1081 2277 1226 2370 intuere,
1274 2295 1439 2379 quartana

216 2506 265 2557 sed
282 2505 382 2559 iustitio
393 2515 416 2560 et
429 2507 523 2559 contin.
537 2507 676 2575 concessit]
695 2503 785 2574 Vulgo
818 2503 864 2575 qui
887 2520 919 2557 ea
940 2520 1004 2559 voce
1025 2503 1154 2574 possimus
1183 2522 1286 2560 carcre.
1330 2506 1415 2573 Halyn

181 2573 340 2626 continentia
360 2584 423 2641 tua,
438 2576 784 2645 quodnoncontemnerem‚
818 2589 881 2627 oinn
896 2571 1055 2645 aspiratione
1076 2572 1104 2625 in
1127 2573 1203 2628 nullo
1221 2575 1315 2628 codiee
1331 2571 1416 2637 inveni,

181 2640 203 2694 si
221 2641 341 2695 meliores
360 2642 439 2696 libros
457 2644 567 2696 haberet
585 2651 713 2696 auctores.
732 2641 786 2694 Sed
818 2640 866 2695 aed
886 2646 995 2713 praeter
1016 2659 1097 2693 unum
1115 2641 1187 2696 Flor.
1207 2642 1235 2695 D
1255 2660 1347 2698 omnes
1363 2643 1416 2694 atim

182 2726 217 2763 ex
242 2710 294 2763 auis
318 2711 424 2780 optimis
446 2711 498 2764 iam
526 2711 623 2764 delevit
642 2710 784 2776 Snakenb.‚
819 2708 874 2763 aive
890 2710 961 2779 alym
982 2708 1060 2762 litera
1077 2728 1102 2762 ιιι
1120 2710 1259 2779 scribunt,
1285 2730 1340 2766 non
1360 2709 1417 2763 sicat

182 2785 211 2831 et
228 2777 236 2830 i
256 2788 352 2832 norant
370 2782 403 2833 de
420 2779 484 2833 meis
502 2780 668 2834 amboBern.
679 2778 784 2832 etFlor.
818 2776 900 2846 vulgo
916 2794 987 2830 nuno
1003 2778 1087 2830 edunt
1106 2779 1205 2847 Halyn.
1230 2779 1324 2850 Supra
1339 2787 1417 2832 tamen

180 2795 318 2913 ΑΒὲΕΗ,
337 2848 365 2900 in
383 2848 479 2902 ceteris
496 2848 594 2918 legitur
612 2847 640 2900 in
656 2846 785 2918 principio
820 2862 843 2898 c.
853 2852 884 2899 21
903 2845 1004 2899 Graeca
1022 2845 1175 2900 terminatio
1190 2848 1280 2902 nino
1300 2848 1367 2901 timis
1375 2853 1417 2898 est

179 2925 225 2968 tau
243 2917 353 2969 iustitia.
583 2933 588 2943 ·
853 2918 911 2979 §.d
930 2916 966 2966 tri
984 2955 990 2966 .
1008 2916 1082 2967 milia
1101 2917 1146 2967 tal.
1166 2919 1241 2984 aare]
1296 2931 1417 2970 esumma

214 2985 237 3051 §.
255 2989 279 3037 3.
315 2987 409 3039 liberos
428 2987 494 3053 edas]
521 2984 612 3055 Vulgo
630 2985 782 3053 liberosque,
817 2983 943 3052 pecuniae
960 2933 1112 3053 discrepant
1129 2991 1264 3038 auctores.
1302 2984 1415 3038 Arriaum

178 3053 225 3105 sed
248 3053 376 3108 omittunt
403 3053 612 3108 coniunctionem
636 3051 783 3104 Florentini
817 3065 850 3116 11,
869 3057 901 3103 25
921 3056 988 3116 (rem
1006 3051 1040 3103 ad
1053 3049 1196 3104 obsidionis
1208 3052 1312 3123 Tyriae
1324 3061 1417 3121 tempus

178 3121 213 3174 ad
230 3138 312 3173 unum
330 3141 428 3189 omnes,
448 3123 584 3190 eleganter
598 3120 662 3173 illud
677 3119 783 3190 quidem
816 3119 943 3185 referens)
961 3126 989 3171 et
1006 3119 1163 3172 Plutarchus
1181 3120 1264 3174 Alex.
1284 3141 1307 3176 c.
1325 3127 1356 3176 tt
1372 3119 1418 3188 μύ-

179 3195 208 3241 et
225 3189 259 3240 de
276 3207 361 3244 more:
384 3184 466 3244 miror
487 3198 577 3242 tamen
600 3189 680 3242 Bern.
702 3190 728 3240 A
755 3195 783 3240 et
816 3208 863 3258 ρια
893 3187 995 3240 talenta
1021 3187 1147 3251 tradunt,
1181 3190 1257 3258 apud
1281 3190 1418 3244 Diodorum

177 3255 253 3308 Leid.
276 3258 353 3311 Voss.
378 3266 390 3311 1
417 3276 471 3310 non
494 3255 689 3310 commemorari
712 3256 784 3309 inter
816 3270 896 3322 xvn,
916 3261 948 3307 54
970 3253 1097 3306 τάλαντα
1121 3253 1259 3328 ἀργυρίου
1295 3254 1417 3331 τριςχίλιιι

179 3325 356 3393 eosaquibus
365 3324 517 3379 coniunctio
526 3323 602 3376 absit.
629 3329 692 3377 Mox
701 3324 782 3376 Bern.
817 3325 888 3393 apud
906 3322 1041 3376 Valerium
1058 3322 1207 3376 Maximum
1225 3326 1415 3392 V1‚4Ext3

179 3391 783 3460 etFlor.0mnesetSnakenburgiiLeid.Voss.
815 3391 900 3444 demes
919 3399 1025 3445 centum
1042 3390 1113 3443 milia
1137 3391 1274 3446 talentum
1291 3392 1417 3448 nominan-

179 3465 195 3513 2
216 3463 281 3524 (non
303 3460 383 3513 etiam
400 3461 477 3514 Voss.
505 3465 532 3525 1)
550 3476 610 3512 cum
627 3459 690 3512 edit.
708 3459 783 3512 Mod.
816 3467 874 3525 tur,
902 3460 947 3512 sed
971 3461 1042 3529 apud
1064 3467 1208 3530 utrumque
1228 3472 1371 3534 corrupte,
1391 3465 1417 3511 ut

179 3543 232 3579 nort
250 3530 387 3595 sensimus,
406 3546 460 3581 non
478 3526 577 3596 inepte,
588 3527 688 3597 opinor,
703 3527 782 3581 immo
816 3527 949 3581 Diodorus
982 3528 1143 3598 careredici,
1174 3529 1303 3583 Valerius
1338 3532 1416 3583 decem

178 3593 277 3648 rectius
296 3613 374 3665 quam
384 3596 455 3666 quod
474 3594 654 3649 circumfertur
663 3614 714 3649 non
724 3614 782 3648 sen·
817 3596 888 3649 milia
911 3596 1024 3649 voluisse
1046 3549 1194 3651 videantur.
1242 3597 1362 3652 Iustinus
1380 3610 1414 3660 n,

178 3665 228 3718 ait:
247 3681 308 3716 uam
325 3664 430 3734 cognati
448 3663 517 3733 regis
532 3664 685 3735 loquuntur.
705 3663 783 3718 Cete-
819 3671 850 3716 12
869 3663 904 3717 tri
926 3663 981 3716 'nta
998 3663 1069 3717 milia
1086 3664 1219 3718 talentum
1244 3668 1338 3720 oblata
1354 3663 1415 3718 dicit.

179 3749 239 3786 rum
257 3734 311 3785 nisi
328 3737 398 3801 qaod
414 3735 470 3786 sine
488 3734 533 3786 illo
551 3743 611 3785 sunt
629 3732 693 3785 nihil
712 3733 783 3786 aliud
816 3732 884 3784 Eam
902 3682 1086 3786 dissensionem
1104 3732 1156 3784 iam
1174 3732 1375 3805 simpliciorem,
1390 3739 1415 3783 ut

179 3808 221 3853 est
239 3809 425 3871 praeterquam
443 3801 514 3870 quod
532 3802 645 3871 separati
663 3808 725 3854 aunt
742 3801 783 3853 in·
817 3808 865 3853 aut
881 3815 903 3852 x
921 3809 968 3854 aut
984 3816 1047 3852 xxx
1064 3800 1135 3853 milia
1152 3801 1271 3871 suerint,
1301 3816 1414 3858 eonon

178 3868 272 3935 ricem,
291 3878 449 3940 poteratque
467 3870 559 3922 eodem
576 3869 633 3922 iure
650 3869 714 3922 dici:
732 3869 782 3922 nisi
817 3868 943 3934 diiudico‚
971 3870 1016 3921 sed
1034 3869 1084 3922 hoc
1110 3876 1226 3937 annoto,
1257 3890 1294 3942 qu
1355 3866 1414 3940 apud

178 3935 250 4010 quod
267 3939 323 4009 ipse
341 3955 385 3992 eos
402 3957 456 3992 nou
474 3937 555 3991 habet
572 3954 669 3991 secum.
817 3936 940 3990 Curtium
956 3945 997 3989 est
1015 3939 1085 4004 auri,
1095 3937 1163 3989 idem
1181 3953 1241 3991 ease
1258 3939 1344 3993 videri
1354 3934 1414 4008 quod

214 4010 239 4071 5.
258 4013 282 4060 5.
318 4009 424 4076 imperio
454 4016 497 4059 tao
519 4008 604 4074 finem
635 4007 782 4060 destinabat
816 4023 863 4059 nos
891 4004 994 4074 vulgari
1018 4021 1136 4058 sermone
1160 4005 1276 4061 dicimus
1302 4011 1331 4062 in
1349 4021 1412 4068 auro,

179 4075 288 4142 Halym]
307 4076 404 4130 Nescio
423 4092 476 4145 quo
495 4074 604 4128 consilio
621 4075 720 4128 factum
738 4074 782 4141 sit,
815 4074 832 4126 i.
851 4090 874 4125 e.
892 4082 923 4126 ut
940 4073 1068 4143 pecuniae
1091 4091 1190 4126 summa
1207 4075 1315 4145 pridem
1332 4093 1364 4129 ex
1379 4090 1413 4124 ar·

180 4149 213 4194 ut
230 4142 343 4196 editores
360 4142 520 4198 recentiores
552 4144 604 4196 uod
617 4142 782 4195 invetustio-
816 4141 889 4211 genti
917 4142 1035 4211 pondere
1060 4142 1187 4208 collecta,
1214 4143 1413 4197 certa-rationo

179 4208 252 4263 ribus
279 4211 471 4281 exemplaribus
503 4160 610 4276 (hleml.
637 4211 698 4264 Ald.
722 4210 782 4263 Iun.
818 4217 910 4279 (quam
939 4216 970 4262 10
997 4211 1031 4261 ad
1055 4219 1065 4261 l
1092 4210 1169 4262 fuisse
1186 4213 1271 4280 puto)
1300 4230 1364 4265 auro
1378 4223 1412 4262 re·

179 4277 266 4343 Mod.)
284 4278 422 4349 legebatur
433 4281 518 4348 finem
536 4278 667 4332 eiecerint.
703 4277 781 4347 Legi·
816 4285 1008 4347 praesentetur.
1044 4277 1088 4331 Sic
1110 4277 1190 4330 etiam
1213 4296 1231 4330 a
1250 4281 1288 4332 ud
1308 4279 1411 4334 Graecos

178 4354 225 4398 tur
242 4354 313 4398 uerte
327 4347 459 4401 innostris
469 4347 543 4399 codd.
554 4346 673 4399 omnibus
688 4345 782 4412 (Snak.
815 4365 840 4398 v.
860 4362 883 4400 c.
901 4346 972 4416 apud
989 4345 1151 4399 Dinarchum
1168 4345 1195 4398 in
1242 4349 1356 4401 emosth.
1372 4347 1412 4413 §d

177 4430 268 4466 rursus
285 4414 345 4468 silet
362 4416 439 4469 Voss.
459 4418 497 4482 1),
515 4431 563 4491 pec
580 4414 644 4467 satis
661 4413 782 4485 intelligo
816 4423 844 4468 et
863 4421 911 4482 97,
929 4412 1056 4467 τάλαντα
1072 4419 1184 4486 χρυσίου
1202 4413 1392 4487 intelliguntur.
