2984 5176
436 321 485 369 nn
513 319 641 370 aasms
667 319 777 369 Atax.
804 320 855 388 nr,
897 318 921 370 1.
1261 304 1309 373 63

10 534 14 569 ι
64 501 273 601 Euphraten
308 503 510 592 contendit,
542 502 581 574 id
607 501 751 576 demum
781 503 932 577 credens
957 504 1034 576 fore
1060 504 1188 601 ipsius,
1215 504 1313 601 quod

10 616 15 709 f
64 616 245 688 celeritate
272 615 477 713 praecipere
504 614 691 711 potuisset

11 718 47 809 {4
169 728 221 799 At
238 723 449 798 Alexander
467 718 751 817 Parmenionem,
769 750 834 824 per
853 750 960 822 quem
978 723 1075 825 apud
1094 725 1312 816 Damascum

10 850 13 943 j
62 849 210 937 recepta
237 846 316 910 erat
341 833 486 933 praeda,
505 835 644 908 iussum
668 861 746 910 eam
772 838 886 935 ipsam
906 848 943 910 et
961 838 1124 935 captivos
1150 837 1312 936 diligenti

10 954 13 962 ’
63 973 252 1024 asservare
279 945 460 1034 custodia,
493 943 635 1044 Syriae,
670 971 777 1043 quam
803 945 937 1020 Coelen
959 958 1104 1038 vocant,
1130 951 1311 1047 praefecit.

10 1061 212 1135 'sNovum
236 1056 429 1153 imperium
455 1053 555 1153 Syri,
582 1055 743 1129 nondum
767 1058 852 1131 belli
877 1056 1036 1130 cladibus
1063 1060 1149 1134 satis
1175 1059 1311 1152 domiti,

64 1166 375 1268 aspernabantur:
417 1165 479 1238 sed
520 1164 684 1240 celeriter
721 1169 860 1241 subacti
897 1165 1105 1241 obedienter
1138 1171 1312 1267 imperata

30 1283 243 1354 eiecerunt.
295 1273 439 1349 Aradus
473 1301 615 1375 quoque
648 1279 767 1352 insula
793 1276 937 1351 deditur
962 1279 1047 1375 regi.
1099 1278 1313 1354 Maritimam

67 1401 150 1462 tum
175 1413 275 1460 oram
289 1396 339 1466 ,ct
363 1387 529 1484 pleraque
555 1389 696 1485 longius
723 1389 832 1461 etiam
853 1414 876 1461 a
901 1391 992 1462 mari
1017 1388 1223 1463 recedentia
1246 1417 1312 1465 rex

67 1501 144 1573 eius
169 1500 305 1572 insulae
318 1494 441 1571 Strato
465 1496 689 1595 possidebat:
716 1525 788 1597 quo
813 1499 850 1572 in
876 1497 986 1573 fidem
1013 1510 1174 1599 accepto,
1194 1514 1313 1576 castra

63 1611 181 1683 movit
205 1607 252 1680 ad
276 1608 405 1681 urbem
430 1606 629 1682 Marathon.

24 1748 40 1795 7
166 1719 221 1792 Ibi
245 1719 296 1791 illi
321 1719 463 1791 litterae
489 1744 511 1791 a
536 1717 656 1794 Dareo
682 1720 899 1810 redduntur,
933 1723 1062 1819 quibus
1088 1734 1130 1794 ut
1156 1725 1311 1821 superbe
1340 1725 1362 1794 2

59 1832 204 1929 scriptis
241 1831 476 1903 vehementer
516 1832 674 1903 offensus
715 1841 780 1903 est.
839 1831 1036 1928 Praecipue
1076 1856 1159 1903 eum
1189 1835 1313 1924 movit,

60 1940 161 2038 quod
186 1938 328 2013 Dareus
354 1940 422 2013 sibi
447 1941 542 2037 regis
568 1941 723 2029 titulum,
752 1965 821 2012 nec
847 1939 1003 2013 eundem
1027 1941 1227 2013 Alexandri
1252 1968 1314 2014 no·

19 2052 151 2124 amini
183 2050 433 2148 adscripscrat.
485 2045 701 2124 Postrdabat
735 2061 857 2124 autem
883 2052 996 2148 magis
1023 2076 1131 2148 quarn
1156 2053 1314 2150 petebat,

58 2172 105 2236 ut
130 2174 279 2261 accepta
304 2163 464 2260 pecunia,
486 2173 799 2259 quantamcunque
825 2172 904 2234 tota
921 2160 1131 2236 Macedonia
1158 2174 1312 2262 caperet,

57 2283 216 2347 matrem
248 2273 380 2346 sibi-et
415 2274 603 2370 coniugem
636 2272 839 2372 liberosque
865 2274 1086 2347 restitueret:
1127 2273 1172 2349 de
1198 2301 1312 2373 regno

19 2409 195 2482 eaeque,
235 2384 265 2455 si
299 2384 425 2474 vellet,
460 2382 577 2456 Marte
612 2382 853 2459 contenderet.
917 2382 955 2459 Si
987 2386 1130 2458 saniora
1157 2370 1312 2459 ¹consilia

59 2494 211 2569 tandem
257 2495 334 2591 pati
372 2496 568 2592 potuisset,
614 2504 805 2570 contentus
842 2497 980 2595 patrio,
1020 2494 1165 2570 cederet
1204 2495 1310 2569 alieni

58 2605 201 2703 imperii
225 2605 376 2678 finibus:
404 2607 520 2679 socius
547 2605 750 2702 amicusque
777 2617 881 2684 esset.
934 2605 978 2679 In
1004 2631 1048 2679 ea
1073 2631 1112 2678 se
1138 2606 1247 2679 fidem
1273 2616 1312 2680 et

60 2715 151 2788 dare
176 2726 344 2814 paratum
370 2724 407 2790 et
433 2718 602 2816 accipere.

10 2844 37 2892 ,0
169 2825 304 2901 Contra
328 2827 538 2907 Alexander
569 2829 607 2900 in
632 2828 728 2899 hunc
753 2829 909 2902 maxime
935 2825 1085 2901 modurn
1111 2825 1309 2923 rescripsit:

58 2939 141 3013 Rea
166 2937 361 3012 Alexander
385 2937 514 3014 Dareo.
553 2935 661 3013 Caius
685 2962 803 3012 maren
827 2938 1009 3037 rumpenti,
1034 2938 1175 3012 Daren:
1205 2935 1310 3010 Gree-

63 3172 241 3228 cumomittit.
258 3173 340 3226 Haud
357 3173 436 3227 dubie
453 3181 542 3227 tamen
561 3173 668 3243 quibas·
738 3173 762 3238 §-
779 3177 816 3224 4:
847 3171 1048 3226 Parmenionem
1073 3171 1218 3241 praefecit]
1263 3171 1308 3223 Ad

14 3264 17 3269 ·
61 3261 124 3297 cnm
140 3241 248 3312 propius
264 3241 367 3296 accedit
384 3240 668 3310 adveteremscriptu·
703 3245 807 3309 tempus
833 3238 968 3308 nimirum,
995 3259 1056 3294 nam
1078 3239 1223 3294 Menonem
1242 3238 1307 3293 Cer·

58 3329 138 3391 ram,
163 3311 333 3391 quamobrem
355 3310 462 3391 interim
484 3309 668 3392 praetulimus.
703 3307 810 3380 dimnae*
828 3307 910 3389 tilium
931 3309 1062 3390 Arrianus¹
1082 3307 1249 3378 Coelesyriae
1266 3326 1308 3362 sa-

58 3381 250 3518 }Mhsslsst't
258 3380 545 3501 MMMMMM
561 3380 668 3499 ’ἑῖῗὲἕί
703 3379 1077 3500 ttttht‘tthdttt
1090 3379 1307 3501 htattht

57 3524 118 3590 pta.
141 3517 210 3570 Eam
226 3515 397 3570 offensionem
413 3533 467 3569 non
484 3516 567 3568 habet
584 3513 668 3568 Fossii
704 3512 812 3567 Curtius
829 3530 851 3566 c.
869 3520 912 3581 22,
939 3523 967 3568 et
993 3533 1052 3570 cum
1072 3517 1273 3569 Andromachae
1290 3534 1307 3569 a

58 3585 214 3640 coniectura
238 3583 268 3638 in
293 3601 425 3655 program.
450 3601 483 3637 su
502 3601 534 3636 ra
558 3584 668 3645 laudato
704 3581 841 3634 Samaritis
867 3591 997 3636 crematus
1022 3592 1105 3651 esset,
1136 3583 1307 3637 Memnonem

58 3657 118 3707 iam
143 3655 233 3723 reqins
259 3655 387 3707 exercitae
414 3602 501 3723 (quod
517 3652 551 3705 ad
571 3652 666 3704 Graec.
703 3649 855 3703 institutum
863 3668 886 3703 c.
896 3658 937 3705 34.
955 3651 1005 3704 Est
1022 3651 1105 3722 igitur
1121 3651 1164 3705 hic
1177 3653 1306 3706 Memnon

59 3736 97 3773 rv
108 3723 182 3774 milia
199 3721 353 3788 referatur).
372 3723 447 3791 Tum,
465 3721 543 3774 modo
552 3719 668 3790 spatimn
704 3717 791 3772 Curtii
807 3717 877 3771 idem
897 3719 942 3788 qui
950 3720 1051 3774 Menon
1068 3720 1141 3790 apud
1154 3720 1304 3773 Arrianum.

59 3789 92 3841 in
122 3789 254 3844 codicibus
287 3789 419 3844 nonnullis
452 3789 575 3844 relictum
610 3789 668 3842 loco
738 3785 805 3856 Cap.
824 3793 849 3852 2,
868 3790 891 3854 ξ.
910 3793 933 3841 8.
952 3798 976 3840 et
993 3788 1139 3858 eoniaqem]
1157 3787 1247 3856 Vulgo
1263 3806 1304 3853 ae,

59 3865 232 3928 competeret.
259 3859 423 3928 Euphraten,
446 3859 518 3938 quod
536 3856 665 3928 sequitur,
702 3856 749 3910 sad
767 3865 791 3908 et
808 3872 898 3936 omnes
916 3856 991 3909 codd.
1005 3855 1097 3909 nostri.
1127 3923 1132 3935 ι
1163 3922 1168 3934 ¹

56 3927 142 4008 Bern.
160 3927 186 3980 A
213 3927 286 3980 Flor.
303 3927 374 3995 ΑΒ;
408 3925 504 3996 rchqui
531 3933 559 3978 et
584 3926 666 3995 vulgo
736 3927 759 3992 ξ.
771 3930 811 3977 10.
822 3940 904 4045 gneus
922 3941 1013 4004 nornen
1030 3931 1167 3992 sumpsere:
1184 3921 1305 4003 Dareus]

57 3997 340 4184 wiliederqpidrressendie
356 4063 491 4117 Snakcnb.
510 4063 611 4144 codices
637 4069 666 4116 et
701 3992 1305 4180 21εὲ1822231ῖὶξὲῑῇἷᾌῖ8ᾱῖοᾶῗιῖηιεῖξῖξὲξέ3
1354 4058 1357 4065 '

54 4132 666 4271 teneraetenerae
700 4131 801 4278 §.aa
823 4130 939 4251 22
953 4135 1117 4276 :tara
1142 4135 1305 4247 arra

54 4268 172 4338 Legitur
188 4271 258 4322 mam
270 4271 426 4350 praecepere
442 4285 483 4337 1v,
503 4276 545 4336 60,
563 4284 606 4335 IX,
616 4275 665 4335 233
700 4266 808 4337 optimis
823 4265 896 4318 Flor.
914 4263 993 4318 ABG
1009 4264 1084 4317 Lerd.
1102 4263 1179 4318 Voss.
1199 4267 1224 4327 1,
1241 4278 1304 4313 nam

55 4351 101 4404 rx,
110 4344 152 4391 40.
172 4337 228 4392 Cur
244 4337 327 4418 igitur
339 4339 505 4409 praerepere,
524 4337 598 4408 quod
610 4336 667 4389 fero
720 4335 773 4388 uod
790 4350 824 4387 cx
841 4333 882 4386 his
899 4332 1007 4387 Flor.A
1023 4339 1052 4385 et
1069 4331 1144 4384 Laid.
1159 4328 1235 4379 Voss.
1253 4345 1304 4397 pro

56 4422 121 4460 cum
135 4406 162 4459 vi
180 4413 209 4460 et
225 4406 321 4460 iniuria
337 4405 449 4460 aliomm
465 4406 514 4459 fit?
700 4354 788 4457 bario
816 4401 871 4456 sive
891 4402 982 4454 Dareo
1007 4400 1100 4472 legunt
1117 4399 1225 4451 Dareus
1250 4414 1304 4449 non
