2926 5174
57 257 105 328 58
530 275 564 337 a.
593 273 826 325 catarnaum

55 486 127 559 que
150 461 224 532 ulla
249 457 377 532 domus
403 459 591 557 purpurati
617 482 747 555 expers
773 454 842 531 fuit
866 454 990 530 tantae
1017 455 1142 531 cladis.
1196 457 1293 534 Lace·
1308 491 1329 538 n

56 571 235 644 daemonii
269 580 307 645 et
331 569 571 643 Athenienses
603 569 783 641 societatis
815 567 887 641 fide
921 569 1059 642 violata
1092 568 1223 643 Persas
1249 595 1293 644 se·

56 683 152 754 cuti:
191 682 415 778 Aristogiton
451 689 489 752 et
513 679 693 778 Dropides
726 688 763 753 et
788 678 995 776 Iphicrates,
1029 680 1127 754 inter
1154 679 1293 754 Atheni·

56 817 159 865 enses
186 814 317 889 genere
342 787 508 887 famaque
538 791 644 888 longe
679 786 883 881 clarissimi,
904 788 1182 864 Lacedaemonii
1212 791 1293 867 Pau·

57 904 180 1000 sippus
207 913 245 976 et
277 900 581 992 Onomastorides,
621 926 703 974 cum
729 899 887 975 Monimo
923 916 961 973 et
987 898 1226 994 Callicratide,
1263 897 1294 977 hi

57 1010 198 1109 quoque
235 1013 331 1087 dorni
363 1013 511 1095 nobiles.
565 1008 714 1086 Summa
744 1013 916 1110 pecuniae
951 1012 1116 1108 signatae
1151 1015 1220 1087 fuit
1249 1025 1294 1089 ta·
1307 1033 1328 1082 rr

56 1124 194 1196 lentum
220 1124 292 1199 duo
318 1124 414 1196 milia
446 1134 483 1196 et
517 1133 698 1214 sexcenta,
736 1123 822 1196 facti
850 1123 993 1219 argenti
1024 1122 1171 1221 pondus
1204 1126 1292 1223 quin·

56 1246 167 1331 genta
193 1236 381 1333 aequabat.
433 1233 626 1308 Praeterea
657 1235 807 1333 triginta
840 1234 937 1306 milia
971 1235 1177 1327 hominum,
1212 1237 1294 1309 'cum

56 1358 196 1445 septem
221 1348 363 1420 milibus
390 1347 640 1435 iumentorum,
668 1344 776 1418 dorso
803 1369 913 1417 onera
934 1348 1171 1442 portantium,
1198 1358 1295 1446 capta

92 1557 115 1621 ξ.
133 1560 173 1606 14.
197 1571 228 1606 ea
247 1571 289 1607 ers
298 1556 464 1634 strittarrtae
482 1556 579 1624 cladis]
616 1552 661 1607 Sic
685 1554 745 1621 fide
762 1570 829 1606 narr
850 1554 947 1608 violata
965 1553 994 1606 in
1015 1554 1139 1609 omnibus
1157 1573 1218 1610 mss.
1235 1556 1293 1610 Saa-

57 1620 130 1674 Flor.
148 1571 246 1673 Dari
253 1630 282 1674 et
300 1640 327 1673 1n
344 1639 427 1691 marg.
445 1624 478 1675 ab
496 1624 588 1675 eadem
605 1639 660 1676 ma·
695 1620 836 1692 henburgii
855 1622 1005 1692 nostrisque
1022 1631 1134 1692 praeter
1151 1623 1246 1678 FlorE
1262 1625 1292 1677 le·

57 1707 95 1742 nu
118 1696 265 1742 correctum
286 1690 318 1742 B.
353 1689 386 1742 In
414 1689 506 1743 ceteris
533 1690 605 1744 Flor.
633 1698 661 1743 et
695 1688 732 1759 gi,
758 1690 829 1758 quod
854 1689 917 1759 quin
944 1697 1037 1743 contra
1060 1693 1224 1746 sententiam
1239 1693 1292 1746 scri-

57 1766 89 1809 ut
139 1774 172 1810 ue
198 1759 278 1811 Bern.
305 1766 333 1811 et
355 1757 429 1810 Leid
451 1758 526 1813 Voss.
556 1766 567 1811 1
593 1765 622 1811 et
644 1765 659 1812 2
695 1757 778 1828 ptoris
805 1757 840 1811 sit
865 1757 962 1813 nemini
984 1766 1077 1828 potest
1099 1760 1212 1814 dubium
1235 1777 1291 1829 esse,

58 1775 215 1879 rosellarum
234 1844 327 1896 expers
337 1825 510 1894 desideratur,
528 1827 609 1896 vulgo
620 1834 660 1879 et-
695 1843 756 1878 nam
773 1825 948 1879 Athenienses
966 1826 1074 1896 quidem
1096 1828 1206 1898 publice
1222 1829 1290 1883 socie·

58 1894 110 1946 iarn
136 1896 170 1947 ab
196 1894 342 1948 editoribus
368 1894 396 1948 in
421 1894 474 1948 fine
495 1895 596 1966 periodi
613 1913 661 1966 po-
695 1902 780 1947 tatem
802 1912 862 1947 cum
877 1894 1032 1948 Alexandro
1060 1898 1185 1951 fecerant
1206 1906 1233 1952 et
1246 1897 1289 1950 Ia-

57 1962 138 2016 nitur.
694 1962 865 2030 cedaemonii,
889 1963 1007 2033 quamvis
1030 1964 1130 2017 auxilia
1152 1965 1193 2019 illi
1210 1967 1292 2019 adver-

93 2035 116 2099 §.
136 2038 176 2084 15.
211 2033 376 2101 Aristogriton
394 2042 417 2085 et
434 2033 567 2098 Dropides
594 2035 657 2103 eet]
694 2049 737 2084 sus
754 2032 848 2085 Persas
866 2049 919 2084 non
937 2031 1078 2100 misissent,
1214 2044 1294 2088 tamen

57 2098 173 2153 Nomina
191 2101 298 2170 quidem
314 2102 471 2172 legatorum,
489 2108 520 2153 ut
537 2118 608 2154 nunc
621 2101 658 2153 le·
694 2101 780 2154 adhuc
802 2116 882 2179 agere
908 2100 1066 2154 maluerant.
1123 2104 1159 2156 ed
1181 2104 1295 2175 equidem

58 2176 166 2236 guntur,
194 2186 210 2220 a
232 2168 351 2221 Freinsh.
374 2185 408 2221 ex
430 2168 544 2223 Arriano
569 2185 601 2236 11,
626 2176 657 2222 15
695 2185 772 2240 saepe
788 2168 961 2221 animadverti
975 2177 1121 2291 promptos
1147 2189 1207 2226 esse
1223 2172 1296 2226 libra·

57 2243 86 2287 et
103 2251 146 2303 111,
164 2243 198 2289 24
215 2239 298 2307 probe
315 2245 433 2290 correcta
450 2246 522 2303 sunt,
540 2238 659 2309 quamvis
693 2237 746 2290 rios
762 2245 875 2303 veteres,
898 2244 938 2303 ut,
957 2255 975 2288 u
993 2237 1002 2289 i
1020 2239 1106 2292 honos
1124 2241 1170 2311 agi
1195 2241 1296 2295 virtutis

57 2322 111 2356 non
127 2323 223 2358 marma
239 2305 267 2358 in
284 2306 333 2359 hac
349 2323 379 2358 re
396 2305 476 2377 ipsius
495 2306 590 2373 Curtii,
616 2305 660 2359 vel
695 2314 742 2358 aut
759 2305 883 2358 historiae
900 2305 1015 2373 videtur,
1042 2307 1136 2360 addita
1158 2309 1296 2380 negatione

56 2372 145 2442 potius
171 2351 267 2428 diraeci
301 2373 370 2427 illius
406 2392 483 2444 quem
498 2421 501 2427 .
518 2374 657 2445 expressit,
713 2373 830 2426 ueriliter
855 2390 911 2426 rem
942 2373 970 2426 in
996 2375 1160 2430 contrarium
1187 2386 1296 2432 verrant.

57 2440 195 2511 diligentia
212 2442 269 2496 lirit.
304 2442 437 2496 Nimirum
454 2443 560 2497 nomina
586 2443 661 2512 lega.
693 2392 1058 2509 1df.infraadrr,4o,1r.

56 2517 145 2563 torum
158 2509 282 2565 Damasci
300 2520 437 2582 captorum
453 2528 597 2592 eorumque
614 2511 658 2582 qui
728 2513 750 2578 ξ.
771 2517 811 2563 16.
844 2512 969 2562 talentum
988 2514 1039 2564 dao
1058 2514 1133 2566 rrrr'lr'a
1153 2525 1178 2566 et
1196 2533 1295 2568 serren-

56 2589 161 2633 mortuo
187 2580 276 2634 Dareo
303 2598 363 2633 cum
390 2578 497 2633 Graecis
531 2579 658 2633 militibus
693 2582 730 2658 ta]
750 2578 935 2648 Sicvulgatum
954 2581 1225 2636 talentorum—serra
1244 2586 1295 2635 iata

57 2647 210 2702 Alexandro
228 2665 256 2701 se
274 2648 433 2700 dediderunt
457 2649 613 2718 (dequibus
630 2646 658 2699 in
692 2647 743 2700 lint
760 2648 953 2699 emendandum
970 2663 1004 2699 ex
1022 2666 1038 2701 ο
1059 2649 1131 2702 timis
1142 2652 1219 2704 codd.
1251 2651 1294 2704 lor.

57 2715 207 2769 universum
234 2717 309 2770 Curt.
327 2731 369 2783 vr,
395 2720 438 2781 15)
466 2717 605 2770 coniuncta
630 2723 658 2768 et
692 2716 719 2767 A
736 2722 764 2767 et
780 2715 854 2767 Leid.
872 2716 949 2768 Voss.
970 2724 992 2767 1.
1055 2724 1214 2773 tserrcerrta
1241 2718 1293 2789 qui·

56 2784 164 2837 confusa
179 2785 310 2838 videntur.
340 2785 381 2839 Cf.
399 2783 560 2838 Sehmiederi
577 2800 658 2836 anno-
693 2784 754 2836 dem
770 2783 795 2835 le
815 2783 868 2835 'tur
885 2783 964 2837 etiam
981 2783 1010 2836 in
1027 2784 1100 2839 Flor.
1120 2786 1180 2854 CG,
1199 2805 1292 2842 sescen-

57 2851 193 2904 tutionem.
229 2853 262 2905 ln
280 2853 412 2907 codicibus
430 2860 458 2905 et
475 2852 539 2907 olim
555 2851 658 2906 collutis
693 2862 720 2904 to
744 2851 771 2903 in
814 2867 868 2903 ern.
886 2853 921 2915 A,
949 2862 1063 2906 trecenta
1090 2854 1119 2907 in
1136 2855 1210 2910 Flor.
1226 2855 1289 2921 BFl,

56 2927 85 2971 et
111 2921 207 2974 nostris
234 2930 358 2992 corrupta
381 2922 515 2990 leguntur,
541 2920 570 2974 in
586 2920 658 2974 Flor.
694 2921 832 2988 sexaginta
858 2919 886 2972 in
912 2921 1005 2987 DEH3
1041 2923 1179 2991 genitivus
1204 2923 1288 2976 deinde

58 2987 165 3056 quidem
186 2989 237 3042 AB
265 2990 317 3044 sic:
344 2992 413 3043 arist
447 2992 516 3043 itane
544 2991 579 3059 [B
602 2991 658 3042 ari·
694 2991 858 3054 talentorum,
885 2988 933 3041 nisi
957 2991 1029 3058 quod
1051 2990 1081 3043 in
1098 2991 1173 3046 Flor.
1190 2990 1235 3046 BG
1250 3000 1285 3042 to-

56 3058 224 3128 stopr‘taaes),
251 3060 384 3127 thropr'des
412 3007 446 3124 dd
470 3061 598 3128 tbopides)
630 3066 659 3111 et
694 3060 763 3110 lenta
787 3056 894 3125 legitur,
920 3065 1029 3127 praeter
1055 3059 1121 3113 Flor
1143 3064 1172 3112 A
1197 3067 1288 3114 ceteros

57 3125 210 3180 Lebicrates
239 3127 273 3193 (B
292 3128 441 3191 laudatas),
459 3129 606 3196 passr'ppus
623 3157 659 3166 -
693 3125 765 3178 Flor.
787 3133 816 3176 et
836 3125 916 3177 Bern.
938 3125 1019 3179 libros
1042 3145 1134 3182 omnes
1157 3129 1290 3182 insederat.

57 3210 115 3245 cam
136 3195 246 3259 Omar'o,·
272 3211 321 3247 nee
342 3209 405 3247 sane
426 3194 540 3246 multum
563 3193 658 3247 diversi
693 3195 794 3247 Verum
811 3194 844 3244 de
862 3209 894 3244 ea
910 3210 939 3246 re
956 3194 1055 3247 nemini
1077 3205 1169 3266 potest
1191 3195 1293 3250 dubium

56 3269 119 3313 sunt
136 3262 252 3315 BernA
276 3261 351 3314 Leid.
373 3261 449 3314 Voss.
469 3268 492 3313 1.
526 3261 659 3331 Equidem
694 3278 759 3329 esse,
788 3260 908 3332 quoniam
936 3263 969 3315 de
991 3281 1040 3316 usu
1058 3273 1087 3318 et
1105 3265 1218 3318 aliorum
1235 3264 1292 3318 scri·

56 3345 73 3380 a
95 3329 215 3383 Freinsh.
241 3346 294 3381 non
321 3327 434 3396 discessi,
462 3327 510 3380 nisi
537 3329 608 3399 quod
635 3339 658 3381 et
693 3339 800 3400 ptorum
817 3337 845 3382 et
864 3329 950 3382 Curtii
967 3340 1081 3400 constat,
1101 3352 1163 3387 nam
1180 3334 1292 3386 unusla-

56 3396 191 3464 Dropides
209 3396 300 3449 addita
317 3394 500 3449 coniunctione
521 3414 581 3450 cum
598 3397 658 3449 Mo·
693 3416 739 3452 cus
774 3416 808 3450 uo
826 3397 910 3450 altera
932 3399 1017 3452 forma
1040 3410 1180 3471 supererat
1197 3403 1226 3456 in
1242 3401 1292 3454 edi·

57 3461 110 3530 dio,
138 3471 166 3514 et
197 3482 247 3533 pro
272 3463 378 3516 Arriani
404 3463 540 3533 Paasr'ppo
570 3464 658 3536 potius
693 3467 728 3518 tis
745 3465 764 3518 li
782 3470 819 3519 ris
836 3473 907 3533 V,20
925 3469 1081 3522 emendatus
1099 3480 1141 3524 est
1159 3489 1175 3523 a
1192 3487 1292 3523 mema-

56 3530 204 3599 Pasr'ppum
222 3530 321 3610 scripsi,
340 3530 411 3601 quod
428 3548 524 3584 nomen
547 3541 575 3586 et
597 3551 658 3604 pro-
692 3535 886 3605 nuscriptorum
895 3553 1030 3590 consensu.
1048 3537 1142 3591 Etiam
1160 3542 1293 3593 denariam

75 3599 115 3651 ius
142 3599 174 3650 ad
199 3598 340 3652 Curtranos
366 3597 445 3651 libros
472 3601 574 3654 accedit
600 3603 658 3668 (ha-
692 3604 773 3656 habes
799 3618 828 3666 v,
849 3610 863 3656 t
890 3612 919 3656 et
945 3619 998 3671 vu,
1016 3612 1058 3659 23.
1111 3607 1193 3671 Quod
1211 3607 1294 3677 sequi·

56 3616 122 3719 hent
149 3666 228 3718 etiarn
245 3667 349 3735 DFGI)
376 3675 405 3720 et
430 3665 546 3722 Graecae
569 3671 658 3722 analo·
692 3680 738 3723 tur
749 3673 819 3737 facti
836 3675 940 3739 arpenti
957 3691 991 3724 ex
1009 3674 1158 3728 certissima
1175 3677 1293 3729 emenda-

56 3735 116 3802 giae
134 3735 330 3789 convenientius
353 3735 463 3805 ideoque
486 3737 565 3791 etiam
587 3738 659 3808 apud
692 3739 764 3792 tione
773 3739 858 3792 Medii
867 3749 917 3806 est,
935 3759 994 3794 cum
1011 3741 1039 3793 in
1056 3741 1131 3797 libris
1145 3743 1293 3799 mssomni-

56 3802 199 3858 Arrianum
234 3805 345 3857 fortasse
375 3803 567 3858 restituendum
609 3813 658 3859 est.
692 3808 741 3860 bus
759 3817 787 3861 et
804 3807 962 3862 editionibus
976 3810 1093 3879 antiquis
1112 3813 1149 3866 sit
1164 3817 1293 3878 facilest·-

55 3872 200 3926 Praeterea
220 3872 307 3926 initio·
322 3872 398 3925 huius
421 3873 524 3942 periodi
544 3875 658 3928 vocabu·
691 3878 771 3945 penti.
806 3876 849 3929 De
866 3885 977 3946 argento
994 3878 1037 3929 vel
1060 3896 1127 3934 auro
1146 3872 1219 3936 facto
1237 3888 1294 3935 nota

55 3942 110 3994 lum
128 3959 236 4010 qaoque,
256 3943 327 4012 quod
343 3941 423 4011 vulgo
446 3950 506 4012 post
522 3944 659 3997 Lacedae·
693 3960 737 3996 res
754 3952 815 4015 post
833 3942 997 3999 Gronovium
1015 3946 1048 3997 de
1063 3951 1182 4015 pecunia
1198 3960 1293 4013 vetere,

55 4012 137 4063 monii
154 4010 260 4089 legitur,
288 4010 371 4077 omisi,
399 4010 523 4080 quoniam
549 4030 601 4065 non
618 4011 659 4064 in·
694 4013 740 4065 sed
766 4012 912 4066 adscribam
933 4022 1022 4067 tamen
1044 4014 1144 4070 Isidori
1167 4037 1203 4073 ex
1226 4018 1294 4086 Orig-

56 4077 162 4129 venitur
179 4097 206 4131 rn
224 4079 279 4131 ullo
296 4078 364 4132 libro
381 4097 428 4130 ms.
447 4079 480 4132 de
496 4079 527 4133 iis
547 4098 660 4151 quorum
696 4088 737 4147 16,
757 4087 772 4135 7
790 4081 878 4135 locum
894 4100 910 4134 a
929 4082 1043 4136 Cellario
1057 4083 1215 4142 laudatum:
1236 4087 1294 4140 Tria

55 4144 133 4213 copia
150 4145 214 4198 mihi
231 4147 356 4217 suppetit.
394 4146 498 4200 Deinde
520 4158 588 4201 extr.
612 4163 659 4217 pe·
694 4159 754 4201 saut
776 4167 874 4218 perrara
898 4153 1000 4220 arpenti
1022 4162 1045 4204 et
1068 4157 1134 4206 auri
1161 4168 1185 4210 et
1218 4157 1295 4210 aeris:

56 4211 130 4267 riodo
157 4215 185 4265 li
220 4232 318 4295 qaoque
348 4233 503 4269 consensum
531 4217 659 4270 librorum
693 4219 826 4285 siprratnrrr
849 4223 919 4285 quod
940 4221 969 4272 in
995 4223 1110 4274 nammis
1129 4235 1181 4292 est,
1203 4229 1297 4286 facturr

55 4299 117 4334 mss.
137 4290 242 4335 secutus
259 4283 350 4354 scnpsi
370 4301 419 4404 pro
443 4300 476 4336 eo
504 4286 574 4353 quod
600 4283 658 4336 vul-
693 4289 762 4352 quod
778 4287 807 4338 r'rr
824 4288 896 4340 uasis
914 4298 937 4340 et
962 4289 1057 4356 siquis,
1082 4291 1213 4358 infectura
1237 4290 1298 4365 qaod

57 4357 136 4417 gatur
153 4350 174 4402 r'r'
192 4368 297 4419 quoque.
333 4352 368 4406 Se
410 4351 548 4405 mirabitur
565 4350 657 4422 aliquis
693 4355 827 4408 r'rirrrassr's
843 4364 888 4407 est.
