2926 5174
205 270 279 352 144
693 287 727 350 a.
746 286 870 338 cumn
894 288 980 338 mna

201 473 346 544 citatem
371 471 496 561 hostie,
523 496 655 543 ranam
680 471 792 542 aciem
818 495 907 562 esse,
934 471 1090 544 extentis
1117 470 1300 561 cornibuS,
1332 481 1429 544 ratus

204 581 387 672 Ceterum,
428 583 520 655 sicut
559 607 666 654 curru
705 580 901 670 eminebat,
942 581 1072 654 dextra
1104 581 1281 677 laevaque
1308 581 1356 654 ad
1379 584 1450 655 cir-e

203 694 418 765 cumstantia
452 693 594 790 agmina
633 692 754 765 oculos
781 716 978 786 manusque
1014 692 1283 782 circumferens,
1325 693 1430 767 Terro-

201 829 289 895 rem,
315 804 439 899 inquit,
466 831 550 904 qaam
579 801 731 878 Oceanus
756 803 832 874 irinc
857 801 960 894 allicit,
986 800 1076 874 illim
1101 801 1227 874 claudit
1251 802 1430 902 Irieiiosporr

88 968 92 975 -
202 925 271 1004 tus,
299 915 403 1011 paulo
430 928 505 987 ante
531 915 672 1005 dorrriai,
701 915 771 987 iam
796 939 863 986 oon
888 912 1080 1011 depictio,
1104 913 1166 986 sed
1190 913 1233 986 de
1259 915 1379 1007 saitae,
1402 929 1429 1007 a,

202 1024 292 1122 qaod
323 1026 425 1098 solati
448 1025 676 1123 praeponitis,
712 1024 855 1096 libertate
886 1022 1113 1122 papea-udam
1149 1036 1204 1096 est.
1269 1025 1341 1098 Hic
1373 1026 1448 1098 otu

201 1135 389 1232 imperium,
404 1161 467 1235 qao
479 1135 608 1207 nodam
620 1136 766 1233 applices
779 1132 864 1207 cidit
874 1147 975 1223 aetas,
988 1146 1049 1205 aut
1067 1135 1243 1226 caestitaet,
1263 1151 1325 1209 aut
1336 1137 1429 1236 finiet.

200 1245 310 1342 Apud
338 1244 524 1320 Granicum
555 1247 696 1318 mimma
727 1245 852 1318 viriam
876 1258 977 1342 parte
1008 1269 1084 1316 caru
1109 1245 1195 1318 toste
1228 1248 1429 1320 certaoirmc:

200 1356 237 1428 ia
265 1354 385 1432 Oilicia
410 1357 511 1430 arctos
538 1354 643 1454 Syria
663 1369 796 1455 poterat
820 1356 986 1452 erepere:
1012 1381 1136 1453 acapna
1161 1355 1371 1430 nranimento
1393 1382 1428 1429 re·

197 1467 261 1565 poi
290 1467 408 1565 Tipris
434 1480 531 1565 atque
555 1466 745 1564 Euphrates
770 1478 873 1539 eram.
937 1463 1079 1539 Ventum
1105 1478 1230 1556 osteo,
1257 1469 1349 1560 uode
1366 1468 1427 1567 poi·
1438 1485 1455 1532 11

200 1577 249 1648 sis
274 1602 316 1649 oe
338 1580 448 1678 fitque
480 1577 614 1675 quidem
648 1576 736 1649 locas
768 1589 824 1648 est.
882 1572 1006 1648 Omm'a
1032 1588 1101 1648 tam
1126 1575 1257 1650 cliatiao
1284 1579 1364 1653 helio
1389 1604 1427 1652 ec-

198 1685 318 1758 ita-asta
336 1700 418 1783 post
441 1688 568 1784 terpam
592 1699 686 1758 sam.-
717 1712 785 1760 aoo
815 1686 940 1760 imolas
965 1712 1044 1760 suos
1069 1687 1182 1777 arbes,
1210 1713 1281 1761 oon
1307 1690 1425 1764 caltores

198 1796 316 1869 bethem
340 1810 455 1869 terrae.
497 1794 662 1895 Cooirpes
688 1822 815 1895 quoque
841 1810 871 1869 et
896 1797 991 1869 liberi
1007 1810 1188 1896 sequantur
1215 1798 1306 1872 banc
1331 1801 1425 1889 octa

191 1921 321 2005 parata
347 1907 489 1980 bostrims
513 1908 654 2005 praeda,
680 1907 750 1980 nisi
767 1931 836 2005 pro
862 1907 1047 1980 carissimis
1075 1908 1276 2007 pipooribas
1304 1935 1424 2009 corporo

177 2019 408 2118 opponimus.
482 2015 581 2100 Quod
619 2042 771 2089 arearum
799 2018 874 2118 fait
905 2018 1076 2115 partiam,
1116 2019 1308 2111 coercitam,
1347 2032 1451 2120 quoad

191 2153 303 2226 paene
329 2129 493 2201 irrtmema
511 2127 672 2226 pbadres
697 2129 755 2202 uic
786 2143 923 2226 caperet,
956 2129 1167 2226 comparari:
1200 2155 1313 2228 equos,
1345 2154 1423 2203 ama

197 2237 368 2310 distribui:
401 2252 613 2331 carismatis,
649 2263 691 2311 ae
728 2251 836 2311 tantae
870 2239 1075 2313 rrradr'tudiai
1098 2241 1261 2331 deessent,
1282 2239 1423 2338 providi:

197 2347 317 2438 locam,
353 2348 390 2420 in
424 2375 488 2448 qao
519 2350 607 2422 acies
621 2410 625 2417 .
638 2349 803 2448 explicari
827 2363 946 2448 posset,
979 2350 1069 2448 eiepi.
1124 2346 1244 2424 Cetera
1271 2351 1309 2423 in
1335 2363 1422 2424 cestro
1432 2361 1449 2409 1³

192 2471 349 2555 potestate
374 2460 732 2533 armentrorum
764 2460 903 2552 vincere,
927 2463 1136 2560 formantque,
1170 2460 1206 2533 ior
1233 2463 1422 2537 ratissimam

199 2571 362 2645 acioersus
378 2573 487 2670 sortes
512 2571 603 2644 uiros
629 2570 736 2661 telone,
764 2571 962 2643 canterma-ite.

149 2682 198 2752 54
306 2679 490 2754 Temeritas
522 2693 577 2770 est,
609 2706 711 2778 quam
748 2680 857 2753 adhuc
887 2707 953 2778 pro
986 2681 1104 2754 virtute
1139 2679 1321 2755 tirmeistis:
1354 2702 1420 2782 quoe

195 2790 254 2864 aot
270 2792 427 2890 primam
458 2789 616 2888 inipetam
650 2790 777 2891 ffcdd,
811 2791 899 2864 cetra
930 2792 1096 2890 precedam
1129 2790 1300 2865 aninmlia
1325 2793 1422 2866 oraim

230 3075 296 3146 Cap.
323 3084 371 3142 53,
394 3078 417 3142 ξ.
440 3080 464 3127 8.
499 3093 594 3128 vanam
620 3077 702 3128 aciem
728 3078 799 3196 esse}
832 3076 896 3128 Non
914 3075 989 3145 potui
1006 3093 1060 3128 non
1076 3074 1127 3127 illis
1145 3036 1219 3128 libris
1274 3091 1421 3146 rere,aquo

193 3142 320 3213 Plerique
345 3144 421 3197 codd.
445 3145 548 3194 variam
575 3143 719 3210 exhibent,
752 3161 780 3196 se
832 3163 892 3196 rum
918 3161 1044 3196 consensu
1068 3159 1158 3195 errore
1175 3143 1226 3195 Lei
1247 3184 1253 3197 .
1272 3146 1375 3198 videtur
1389 3144 1421 3195 ab

193 3210 264 3263 infra
279 3214 392 3264 mediam
409 3212 492 3261 aciem
510 3228 603 3263 vanam
614 3220 637 3263 et
646 3215 798 3264 exhaustam
833 3228 897 3264 csse.
933 3211 975 3264 cf.
998 3228 1066 3282 quoe
1086 3211 1113 3263 in
1137 3229 1251 3280 gramm.
1269 3213 1331 3266 Lat.
1349 3216 1369 3281 §.
1387 3213 1421 3264 ra

193 3278 223 3330 in
240 3280 290 3331 hoc
306 3280 389 3331 rerba
406 3294 461 3329 non
477 3285 597 3343 mutant,
624 3295 711 3348 neque
735 3279 798 3333 lieet
833 3279 978 3332 docuimus.

193 3345 231 3397 ibi
255 3363 363 3414 quoque
386 3344 454 3396 sicut
475 3344 501 3396 h.
523 3344 540 3396 l.
563 3345 687 3399 Heinsius
713 3347 797 3400 voluit
868 3347 933 3418 Cap.
952 3354 999 3412 54,
1023 3350 1046 3414 §-
1066 3354 1106 3400 13.
1142 3349 1238 3401 emisso
1258 3352 1360 3417 acideo]
1391 3345 1422 3400 Sit

193 3430 285 3464 raram
307 3413 427 3465 seribere.
462 3411 557 3491 Itaque
582 3413 649 3465 illud
666 3415 798 3468 neminem
832 3415 927 3484 optimi
944 3415 1018 3468 Leid.
1036 3415 1137 3468 Vossl
1155 3416 1277 3470 Bern.A
1295 3419 1364 3471 Flor.
1377 3414 1421 3477 AB,

193 3478 377 3533 dubitaturum
394 3487 459 3549 puto
478 3498 542 3549 qum
559 3483 683 3535 mendum
700 3483 797 3536 scriba·
832 3491 970 3552 praeterea
996 3481 1076 3535 EGH
1105 3490 1134 3534 ct
1162 3484 1245 3536 Bern.
1274 3486 1309 3539 B.
1351 3483 1421 3551 Vulgo

192 3565 253 3599 rum
270 3548 317 3615 sit,
337 3557 365 3601 et
383 3547 490 3600 solitum
526 3549 621 3617 uidem,
640 3559 671 3603 ut
688 3568 797 3604 accum-
833 3555 949 3619 amissa,
978 3552 1049 3621 quod
1067 3551 1174 3603 defendi
1192 3570 1274 3621 posse
1291 3573 1345 3609 non
1360 3571 1377 3606 n
1415 3586 1420 3613 r

192 3613 308 3669 tissimus
331 3616 467 3671 Drakenb.
490 3567 525 3669 ai
540 3618 599 3672 Liv.
616 3633 698 3686 ml,
728 3627 756 3685 7,
780 3627 797 3671 4
832 3621 880 3672 sed
897 3622 1000 3673 aculeos
1018 3621 1131 3673 emittere
1148 3618 1274 3674 usitatius
1292 3624 1368 3675 firisse

193 3683 280 3736 docet.
832 3687 916 3740 manis
943 3687 1115 3757 scriptoribus
1138 3695 1219 3757 puta:
1247 3690 1283 3744 cf.
1311 3691 1364 3745 cia
1402 3702 1421 3739 ro

228 3756 252 3816 S.
271 3759 294 3806 9.
330 3756 527 3807 circumstantia
553 3757 673 3824 apmina]
700 3754 797 3809 Melius
834 3754 927 3809 Coelio
952 3764 998 3822 12,
1030 3759 1053 3823 ξ.
1080 3763 1121 3808 29.
1166 3755 1221 3808 Sed
1252 3775 1312 3811 rem
1337 3776 1366 3812 ao
1397 3752 1421 3805 tii

193 3819 265 3871 haud
282 3822 362 3875 dubie
379 3823 437 3888 hoo,
456 3840 534 3892 quam
554 3824 625 3892 quod
642 3823 723 3893 rrdga
741 3824 797 3875 edi-
832 3824 903 3877 Livii
929 3824 1000 3878 locus
1022 3832 1077 3876 tam
1103 3823 1212 3891 similis,
1237 3834 1271 3878 ut
1294 3844 1354 3879 eum
1376 3828 1421 3877 ante

191 3895 237 3940 tur
267 3892 491 3943 circumstantiam
516 3894 638 3959 aqmina,
665 3893 797 3960 praebent
834 3893 926 3945 oculos
953 3893 1075 3946 videatur
1092 3892 1214 3944 habuisse
1242 3893 1363 3958 Curtius,
1389 3890 1420 3943 lib·

191 3955 273 4009 Snak.
296 3961 381 4025 codd,
398 3958 470 4011 Flor.
488 3958 643 4025 ABDFGI,
670 3968 698 4013 et
715 3960 796 4014 Bern.
832 3974 923 4028 xxm,
948 3968 993 4014 42:
1014 3963 1209 4030 plorienturque
1227 3961 1346 4017 Romani
1361 3970 1382 4013 te
1395 3956 1421 4010 od

189 4024 217 4076 A
234 4041 292 4078 curn
310 4044 344 4080 ex
360 4028 385 4081 B
404 4026 469 4078 nihil
486 4043 503 4078 a
519 4028 590 4096 vulg.
609 4026 739 4098 scriptura
756 4028 796 4081 di·
823 4048 915 4084 anam
931 4033 1005 4083 modo
1023 4032 1101 4082 ictum
1119 4031 1245 4097 cipentem
1264 4034 1333 4085 uelut
1349 4029 1419 4083 acuite

194 4108 299 4146 versum
316 4102 448 4149 enatetur.
833 4101 928 4152 emisso
946 4108 1052 4166 torpere.
1088 4097 1130 4149 De
1151 4099 1312 4167 metaphora
1338 4099 1366 4152 cf.
1385 4092 1419 4148 vi-

225 4161 354 4234 libertate]
402 4162 492 4231 Vulgo
522 4165 554 4215 de
585 4165 717 4231 libertate,
749 4167 797 4217 sed
832 4174 901 4219 otor.
919 4170 981 4219 Var.
1000 4165 1117 4232 lect.111‚
1139 4173 1179 4218 lo.
1198 4165 1330 4236 Sequitur
1347 4169 1418 4233 torpa

190 4227 319 4283 omittunt
341 4230 564 4301 praepositionem
579 4233 660 4285 Berm
678 4235 705 4287 A
721 4232 794 4287 Flor.
832 4252 882 4304 pro
906 4253 959 4304 quo
986 4233 1013 4287 in
1036 4235 1092 4286 cod.
1114 4233 1187 4285 Leid.
1210 4234 1290 4289 Voss.
1317 4244 1330 4287 1
1355 4234 1418 4287 Bem

188 4295 239 4348 AB
257 4298 365 4351 Voss]
391 4307 420 4350 ct
441 4298 504 4350 edit.
527 4300 666 4368 Modiana,
688 4319 741 4371 pro
760 4303 794 4353 o·-
831 4312 949 4375 utroque
966 4312 993 4356 et
1014 4302 1085 4354 Flor.
1104 4301 1248 4355 CDEFHI
1275 4311 1373 4374 torpent
1392 4299 1418 4351 le·

189 4364 286 4417 berteto
302 4366 401 4437 legitur
426 4365 453 4418 in
474 4366 546 4420 Flor.
565 4368 644 4422 CGH
659 4371 741 4424 Bam.
758 4369 792 4423 Β.
830 4371 918 4441 gitur;
936 4373 983 4424 sed
999 4369 1063 4423 nihil
1080 4371 1236 4424 mutandum
1253 4372 1366 4427 videtur.
