2926 5174
121 319 195 388 250
380 393 384 403 ,
609 332 643 395 a.
669 331 793 383 cusan
808 335 894 386 nun

118 518 239 593 Iacere
272 518 372 591 humi
403 515 678 590 venerabundos
719 516 853 613 ipsum,
892 520 1135 616 paulatimque
1171 518 1363 592 servilibust

118 630 321 703 ministeriis
354 640 411 703 tot
444 629 599 701 iictores
633 627 794 724 gentium
828 628 987 704 imbuere
1013 641 1052 704 et
1077 630 1227 728 captivis
1252 655 1341 728 pares

120 742 237 813 facere
273 741 476 838 expetebat
538 737 663 835 Itaque
698 763 919 836 purpureum
953 740 1118 815 diadema
1152 741 1366 813 distinctumt

42 863 49 872 '
118 851 213 941 albo,
240 852 344 947 quale
370 850 510 923 Dareus
536 849 722 939 habuerat,
750 851 857 948 capiti
883 851 1125 943 circumdedit,
1150 864 1344 948 vestemque

120 960 302 1034 Persicam
328 962 495 1058 sumpsit,
523 985 569 1033 ne
596 985 701 1032 omen
728 960 872 1057 quidem
897 963 1034 1036 veritus
1041 1018 1050 1052 ,
1077 962 1177 1058 quod
1202 987 1225 1035 a
1249 964 1344 1036 victo·

118 1074 166 1145 ris
192 1072 390 1170 insignibus
424 1072 461 1142 in
488 1071 609 1143 divicti
636 1070 804 1173 transiret
838 1071 1009 1144 habitum.
1062 1071 1110 1145 Et
1135 1074 1194 1146 ille
1221 1098 1260 1146 se
1284 1073 1366 1170 qui-⁵

119 1181 201 1255 dem
227 1183 340 1280 spolia
357 1180 549 1255 Persarum
574 1192 716 1279 gestare
742 1181 899 1256 dicebat:
926 1181 991 1256 sed
1016 1207 1098 1255 cum
1124 1184 1193 1257 illis
1220 1209 1345 1281 quoque

117 1318 237 1367 mores
271 1293 453 1385 induerat,
487 1293 760 1392 superbiamque
787 1291 931 1365 habitus
958 1294 1064 1366 animi
1090 1295 1281 1369 insolentia
1303 1320 1344 1369 so

119 1406 305 1502 quebatur.
358 1404 513 1478 Litteras
540 1429 691 1501 quoque,
718 1428 807 1499 quas
833 1403 871 1475 in
897 1402 1078 1502 Europam
1104 1407 1273 1497 mitteret,
1297 1424 1365 1479 vet

118 1517 205 1589 teris
222 1517 338 1599 ¹anuli
371 1541 513 1614 gemma
547 1513 772 1613 obsignabat,
799 1514 877 1603 his,
901 1540 988 1610 quas
1014 1517 1052 1588 in
1077 1517 1205 1591 Asiam
1232 1518 1342 1590 scribe

117 1636 189 1717 ret,
225 1625 333 1700 Darei
368 1629 495 1701 anulus
521 1625 808 1724 imprimebatur;
840 1633 882 1698 ut
907 1638 1112 1724 appareret,
1150 1654 1262 1701 unum
1287 1629 1343 1700 ani·

117 1762 216 1808 mum
244 1737 397 1810 duorum
423 1764 496 1811 non
524 1761 651 1835 capere
676 1736 868 1807 fortunam.
914 1738 1059 1810 Amicos
1086 1765 1176 1812 vero
1204 1750 1241 1813 et
1266 1739 1363 1836 equi-t

118 1858 191 1939 tes,
228 1849 280 1947 (hi
317 1862 471 1946 namque
508 1848 685 1948 principes
719 1844 898 1942 milium)
939 1860 1173 1945 aspernantes
1218 1851 1341 1948 quidem

152 2048 218 2119 Cap.
241 2056 289 2117 20,
311 2056 334 2117 ξ.
356 2058 381 2105 3.
409 2051 606 2103 venerabundos
632 2050 719 2117 ipsum
755 2046 829 2125 Voss.
850 2055 861 2097 l
890 2047 970 2101 Bern.
989 2052 1015 2102 A
1037 2048 1109 2103 Flor.
1126 2049 1207 2104 ABG
1225 2068 1281 2105 cum
1295 2048 1340 2102 Mo
1364 2024 1367 2033 Ι

111 2119 306 2189 paulatimque]
317 2116 719 2188 Editivulgolibriiacerebumi
754 2115 808 2181 dro,
826 2113 907 2185 vulgo
925 2116 999 2169 Pers.
1018 2119 1113 2186 spolia.

116 2188 310 2266 venerabundos
322 2190 385 2268 ppti
402 2188 485 2256 coepit
493 2203 527 2239 ex
537 2184 719 2266 emendatione
788 2185 835 2235 sed
857 2200 915 2237 cum
933 2187 987 2238 illis
1005 2203 1103 2266 quoque
1121 2205 1209 2241 mores
1225 2187 1339 2268 induerat}

115 2269 241 2374 wiht
258 2256 383 2378 itta
399 2253 721 2391 uthttttttttt
754 2249 827 2389 iiia
838 2252 969 2374 ttttt
995 2254 1339 2391 ttvtlttttttdtti

115 2337 202 2510 {garum
212 2342 349 2462 audcoepz'r
366 2394 461 2462 r'psum,
471 2364 563 2462 optimi
571 2408 634 2444 vero
640 2390 720 2442 Bern.
755 2389 828 2440 ribus
847 2388 905 2443 Pal.
922 2398 933 2441 1
953 2340 995 2442 Fi

986 2409 1023 2444 or.
1036 2390 1113 2461 DFI)
1132 2393 1167 2446 cf.
1186 2401 1272 2446 tamen
1287 2390 1340 2444 infru

168 2458 239 2514 Flor.
261 2461 311 2513 AB
342 2461 417 2514 Leid.
439 2461 517 2514 Voss.
539 2469 549 2511 1
577 2476 611 2512 nc
640 2476 683 2511 coe
702 2461 731 2527 it¹
757 2471 780 2508 c.
798 2462 830 2508 42
856 2467 884 2510 ut
908 2460 936 2510 in
963 2461 1078 2512 custodia
1121 2479 1206 2531 noque
1232 2467 1339 2532 torqueret

136 2526 223 2581 uidem
240 2528 374 2582 exhibent.
401 2531 493 2598 Ipsum
512 2530 632 2599 (praeter
648 2527 720 2579 For.
755 2542 803 2595 pro
827 2540 860 2578 eo
893 2527 964 2596 quod
993 2543 1049 2580 esse
1071 2527 1105 2581 de
1140 2536 1153 2582 t
1180 2541 1209 2583 ut
1232 2535 1339 2600 torqueret

116 2543 197 2666 dqui
213 2597 294 2650 habet
312 2601 368 2668 ipse
385 2600 564 2666 uepauletim)
575 2594 721 2649 omnesadss
755 2610 869 2661 quoque,
888 2609 960 2662 van,
981 2601 1012 2649 18
1030 2600 1182 2651 tantundem
1201 2615 1292 2669 quoque
1301 2612 1339 2665 po·

115 2616 721 2735 duntetassumuntidlaadiectivaparticipialia
755 2670 837 2714 steros
860 2666 977 2730 credere,
1000 2674 1124 2743 quantum
1138 2684 1266 2735 praesens
1281 2675 1338 2719 aeut

115 2733 293 2786 accusativum
307 2753 403 2801 casum,
418 2741 449 2786 ut
464 2733 565 2787 Gellius
578 2748 620 2799 111,
641 2739 671 2785 15
686 2750 720 2784 ex
754 2732 942 2798 spopondissit.
979 2731 1033 2786 Oro.
1055 2751 1082 2803 p.
1109 2732 1190 2789 Rosa
1208 2737 1291 2787 Amor.
1308 2739 1338 2797 lt,

115 2800 241 2854 Sisennae
255 2803 392 2855 annalibus
406 2804 622 2871 populabundum
639 2819 656 2853 a
676 2818 718 2853 ros
753 2804 786 2850 40
808 2798 891 2858 Quam
909 2801 939 2852 ob
958 2805 1082 2853 causam?
1100 2802 1217 2857 Necesse
1236 2813 1271 2856 est
1287 2801 1338 2855 enim

114 2868 187 2935 citat,
206 2877 234 2922 et
252 2871 323 2940 apud
341 2870 446 2923 Livium
462 2884 533 2937 xxv,
550 2877 580 2924 13
599 2820 719 2922 adadun·
754 2882 810 2918 eam
829 2883 929 2937 qaoque
946 2870 1042 2921 iustam
1069 2880 1094 2922 et
1116 2889 1240 2941 mapsam
1258 2882 1280 2924 et
1290 2885 1337 2950 pa·

115 2941 270 3005 duscastra,
285 2955 390 3004 xxxm,
404 2945 436 2993 32
456 2940 606 2992 mirabundi
624 2955 717 2991 uanam
753 2936 872 3003 spicuam
881 2939 978 3006 fuisse.
1015 2937 1082 3004 (Sed
1100 2957 1155 3012 non
1173 2941 1225 2994 huc
1241 2944 1338 3028 pertinet

114 3009 223 3060 seriem
243 3007 346 3078 legitur.
382 3007 451 3060 Vide
469 3007 671 3060 Drakenborch.
684 3005 718 3057 ad
753 3002 823 3072 apud
840 3013 960 3057 nostrum
977 3020 1046 3073 surr,
1065 3011 1116 3076 31],
1135 3014 1191 3075 20).
1226 3007 1337 3061 nimium

113 3025 182 3128 divit
200 3091 243 3142 111,
262 3085 293 3130 47
313 3079 376 3130 baec
395 3077 628 3129 contionabundus.
647 3073 718 3126 Tum
751 3071 833 3124 verbo
859 3090 959 3143 quoque
981 3082 1093 3128 utuntur
1115 3075 1250 3130 interdum
1265 3082 1337 3129 aucta

114 3146 310 3197 uenerabundus
328 3162 376 3214 pro
394 3143 541 3197 accusativo
559 3144 717 3197 uenerabun-
751 3156 792 3191 res
811 3157 864 3193 non
881 3142 916 3193 ad
933 3142 1036 3212 singula
1044 3145 1134 3212 verba,
1154 3146 1244 3199 sedad
1256 3145 1338 3208 integr

114 3215 161 3265 dos
179 3212 304 3265 mendose
322 3213 385 3264 item
403 3212 626 3265 omnesscribunt.
646 3211 717 3263 Nam
751 3208 869 3260 membra
886 3209 1012 3263 orationis
1030 3211 1227 3282 coniungenda,
1246 3224 1337 3280 eamque

114 3279 141 3331 in
159 3279 199 3331 his
217 3297 323 3331 casuum
341 3278 569 3332 terminationibus
591 3279 716 3332 facillima
750 3277 785 3329 ob
802 3293 907 3330 eausam
924 3286 1026 3331 certum
1039 3280 1124 3334 locum
1140 3282 1226 3335 minus
1240 3285 1335 3343 serram,

114 3355 154 3399 est
181 3347 312 3399 aberratio
339 3347 397 3414 (Sic
423 3363 502 3416 supra
527 3365 549 3400 c.
577 3355 606 3402 16
635 3351 657 3416 5.
684 3354 714 3400 lb
752 3344 883 3397 etesium
901 3361 943 3414 1x,
963 3354 994 3401 at
1013 3366 1053 3417 pr.

114 3417 214 3467 occultu
250 3432 280 3467 ro
300 3417 392 3467 occulti
410 3413 437 3465 in
455 3413 560 3493 optimis
578 3417 646 3469 male
655 3432 717 3468 exa·
786 3416 808 3481 §.
828 3421 851 3467 6.
892 3417 933 3468 bis
951 3433 1025 3536 Ipatris
1051 3419 1078 3469 in
1103 3420 1198 3472 Asiam
1221 3414 1335 3480 scriberet]

113 3485 209 3545 ratur).
263 3482 283 3535 ti
302 3499 371 3535 nunc
388 3499 444 3548 nos,
464 3499 500 3536 src
517 3483 579 3537 olim
595 3484 716 3538 restitue·
750 3483 819 3534 Asia
836 3482 907 3536 Flor.
925 3484 950 3535 A
978 3482 1094 3538 GLeid.
1113 3489 1190 3541 Voss.
1209 3497 1220 3539 l
1240 3482 1336 3539 Bernl

112 3557 155 3604 rat
178 3549 296 3616 Modius,
323 3551 494 3620 reprehensus
518 3569 549 3606 eo
572 3553 678 3606 nomine
700 3570 716 3604 a
749 3557 780 3602 ut
810 3550 890 3620 longe
913 3551 998 3604 maior
1023 3554 1167 3608 auctoritas
1189 3554 1264 3608 huius
1288 3549 1335 3605 scri·

113 3618 306 3683 Freinshemio,
325 3618 451 3672 librorum
469 3637 622 3674 consensum
639 3621 715 3690 igno·
749 3626 844 3688 pturae
862 3618 910 3686 sit,
930 3637 1010 3690 quam
1026 3621 1159 3692 vulgatae.
1194 3625 1290 3677 Verum
1303 3635 1334 3672 ra

111 3695 196 3740 rante.
232 3687 354 3739 Pendent
380 3688 466 3741 omnia
489 3705 522 3740 ex
540 3691 621 3744 verbo
639 3707 714 3758 eape-
749 3686 787 3739 tio
815 3686 904 3741 vincat
932 3704 1037 3742 necesse
1067 3698 1116 3744 est.
1158 3691 1212 3745 Sed
1237 3693 1276 3744 in
1298 3703 1334 3759 pro

113 3758 188 3809 tebet.
207 3755 261 3809 Sed
279 3756 329 3809 hoc
346 3755 430 3826 ipsum
448 3757 571 3811 scribitur
587 3759 614 3811 in
629 3758 714 3811 omni·
748 3756 820 3825 vulg.
844 3759 877 3809 iis
899 3773 988 3809 omnes
1008 3759 1090 3812 Mod.
1117 3760 1200 3813 nostri
1221 3767 1249 3813 ct
1269 3754 1332 3812 sna.
1357 3752 1361 3765 ¹

112 3825 160 3878 bus
178 3825 253 3879 codd.
272 3842 303 3877 ea
321 3826 436 3890 artabat,
455 3842 520 3877 exce
540 3834 569 3880 to
588 3827 659 3880 Flor.
679 3825 713 3893 G,
750 3833 856 3895 practer
873 3825 945 3880 Flor.
962 3824 985 3876 Β
1006 3827 1051 3897 qui
1068 3828 1149 3881 habet
1166 3830 1225 3882 biis.

111 3910 172 3946 narn
196 3893 290 3947 confim
310 3901 391 3946 untur
411 3893 487 3946 facile
513 3844 558 3947 tha
579 3897 661 3948 verba
682 3896 714 3947 cf.
784 3897 806 3962 ξ.
827 3901 850 3946 7.
886 3897 914 3946 tn·
935 3911 1045 3974 nauaque
1066 3898 1205 3966 principes
1230 3891 1331 3970 militum]

111 3963 144 4013 ad
162 3977 211 4029 111,
233 3969 274 4027 13,
295 3969 334 4015 13.
513 3965 517 3972 ’
749 3963 838 4031 Vulgo
854 3978 960 4033 cumque
975 3963 1016 4015 lus
1025 3967 1119 4032 princi
1136 3982 1170 4018 es.
1197 3964 1251 4018 Sed
1259 3964 1331 4016 hoclss

748 4031 822 4084 nullo
841 4031 930 4086 codice
948 4038 1015 4084 msto
1033 4039 1081 4084 est.
1133 4033 1233 4088 roxima
1250 4031 1270 4085 si
1285 4045 1330 4083 ser·

147 4067 169 4130 §-
188 4071 212 4116 4·
235 4081 267 4116 ne
285 4083 357 4117 Omen
376 4064 489 4134 quidem]
509 4063 554 4118 Sic
572 4065 629 4118 θοὰ·
641 4064 714 4119 ῈῙΟΓ·
748 4100 858 4153 tentiam
868 4107 978 4172 spectes,
990 4101 1098 4168 accedit,
1115 4100 1222 4156 FlanG
1238 4111 1328 4168 unaque·

110 4127 403 4253 fitecfffflrafflendq'se·
423 4150 510 4254 nemzi
525 4152 577 4186 ”⁰⁷³
604 4135 714 4213 quidem?
748 4168 854 4222 Medius
877 4169 959 4222 edidit
974 4173 1016 4224 bis
1033 4188 1137 4242 unaque
1177 4170 1213 4225 sic
1235 4168 1328 4224 olima

319 4218 483 4271 pmfflpese
512 4211 582 4256 mres
598 4203 661 4271 qmd
675 4219 713 4254 rel
747 4237 888 4306 scriptores
906 4238 979 4309 loqui
996 4239 1128 4292 affirmans
1136 4211 1150 4307 ,²
1171 4257 1222 4293 non
1256 4250 1324 4313 ocean

110 4269 444 4390 {mgffiuffifflffffi
462 4272 540 4324 πρᾶο
557 4269 626 4324 hbm
640 4270 711 4327 HQ
746 4306 833 4360 Unice
855 4323 947 4360 verum
972 4314 1013 4360 est
1040 4309 1113 4378 quod
1134 4307 1214 4361 miror
1237 4324 1288 4360 cum
1304 4317 1325 4353 11¹

319 4438 324 4448 ,
746 4372 878 4428 codicibus
900 4376 1020 4428 omnibus
1044 4385 1090 4429 aut
1116 4394 1219 4448 prorsus
1242 4373 1274 4428 sic
1288 4375 1324 4423 aut

144 4437 167 4502 ξ.
191 4440 215 4487 5.
255 4438 341 4503 spolia
365 4440 519 4508 Persarum]
567 4438 611 4494 sic
635 4439 709 4494 Leid.
744 4460 836 4515 parum
854 4443 930 4498 aliter
951 4444 1067 4514 legatur,
1094 4444 1193 4499 tamdiu
1217 4443 1270 4496 luce
1290 4452 1322 4491 at·
