2984 5176
530 300 735 453 §erasme
761 337 870 389 Aiax.
897 338 947 408 1x,
973 336 1017 389 41.
1317 320 1389 390 481

103 532 134 581 22
152 541 290 589 novare
307 516 473 608 voluisse,
500 516 586 591 dum
611 520 648 593 in
674 520 776 593 India
801 547 867 595 rex
894 532 957 596 est.
1005 519 1119 611 Quem
1138 532 1392 612 occurrentem,

152 625 378 701 dissimulata
402 629 457 702 ira
483 631 630 704 comiter
656 633 842 723 allocutae,
876 632 961 705 dum
988 635 1192 732 exploraret
1217 658 1308 731 quae
1336 631 1394 705 de-

152 737 229 811 lata
255 749 369 831 erant,
394 740 432 814 in
458 741 585 815 eodem
610 743 747 816 honore
772 744 907 816 habuit.

260 848 352 924 Cum
381 851 464 926 inde
495 856 680 952 praefecti,
723 857 815 929 sicut
846 856 1060 954 imperatum
1093 866 1184 946 erat,
1221 858 1443 954 equorum42

151 960 466 1061 iumentorumque
491 966 662 1064 iugalium
688 967 762 1039 vim
787 967 970 1065 ingentem
997 991 1043 1039 ex
1070 968 1181 1057 omni,
1209 968 1395 1064 quaesub

150 1073 303 1170 imperio
324 1082 411 1165 erat,
437 1076 582 1174 regione
600 1079 790 1169 misissent,
817 1078 944 1175 quibus
964 1076 1113 1151 deerant
1132 1078 1395 1176 impedimenta,

106 1199 133 1252 ts
151 1185 321 1258 restituit.
373 1186 486 1261 Arma
512 1214 653 1285 quoque
680 1189 728 1262 ad
753 1188 942 1288 pristinum
967 1191 1101 1263 refecta
1128 1200 1212 1264 sunt
1239 1192 1394 1264 cultum:

151 1296 287 1395 quippe
313 1297 410 1371 haud
436 1301 561 1397 procul
587 1327 609 1372 a
634 1300 781 1374 Perside
808 1301 974 1390 aberant,
1008 1327 1081 1374 non
1115 1311 1244 1400 pacata
1275 1300 1394 1391 mod0,

103 1424 134 1475 24
154 1407 223 1484 sed
249 1409 357 1485 etiam
383 1411 562 1507 opulenta.
615 1411 744 1511 Igitur,
776 1423 818 1486 ut
844 1437 953 1510 supra
979 1412 1114 1486 dictum
1140 1424 1210 1503 est,
1243 1413 1395 1486 aemula·

151 1531 215 1594 t-us
242 1519 360 1594 Patris
387 1521 505 1594 Liberi
531 1548 605 1595 non
631 1525 781 1621 gloriam
808 1523 940 1614 solum,
977 1551 1084 1621 quam
1111 1551 1157 1598 ex
1188 1525 1256 1596 illis
1283 1523 1396 1621 genti·

151 1632 224 1707 bus
252 1632 522 1730 deportaverat,
558 1633 621 1706 sed
648 1636 756 1708 etiam
782 1635 928 1726 famam,
965 1636 1041 1709 sive
1075 1635 1163 1709 illud
1195 1636 1396 1732 triumphus

151 1744 224 1817 fuit
250 1743 296 1815 ab
323 1768 366 1816 eo
393 1746 547 1842 primum
572 1744 768 1836 institutus,
802 1747 877 1818 sive
903 1748 1154 1820 bacchantium
1179 1748 1294 1835 lusus,
1327 1756 1396 1818 sta-

103 1873 135 1922 ss
154 1854 228 1927 tuit
253 1855 394 1946 imitari,
420 1857 539 1929 animo
566 1883 674 1956 super
698 1859 895 1932 humanum
921 1858 1102 1956 fastigium
1129 1858 1232 1930 elato.
1277 1855 1397 1946 Vicos,

153 1990 222 2063 per
247 1990 337 2062 quos
363 1969 432 2040 iter
458 1979 551 2059 erat,
584 1968 731 2042 floribus
759 1969 970 2067 coronisque
995 1971 1106 2044 sterni
1131 1969 1246 2058 iubet,
1273 1968 1396 2039 limini·

153 2079 226 2152 bus
259 2077 402 2151 aedium
433 2091 591 2153 crateras
617 2080 702 2152 vino
736 2082 891 2179 repletas
925 2091 961 2154 et
994 2081 1062 2153 alia
1088 2081 1238 2154 eximiae
1263 2079 1396 2176 magni·

153 2188 291 2263 tudinis
317 2215 406 2263 vasa
433 2190 591 2289 disponi;
629 2192 794 2265 vehicula
820 2178 948 2266 deinde
975 2202 1173 2282 constrata,
1209 2202 1251 2264 ut
1276 2190 1395 2288 plures

156 2326 286 2399 capere
317 2302 447 2376 milites
480 2312 642 2400 possent,
682 2304 719 2375 in
750 2304 1063 2376 tabemaoulorum
1093 2301 1241 2376 modum
1268 2301 1397 2388 omari,

103 2431 136 2482 re
156 2413 227 2486 alia
256 2411 416 2486 candidis
442 2413 547 2504 velis,
586 2414 656 2485 alia
681 2425 783 2488 veste
815 2416 981 2513 pretiosa.
1035 2415 1144 2488 Primi
1169 2415 1271 2487 ibant
1296 2413 1398 2485 antici

154 2534 194 2597 et
227 2525 355 2598 cohors
387 2524 504 2622 regia,
539 2525 646 2597 variis
678 2525 843 2598 redimita
874 2527 1021 2599 floribus
1049 2526 1258 2623 coronisque
1265 2552 1274 2614 ;
1315 2523 1397 2595 alibi

155 2634 343 2708 tibicinum
379 2646 524 2726 centua,
565 2635 648 2707 alibi
682 2637 782 2734 lyrae
824 2662 933 2710 sonus
969 2635 1200 2710 audiebatur:
1241 2637 1327 2708 item
1361 2634 1398 2704 in

155 2746 331 2819 vehiculis
382 2773 448 2845 pro
494 2747 596 2845 copia
645 2748 815 2843 cuiusque
866 2747 1049 2820 adornatis
1103 2744 1397 2819 comissabundus

156 2858 350 2948 exercitus,
377 2859 496 2948 armis,
523 2883 614 2956 quae
639 2858 796 2931 maxime
813 2857 944 2931 decora
970 2867 1083 2947 erant,
1110 2856 1399 2955 circumpenden-

193 3056 261 3128 Cap.
275 3063 318 3124 42,
337 3061 360 3127 ξ.
375 3064 417 3111 22.
455 3058 520 3112 Cum
538 3061 599 3112 iude
617 3060 759 3129 praefecta]
795 3056 920 3110 annot-avi
938 3058 972 3110 ed
990 3057 1045 3111 Cic.
1063 3057 1091 3111 in
1107 3062 1184 3110 Verr.
1198 3057 1244 3110 lib.
1258 3072 1300 3123 iv,
1320 3073 1342 3109 c.
1358 3062 1399 3110 59.

156 3125 279 3196 Vulgata
296 3126 375 3180 lectio
394 3145 451 3180 cum
468 3128 563 3180 Indiae
580 3129 711 3198 proesemi
727 3128 760 3180 ab
796 3125 886 3195 Vulgo
910 3133 997 3179 autem
1021 3129 1132 3195 repletos
1159 3126 1253 3179 editur.
1294 3125 1400 3178 Crater-

156 3194 231 3248 Aldo
249 3211 264 3247 e
282 3196 416 3248 codicibus
439 3195 485 3247 illa
508 3196 626 3266 quidem,
651 3197 698 3248 sed
720 3203 761 3248 ta·
796 3212 843 3247 ras
867 3193 947 3246 scribi
968 3203 1078 3266 propter
1099 3195 1206 3264 longam
1227 3194 1344 3247 vocalem
1373 3192 1401 3245 in

156 3279 220 3316 men
238 3262 411 3317 deterioribus
433 3265 514 3317 ducta
535 3272 583 3317 est.
618 3265 690 3317 Nam
707 3281 761 3316 me·
796 3263 1024 3330 Voss.1Flor.A,
1043 3267 1180 3317 cromeras
1189 3262 1401 3385 IpropterGrae·

157 3331 238 3385 liores
248 3334 308 3384 iude
318 3332 448 3386 exhibent
457 3332 531 3386 Leid.
541 3333 763 3387 Voss.lBem.A
798 3348 855 3384 cam
875 3331 1003 3402 originem
1020 3331 1187 3386 inFlor.FG
1234 3349 1289 3385 non
1307 3331 1402 3384 mirum

158 3399 232 3453 Flor.
246 3399 295 3452 AB
314 3401 473 3470 (contrarius
491 3418 567 3455 error
588 3419 668 3471 supra
686 3408 762 3455 nota-
797 3408 844 3453 est.

157 3469 241 3521 batur
256 3483 320 3536 vm,
338 3476 381 3534 41,
400 3472 440 3537 3),
458 3470 486 3522 in
507 3470 639 3523 aliisIudr'
659 3469 763 3540 legitur,
833 3471 856 3536 ξ.
870 3475 911 3523 26.
948 3470 1080 3523 tibicinum
1099 3471 1202 3540 cautos]
1239 3468 1323 3522 Recte
1342 3469 1401 3529 tibi·

178 3536 239 3590 auci
250 3537 435 3592 Indiae·Flor.
452 3537 558 3618 quidem
575 3537 673 3591 DFGI.
710 3539 764 3591 Sed
798 3538 884 3590 cirrum
905 3555 954 3606 pro
977 3539 1048 3608 vulg.
1066 3539 1196 3592 librorum
1219 3545 1247 3591 et
1270 3537 1402 3590 editorum

158 3555 195 3658 de
222 3605 300 3659 India
330 3624 386 3659 non
416 3608 585 3676 cogitandum
611 3623 668 3660 esse
694 3606 763 3660 ratio
798 3612 827 3657 et
844 3623 904 3658 mas.
914 3606 1028 3659 lectione
1043 3610 1184 3660 tubicinum
1193 3605 1402 3659 Freinshemium

159 3673 267 3747 evincit.
303 3675 456 3727 Verborum
473 3675 637 3728 constructio
651 3682 763 3742 mutata,
798 3675 951 3726 emendasse
966 3692 1069 3743 cense0,
1087 3693 1149 3728 nam
1162 3676 1228 3728 tuba
1241 3673 1360 3726 militaris
1375 3670 1402 3723 in

160 3760 222 3796 cum
239 3742 350 3795 deberet
371 3745 438 3796 lude
456 3761 521 3811 cum,
540 3743 707 3814 corruptelae
724 3743 763 3796 vi·
798 3739 849 3795 illis
867 3742 965 3796 deliciis
982 3743 1071 3796 locum
1087 3762 1141 3797 non
1158 3742 1291 3807 habebat,
1315 3755 1402 3810 neque

161 3811 240 3864 detur
257 3828 336 3866 causa
353 3811 440 3864 fuisse.
799 3808 960 3889 σαλπίγγων
987 3813 1033 3864 sed
1061 3811 1157 3863 αὐλῶν
1182 3809 1283 3888 mentio
1309 3809 1339 3862 lit
1367 3808 1401 3859 ab

197 3917 273 3977 §.24
297 3914 476 3966 bacchantium
493 3914 578 3979 lusus]
605 3912 764 3967 lurusFlor.
798 3879 967 3999 Almanffilet
992 3879 1144 3933 mutam·
1186 3877 1307 3997 ssdmv‘ff
1332 3892 1402 3996 ¹¹ssOE

160 3980 213 4034 PH
230 3980 313 4034 Pal'l
331 3982 456 4049 Bem'B’
474 4000 537 4035 “⁸²⁴⁸
552 3980 626 4033 Μ’
800 3948 1266 4086 idelrlzmquodrsellodlldr,EScelleffellld
1278 3984 1330 4066 tum
1347 3961 1402 4064 ml}

196 4085 271 4152 §.tm
308 4093 426 4138 craterus
443 4086 502 4137 uiuo
518 4101 547 4136 re
566 4085 643 4150 letos]
678 4083 766 4136 Femi-
799 4082 859 4150 luit,
877 4092 908 4137 ut
925 4084 1068 4137 referretur
1085 4083 1163 4137 adid
1180 4083 1251 4153 quod
1269 4079 1403 4133 antecedit
1450 4103 1453 4111 ¹

160 4150 253 4204 ninum
266 4167 349 4222 genus
360 4160 469 4206 tuentur
483 4153 533 4206 cod
553 4152 652 4205 .nostri
665 4168 764 4219 omnes,
818 4154 888 4219 rimi,
907 4170 960 4222 quo
969 4153 1090 4222 equidem
1104 4169 1159 4204 non
1176 4159 1243 4220 puto
1256 4167 1322 4218 opus
1337 4164 1402 4201 esse.

143 4261 144 4265 ,
161 4220 227 4273 item
249 4219 480 4291 Snakenburgiani
503 4228 531 4273 et
551 4220 609 4273 Pal.
625 4227 637 4272 1
662 4227 692 4272 ut
712 4220 766 4273 iam
828 4239 871 4273 am
889 4221 960 4291 quod
977 4223 1036 4274 item
1051 4220 1115 4274 dicit
1128 4218 1193 4271 mihi
1203 4218 1309 4288 quidem
1322 4217 1403 4287 signi-

162 4297 222 4342 tuto
231 4287 313 4342 etiam
322 4289 351 4342 in
382 4289 569 4344 msaoratione
582 4287 666 4358 possis
679 4288 765 4341 forma
799 4289 879 4342 ficare
897 4289 1004 4342 videtur
1018 4290 1099 4342 etiam
1115 4287 1217 4358 priores
1235 4287 1294 4339 illos
1312 4286 1340 4339 in
1357 4303 1402 4338 ve-

163 4367 268 4410 cratera
285 4356 333 4410 uti.
397 4376 439 4412 am
457 4357 643 4427 supralib.1v,
653 4365 686 4409 34
696 4366 764 4410 extr.
799 4357 892 4411 hiculis
909 4356 1000 4425 fuisse,
1019 4366 1134 4411 nonant
1151 4355 1263 4425 pedibus
1273 4354 1416 4424 autequis'

164 4425 197 4478 de
215 4443 246 4479 ea
264 4425 395 4481 dubitavit
409 4426 609 4480 Freinshemius.
646 4424 686 4478 Cf.
697 4442 764 4495 quae
799 4425 852 4479 iter
869 4425 970 4478 fecisse.

1163 4515 1195 4562 31
