2926 5174
535 269 582 317 na
610 269 735 320 casus
762 271 871 323 Anax.
898 275 949 342 u1,
986 274 1011 321 a
1339 264 1384 338 19,

111 451 258 527 aluisset:
287 458 392 520 tunc
426 451 564 547 paucis,
591 453 650 549 qui
676 455 823 528 ealhbus
849 455 1104 554 praesiderent,
1131 461 1273 553 relictis,
1287 472 1384 538 retro

129 563 192 659 ipse
230 559 452 649 concessit,
493 563 683 658 populator
725 575 860 657 terrae,
898 592 1007 664 quam
1041 593 1064 640 a
1093 571 1384 668 populationibus

128 669 297 745 vindicare
328 668 518 743 debebat.
558 671 653 771 Ergo
680 676 740 771 qui
765 678 880 750 relicti
906 689 1019 769 erant,
1048 678 1211 777 proditos
1239 683 1383 774 serati,

127 807 165 856 nc
188 789 445 878 conspectum
472 782 617 877 quidem
640 785 754 859 hostis
782 789 957 862 sustinere
983 790 1190 880 valuerunt,
1216 815 1299 865 cum
1325 795 1384 866 vel

127 894 298 992 pauciores
328 893 473 964 locum
500 893 660 968 obtinere
684 898 896 993 potuissent.

100 1035 112 1083 c
214 1001 397 1098 Namque
428 1013 608 1102 perpetuo
634 1006 717 1103 iugo
743 1009 876 1082 montis
907 1010 1025 1106 asperi
1050 1035 1092 1083 ac
1117 1014 1302 1110 praerupti
1328 1009 1434 1087 Ci-10

125 1116 194 1188 licia
215 1111 454 1204 includitur,
485 1113 583 1210 quod
608 1141 689 1189 cum
714 1143 737 1190 a
761 1119 853 1190 mari
878 1129 1053 1216 assurgat,
1071 1123 1173 1194 velut
1191 1123 1271 1194 sinu
1298 1150 1382 1220 quo·

128 1225 201 1298 dam
229 1225 421 1320 flexuque
460 1236 664 1318 curvatum,
698 1253 824 1301 rursus
856 1231 971 1302 altero
999 1255 1110 1304 cornu
1135 1233 1173 1303 in
1199 1231 1382 1308 diversum

103 1338 204 1410 rlitus
226 1335 410 1409 excurrit.
457 1333 530 1408 Per
554 1337 622 1410 hoc
649 1337 805 1430 dorsum,
825 1365 896 1435 qua
921 1340 1077 1415 maxime
1103 1342 1279 1415 introrsus
1292 1345 1382 1416 mari

136 1447 224 1537 cedit,
253 1446 391 1544 asperi
429 1455 509 1519 tres
544 1446 661 1520 aditus
696 1458 733 1521 et
758 1450 968 1548 perangusti
993 1461 1094 1543 sunt,
1130 1477 1282 1548 quorum
1308 1479 1380 1528 uno

106 1556 230 1638 sCilicia
253 1554 452 1630 intranda
480 1566 544 1629 est.
585 1555 801 1655 Campestris
828 1560 965 1653 eadem,
980 1587 1051 1658 qua
1076 1563 1194 1660 vergit
1209 1563 1256 1636 ad
1270 1589 1380 1655 mare,

125 1669 292 1766 planitiem
333 1668 427 1742 eius
476 1668 607 1741 crebris
649 1668 948 1768 distinguentibus
983 1673 1085 1746 rivis:
1131 1673 1307 1773 Pyramus
1343 1684 1380 1748 et

126 1777 256 1878 Cydnus
284 1779 419 1852 incliti
449 1803 572 1851 amnes
597 1779 723 1853 fluunt.
778 1779 926 1881 Cydnus
952 1809 1026 1857 non
1052 1785 1168 1882 spatio
1195 1810 1379 1880 aquarum,

124 1890 177 1963 sed
204 1892 353 1987 liquore
392 1891 656 1981 memorabilis,
691 1892 821 1988 quippe
857 1892 928 1964 leni
953 1902 1072 1967 tractu
1099 1921 1119 1967 e
1144 1895 1304 1968 fontibus
1330 1897 1378 1966 la·

123 2001 207 2093 bens,
233 2027 336 2100 puro
369 2001 459 2074 solo
488 2000 671 2097 excipitur,
698 2025 765 2072 nec
790 2010 970 2076 torrentes
996 1993 1192 2092 incmrunt,
1220 2005 1280 2098 qui
1305 2006 1378 2100 pla·

101 2113 188 2186 acide
212 2112 415 2184 manantis
446 2111 587 2185 alveum
614 2110 778 2182 turbent:
805 2111 926 2208 itaque
951 2114 1189 2210 incorruptus,
1211 2100 1378 2208 idemque

122 2223 383 2321 higidissimus,
415 2221 550 2319 quippe
575 2222 691 2293 multa
716 2221 875 2318 riparum
900 2223 1116 2296 amoenitate
1142 2224 1377 2314 inumbratus,

93 2335 239 2432 nubique
277 2333 461 2409 fontibus
496 2333 567 2405 suis
603 2332 725 2405 similis
756 2332 794 2404 in
819 2358 918 2408 mare
946 2332 1076 2409 evadit.
1129 2333 1244 2408 Multa
1269 2336 1307 2407 in
1334 2360 1377 2407 ea

121 2447 252 2543 regione
280 2452 547 2532 monumenta,
573 2444 722 2539 vulgata
747 2445 979 2536 carminibus,
1006 2454 1168 2518 vetustas
1195 2445 1376 2519 exederat.

122 2553 432 2631 Monstrabantur·
454 2554 596 2627 urbium
623 2554 737 2645 sedes,
757 2553 929 2653 Lyrnessi
954 2566 991 2631 et
1017 2554 1168 2647 Thebes,
1190 2555 1376 2654 Typhonis

123 2739 175 2776 sane
189 2744 256 2779 nunc
275 2725 306 2777 in
315 2723 400 2776 Flor.
411 2721 438 2773 B
457 2719 537 2776 Bern.
549 2723 583 2788 A,
602 2722 648 2774 sed
665 2738 738 2774 men·
812 2723 957 2775 Voluerunt
978 2739 1026 2791 pro
1048 2720 1119 2790 vulg.
1144 2724 1277 2773 voluerunt
1300 2720 1376 2774 codd.

123 2792 175 2845 dum
189 2811 244 2847 esse
261 2801 347 2864 puto,
371 2789 594 2859 quandoquidem
612 2791 645 2841 dc
663 2806 737 2859 prae·
772 2789 856 2842 nostri
872 2791 906 2843 ad
923 2807 1004 2843 unum
1017 2805 1115 2854 omnes,
1133 2787 1198 2841 item
1207 2788 1377 2840 Sualrenbur·

122 2860 323 2933 tentitemporis
334 2856 504 2937 condicione
519 2857 569 2911 dici
578 2876 631 2911 non
640 2865 737 2927 potest.
792 2857 807 2869 '¹
836 2861 847 2923 (
870 2866 1037 2927 raeterquum
1060 2857 1131 2925 quod
1148 2856 1176 2909 in
1193 2857 1269 2910 Voss.
1289 2864 1301 2908 1
1320 2863 1376 2908 tra·

152 2932 201 2996 §.u
218 2948 299 2999 quum
320 2948 339 2981 a
356 2927 584 3006 populotzonr'bus
602 2928 737 2978 uindicare
772 2875 906 2995 dllurlegi
915 2927 1042 2991 ualuere),
1060 2932 1142 2991 recte,
1161 2924 1287 2994 deditque
1295 2923 1376 2977 etiam

126 2997 228 3068 debebat]
245 2997 374 3051 Variant
395 3013 426 3046 m
446 2992 571 3046 hocloco
588 2994 737 3046 exhibendo
771 2992 886 3045 Modius.

129 3066 191 3116 utu
206 3067 295 3119 nostri.
341 3065 384 3118 In
403 3060 520 3114 Flor.B
543 3061 642 3115 librarii
661 3061 738 3131 eulpa
807 3059 951 3128 Cap.10,§.
962 3066 986 3112 t.
1005 3060 1311 3126 cumumuriussuryot]
1322 3060 1376 3111 As·

131 3137 193 3184 totus
207 3133 276 3186 locus
296 3152 313 3186 a
338 3131 568 3210 populationibus
594 3147 678 3199 usque
704 3131 738 3181 ad
772 3137 866 3195 surput
879 3127 933 3180 sive
947 3129 1078 3194 adsurqut
1092 3123 1251 3179 Flor.BCG
1259 3124 1377 3178 BernA

132 3212 276 3269 conspectum
293 3201 416 3255 excido.
455 3197 625 3278 Reliquorum
643 3197 736 3251 duoc
772 3195 846 3248 Leid.
857 3196 934 3249 Voss.
944 3203 990 3247 ute
1022 3192 1160 3246 ue:ccteri
1168 3191 1338 3261 manuscripti
1348 3199 1377 3245 et

128 3265 154 3319 H
166 3286 235 3338 quam
246 3289 285 3340 po
303 3266 484 3324 ulationibus
509 3269 641 3320 vendicare
663 3267 737 3319 debe-
771 3264 836 3316 editi
856 3269 972 3334 (praeter
988 3263 1074 3325 hod.)
1099 3270 1198 3329 suryut.
1233 3260 1288 3313 Sed
1305 3259 1376 3330 quod

126 3336 169 3403 lut,
190 3357 255 3392 unus
273 3289 302 3393 C
322 3356 343 3391 α
362 3335 585 3406 populationibus
603 3337 673 3386 uiuet.
693 3337 736 3386 cte-
772 3331 891 3402 sequitur
916 3332 987 3402 apud
1012 3329 1132 3383 Freinsh.
1159 3331 1237 3382 ueluti
1268 3346 1317 3399 pro
1343 3344 1376 3382 eo

124 3406 192 3474 celat,
208 3406 331 3461 DEFI
353 3419 442 3474 quum
456 3405 670 3470 populationibus
681 3404 736 3454 uin·
772 3402 844 3471 quod
865 3409 906 3455 est
923 3404 990 3453 velut
1011 3398 1110 3451 nullam
1133 3416 1239 3468 prorsus
1261 3395 1376 3450 auctori-

123 3475 199 3528 dicore
217 3477 364 3540 debuerat,
391 3471 476 3523 Bern.
494 3478 540 3522 ute
572 3488 605 3524 ue
622 3488 701 3540 quum
719 3487 736 3522 o
771 3477 856 3522 tatem
873 3470 962 3522 habet.

116 3557 148 3608 pc
179 3545 195 3595 l.
212 3546 375 3606 uindicare,
396 3556 430 3591 ac
448 3537 542 3592 deinde
575 3556 630 3592 ern.
648 3541 674 3590 A
692 3541 736 3590 de·
806 3541 829 3605 ξ.
850 3545 873 3590 t.
891 3537 1034 3606 introrsus]
1053 3534 1098 3588 Sic
1114 3551 1204 3589 omnes
1221 3552 1291 3601 mss,
1309 3532 1376 3586 editi

120 3611 144 3662 bc
174 3622 200 3664 ut
217 3630 234 3665 a
251 3632 296 3683 pr.
316 3624 411 3662 manu
431 3605 511 3674 (sicut
520 3608 596 3661 Voss.
608 3610 636 3677 1)
653 3607 736 3659 Bern.
770 3613 877 3676 praeter
894 3606 968 3658 Mod.
986 3607 1137 3658 introrsum.

118 3677 266 3733 Bdetebct.
307 3679 418 3745 ltaque
435 3691 477 3726 me
495 3682 522 3727 et
538 3675 643 3729 illomm
659 3675 735 3729 codd.
806 3678 829 3742 ᾗ.
848 3681 888 3728 10.
924 3684 1037 3727 uetustus
1055 3673 1187 3742 exederat]
1229 3670 1269 3724 Cf.
1287 3684 1329 3735 nt,
1348 3674 1374 3736 8,

120 3746 218 3802 ctleid.
227 3749 314 3802 Voss.
330 3742 485 3797 auctoritas
500 3752 533 3796 ut
551 3746 657 3797 debebat
674 3743 736 3794 ede·
770 3757 799 3810 v,
819 3748 833 3794 5
853 3745 923 3812 quod
941 3744 975 3795 ad
992 3740 1150 3810 elegantiam
1174 3739 1245 3810 tropi
1268 3738 1375 3791 attinet.

120 3831 166 3868 rem
189 3814 359 3879 admonuit,
392 3810 440 3862 sed
466 3827 498 3863 uc
532 3812 736 3883 raepositionem
804 3811 933 3878 Lyrneesi
945 3821 968 3864 et
986 3810 1095 3879 Thebes]
1116 3808 1223 3863 Curtius
1241 3825 1301 3859 cum
1318 3805 1375 3857 sine

119 3885 146 3934 ol
161 3885 336 3948 omitterem,
368 3877 451 3932 iidem
521 3881 545 3932 d.
563 3881 636 3934 Laid.
654 3880 734 3933 Voss.
769 3878 850 3932 dubio
867 3879 1020 3933 Homericus
1037 3879 1115 3930 urbes
1136 3876 1283 3945 intelligat,
1311 3887 1375 3950 geo-

118 3950 187 4006 Bern.
205 3953 368 4007 obstabant
395 3953 424 3998 et
445 3955 584 4018 perpetuus
602 3950 656 4002 fere
675 3964 735 4001 cum
769 3948 899 4017 graphurn
920 3948 1027 4000 videtur
1049 3954 1111 3999 ante
1134 3944 1223 3998 oculos
1245 3940 1374 4007 habuisse,

119 4019 218 4073 aliorum
237 4020 416 4099 scriptorum
439 4024 494 4067 tum
513 4016 598 4070 Curtii
620 4035 683 4070 usus
706 4015 735 4068 in
771 4015 815 4084 qui
832 4018 910 4069 urbes
928 4014 1094 4085 cognomines
1112 4006 1304 4127 inl'amphplia
1320 4007 1375 4086 siyc

120 4089 229 4142 addenda
248 4091 319 4141 hurc
339 4084 428 4137 verbo
445 4083 578 4153 particula.
613 4085 686 4138 Edit.
694 4102 735 4153 pr.
770 4101 847 4136 sensu
869 4085 963 4137 latiore
980 4083 1009 4135 in
1027 4080 1119 4135 Cilicia
1141 4085 1242 4130 sitasa
1280 4074 1374 4128 Trom-

120 4157 331 4210 edeterioribus
357 4151 436 4204 codd.
461 4169 535 4230 quom
553 4157 643 4222 popul.
663 4153 734 4205 vind.
769 4170 831 4204 nam
848 4161 963 4206 aetatem
971 4150 1090 4215 referret,
1110 4163 1187 4215 quarn
1206 4161 1266 4196 uam
1276 4142 1374 4196 Strabo

121 4226 250 4292 debuerat,
291 4221 364 4275 ΑΜ.
391 4219 522 4273 adiectu
558 4226 626 4291 opul.
651 4237 735 4289 eaque
770 4219 838 4274 libro
855 4226 1007 4291 xrv,p.667
1028 4216 1139 4268 Theben
1158 4232 1188 4267 ac
1228 4228 1373 4282 ymessum,

120 4294 224 4363 vulgaris
243 4289 337 4345 lectio
357 4288 431 4339 iacta
447 4296 499 4352 est,
553 4291 627 4345 odius
645 4298 736 4344 tamen
771 4306 838 4358 quae
855 4289 925 4343 inter
942 4287 1086 4341 celebratas
1099 4282 1294 4351 posthacurbes
1303 4279 1374 4330 Pha-

122 4378 134 4412 a
147 4366 232 4432 popul.
252 4358 407 4414 vindicare
426 4356 535 4410 debebat.
771 4356 879 4412 selidem
887 4367 915 4411 et
923 4352 1051 4413 Attalium
1065 4350 1166 4403 mediae
1174 4347 1373 4414 interimebant,

1128 4436 1165 4488 2*
