2926 5174
114 307 189 379 324
584 324 618 387 a.
647 324 769 377 suurn
794 324 879 375 nuru

112 511 168 584 A'o
206 506 384 608 praesidio
423 506 521 582 urbis
560 508 701 601 relicto,
745 509 928 607 proximos
955 508 1068 587 ,vicos
1112 493 1317 606 depopulatur
1329 528 1347 574 11

113 632 222 720 atque
248 621 328 692 urit.

214 731 340 830 Legati
368 729 495 804 deinde
508 730 684 805 Abiorum
704 730 919 832 Scytharum
944 731 1209 832 superveniunt,
1232 730 1317 820 liberi,

113 871 160 918 ex
186 870 257 942 quo
283 842 485 916 decesserat
504 840 630 943 Cyrus,
656 855 735 917 tum
759 845 933 944 imperata
957 845 1095 918 facturi.
1134 841 1318 943 Iustissimos

112 957 348 1031 barbarorum
367 954 569 1028 constabat:
597 956 704 1028 armis
718 956 955 1048 abstinebant,
969 956 1037 1029 nisi
1050 954 1219 1029 lacessiti:
1242 953 1317 1026 liber-

113 1069 198 1142 tatis
229 1066 370 1140 modioo
406 1078 443 1140 et
475 1069 615 1164 aequali
651 1092 720 1140 usu
753 1066 970 1166 principibus
1005 1066 1210 1140 humiliores
1241 1088 1317 1163 pares

112 1179 279 1253 fecerant.
332 1176 409 1250 Hos
435 1176 588 1276 benigne
615 1180 801 1270 allocutus,
827 1179 874 1252 ad
900 1203 962 1252 eos
989 1175 1159 1277 Scythas,
1194 1177 1250 1274 qui
1270 1174 1343 1248 liu-1²

112 1315 238 1388 ropam
276 1289 453 1383 incolunt,
493 1289 648 1364 Berdam
687 1290 864 1389 quendam
902 1291 999 1362 misit
1032 1315 1079 1364 ex
1113 1287 1246 1378 amicis,
1277 1285 1316 1383 qui

114 1401 342 1476 denuntiaret
367 1401 422 1473 his
429 1456 438 1492 ,
464 1427 510 1475 ne
537 1400 703 1493 Tanaim,
730 1427 872 1475 amnem
896 1402 1066 1500 regionis,
1091 1401 1228 1474 iniussu
1250 1396 1314 1495 regis

112 1514 315 1587 transirent.
368 1511 495 1586 Eidem
527 1514 751 1605 mandatum,
783 1524 825 1586 ut
856 1513 1158 1613 contemplaretur
1190 1510 1315 1583 loconm

116 1627 235 1715 situm,
262 1634 299 1697 et
323 1625 402 1699 illos
429 1651 570 1723 quoque
596 1623 759 1724 Scythas,
787 1624 847 1721 qui
865 1647 981 1721 ,super
1006 1622 1193 1721 Bosporon
1218 1621 1314 1707 colunt,

113 1738 256 1812 viseret.
294 1732 511 1810 Condendae
538 1735 617 1809 urbi
644 1734 766 1810 sedem
792 1759 899 1834 super
910 1736 1026 1833 ripam
1038 1732 1169 1807 Tanais
1183 1733 1313 1829 elegerat
1323 1742 1339 1791 ¹³

114 1989 171 2025 sum
187 1968 351 2025 verisimilius
364 1970 469 2024 videtur
478 1974 540 2026 alio.
561 1970 716 2041 Nam'apud
748 1970 829 2042 vulgo
844 1969 944 2037 editur,
970 1969 1020 2025 nisi
1042 1971 1114 2042 quod
1136 1970 1220 2026 atius
1239 1977 1312 2037 tempu
1352 2010 1354 2015 .

112 2039 254 2095 Arrianum
271 2039 381 2109 legimus
389 2040 548 2094 Macedones
565 2039 670 2093 relictos
687 2039 714 2091 in
747 2038 953 2110 plusquamperf.
975 2038 1109 2094 exhibent.
1144 1989 1187 2094 lili
1206 2038 1259 2093 libri
1274 2050 1312 2106 gre

113 2126 173 2162 arce
190 2106 355 2163 Maracandis
382 2107 496 2161 obsideri
518 2108 714 2178 aSpitamene‚
747 2107 827 2161 vioris
844 2108 899 2161 fere
915 2107 1080 2162 auctoritatis
1099 2118 1170 2177 sunt,
1187 2109 1312 2163 Bemutcr·

112 2177 251 2244 lib.1V,3
275 2185 304 2229 et
326 2183 351 2229 5.
385 2176 453 2229 Rem
478 2178 616 2248 quominus
639 2185 713 2230 certo
749 2193 801 2247 que
818 2176 888 2230 Flor.
905 2176 1008 2230 ABCH
1025 2177 1167 2232 Pariassc
1188 2172 1312 2231 reicula
1351 2168 1354 2189 ¹

113 2246 301 2300 constituamus
327 2245 437 2315 impedit
465 2246 538 2316 quod
563 2247 627 2299 haec
651 2262 714 2315 pars
749 2253 772 2299 1.
791 2253 819 2310 2,
851 2245 896 2298 sed
922 2245 944 2299 si
966 2246 1003 2298 ad
1029 2247 1187 2305 sententiam
1211 2241 1312 2299 absolven-

113 2314 237 2368 historiae
250 2313 362 2368 Diodori
378 2313 465 2384 periit.
748 2314 810 2366 dam
843 2330 909 2367 voce
944 2313 1142 2384 circumscripta
1175 2332 1225 2368 nou
1254 2320 1313 2365 caure

148 2386 170 2452 ᾖ.
191 2391 231 2436 11.
266 2384 307 2435 Ac
328 2385 466 2451 praesidio
484 2381 714 2454 arbic]-Restitui
747 2399 824 2453 posse
841 2382 916 2437 nobis
932 2381 1058 2446 videmur,
1076 2400 1111 2436 ex
1128 2381 1312 2452 alterisfeccmrl

113 2452 182 2533 hanc
205 2450 345 2531 lectionem
355 2452 421 2530 edd.
442 2450 645 2531 principum,'a
662 2468 715 2520 qua
747 2451 836 2521 potius
853 2451 906 2505 reci
925 2450 1030 2504 iendum
1047 2459 1096 2505 est.
1248 2496 1251 2501 .
1282 2512 1299 2566 P

112 2520 714 2658 1111111111ῒὲξέῑὲ11ῐὲ111131
748 2522 886 2641 ,ritib
902 2518 1313 2657 attitt‘tf'ttalltu
1335 2604 1354 2655 ·.

114 2658 187 2728 quasi
209 2659 272 2710 urbs
293 2657 457 2710 defendenda
477 2656 570 2710 fuisset
592 2656 715 2709 adversus
748 2655 823 2709 Idem
836 2657 1031 2718 bomorocatur
1042 2656 1088 2711 lib.
1099 2672 1161 2725 vm,
1173 2664 1219 2725 1,7
1236 2652 1315 2708 uada
1351 2660 1354 2727 ξ

113 2727 212 2794 hostes,
230 2744 283 2778 non
300 2726 356 2795 ipsa
372 2727 435 2779 urbs
452 2725 478 2797 in
496 2732 630 2796 potestate
646 2724 715 2806 regis
748 2723 846 2795 Itaque
863 2726 916 2799 lul.
933 2727 1050 2779 Berdum
1068 2724 1167 2798 scripsi
1183 2727 1315 2779 Veaatr·
1352 2734 1354 2757 ²

112 2794 263 2861 retinenda;
285 2793 310 2846 le
330 2793 383 2847 'tur
400 2801 487 2846 autem
504 2795 577 2846 urbis
595 2793 623 2845 in
640 2792 714 2846 Laid.
750 2793 822 2846 ditur
839 2795 964 2848 Paridem
981 2795 1116 2861 exhibere,
1134 2793 1246 2849 Pariac
1262 2803 1315 2871 pfl·

112 2864 191 2917 Voss.
210 2871 234 2931 1,
252 2869 278 2930 2,
321 2862 380 2915 aris.
398 2861 455 2917 AC.
473 2861 544 2915 Flor.
562 2861 714 2915 DEFGHI.
750 2864 811 2914 dam
828 2861 936 2929 omittit,
955 2863 1100 2916 nec'Bern.
1117 2864 1143 2916 A
1161 2864 1238 2916 habet
1252 2869 1316 2912 mut·

147 2934 275 2985 Abiorum
297 2933 462 3001 Scytharum]
501 2928 638 2982 Editiones
660 2929 717 3000 pria
749 2948 783 2981 m.
809 2947 861 2985 rec.
887 2948 966 3000 super
991 2930 1093 2984 lineam.
1133 2931 1202 2985 Tum
1226 2931 1262 2983 lic
1284 2936 1316 2997 110

112 3017 171 3054 mae
192 3008 220 3053 et
237 2999 313 3053 codd.
330 3017 390 3052 mss.
413 3001 541 3052 Auloram
560 2999 715 3066 Scytharum
749 2997 821 3067 vulg.
839 3001 877 3052 eia
890 3017 978 3052 omnes
991 2999 1103 3067 codices,
1120 2988 1317 3070 praetermis

113 3077 220 3139 praeter
249 3068 320 3121 Flor.
343 3068 385 3130 B,
411 3084 445 3120 ex
476 3085 528 3137 quo
554 3065 623 3120 libro
650 3066 715 3119 nihil
749 3066 840 3136 inquo
858 3076 898 3119 est
916 3069 953 3121 eis
970 3067 1129 3136 etFlor.H,
1147 3064 1318 3136 Bemmat,

113 3155 130 3190 a
154 3144 262 3208 recepta
287 3136 416 3206 scriptura
441 3134 572 3189 diversum
598 3142 715 3188 notatur.
750 3134 795 3204 qui
813 3136 837 3187 ci
854 3135 962 3203 habent,
979 3135 1088 3189 ulons
1106 3138 1167 3190 biis.
1201 3128 1318 3189 Tamus

113 3207 154 3258 Ea
171 3215 259 3258 autem
276 3204 353 3258 lunio
370 3211 398 3256 et
413 3203 506 3258 Modio
523 3202 644 3269 debetur,
670 3203 715 3273 qui
750 3211 778 3255 et
806 3221 866 3256 mss.
897 3213 926 3257 et
956 3203 1020 3256 editi
1050 3206 1097 3276 qai
1118 3223 1204 3275 saper
1227 3204 1319 3270 somn

112 3271 714 3394 1111311ξὲ.1111111111511113.
748 3264 1318 3410 it¹tttttttnattaldulttttt

112 3409 141 3462 in
158 3407 329 3462 annotatione
344 3381 470 3463 execut’us
492 3359 547 3475 esi,
572 3407 714 3462 Arrianum
748 3359 887 3462 edendaii
913 3427 988 3479 saper
1008 3381 1146 3478 Bosporion
1168 3411 1261 3474 colum,
1281 3398 1318 3474 pli·

114 3476 223 3530 laudans
251 3475 317 3530 libro
341 3493 381 3530 1v.
408 3495 450 3548 pr.
479 3477 556 3550 παρὰ
585 3479 714 3531 Σκυθῶν
747 3496 819 3530 mum
851 3479 922 3547 quod
949 3476 1054 3531 Curtius
1086 3496 1140 3533 non
1171 3478 1235 3532 solet
1261 3482 1318 3542 smil

114 3551 175 3598 τῶν
186 3544 290 3611 Ἀβίων
308 3545 394 3599 καλου
417 3551 500 3598 ἔνων·
520 3543 712 3615 οῧςκαὶὍμη-
747 3545 798 3598 nisi
818 3563 878 3599 cum
899 3548 991 3600 Aecus.
1014 3545 1173 3618 coniungere
1194 3544 1247 3617 (qui
1263 3540 1317 3605 Vbi

113 3633 162 3686 poc
173 3612 259 3683 (Iliad.
269 3627 332 3681 xm,
344 3620 372 3684 t)
387 3567 583 3668 dinumerare
596 3613 713 3688 ἀνθρώ·
748 3614 776 3667 in
802 3615 893 3668 eadem
922 3631 951 3668 re
983 3632 1062 3684 saper
1087 3617 1231 3684 Bosporma
1256 3610 1318 3665 colo!

114 3700 186 3738 πους
214 3681 303 3735 εἰπών
325 3688 357 3735 ἐν
380 3689 414 3755 τῇ
437 3683 548 3750 ποιήσει
558 3683 715 3756 *imperaram
749 3682 875 3749 dixerat),
893 3690 950 3736 tum
965 3685 1035 3754 quod
1049 3685 1161 3738 incolere
1179 3680 1316 3736 nonium·

117 3752 231 3804 Οἰκοῦσι
245 3747 275 3802 δὲ
293 3756 323 3803 ἐν
340 3757 373 3823 τῇ
387 3753 463 3817 Ἀσίᾳ
478 3757 524 3804 καὶ
538 3754 618 3805 οὑτοι
630 3752 715 3806 αὐτό-
750 3751 841 3817 sitive,
867 3760 899 3805 ut
922 3751 1042 3818 dicimus,
1069 3753 1116 3805 sed
1133 3736 1316 3806 accusarem

113 3839 210 3888 νομοι,
242 3821 292 3886 οὐχ
313 3817 412 3886 ἥκιστα
434 3816 480 3872 διὰ
501 3826 604 3872 πενίαν
621 3826 716 3874 τεκαὶ
749 3818 851 3872 adiecto
867 3819 910 3872 Vel
928 3818 1123 3888 subintellecto,
1150 3834 1255 3892 quorum
1271 3824 1315 3865 W

114 3885 287 3953 δικαιότητα.
331 3888 461 3942 Homerus
492 3897 581 3941 autem
617 3887 716 3956 ἀβίουα
750 3897 819 3941 trum
837 3887 889 3941 h.l.
907 3887 947 3955 iit,
965 3897 1114 3959 usurpatur.

114 3957 220 4010 dixerat
244 3973 385 4028 pauperes,
417 3957 464 4010 sed
489 3956 589 4027 posteri
609 3975 658 4028 pro
676 3957 715 4011 rio
785 3959 807 4024 ξ.
824 3963 863 4010 13.
902 3957 1058 4010 Condendae
1075 3958 1136 4010 arbi
1152 3958 1232 4010 sedem
1245 3944 1313 3998 -dr

112 4025 218 4079 nomine
240 4026 277 4079 sic
297 4036 403 4079 vocatos
426 4033 591 4095 acceperuut.
625 3976 716 4079 Liiieri
768 4034 831 4078 erat.
872 4025 938 4078 Urbi
965 4041 1014 4094 pro
1039 4025 1111 4106 vulg.
1137 4025 1208 4077 ardis
1229 4036 1258 4074 cx
1275 4024 1311 4089 ⁸⁰9

113 4102 143 4146 et
151 4095 257 4161 facturi
269 4093 440 4164 grammatice
454 4094 610 4146 adverbum
627 4096 716 4174 lopati,
748 4043 821 4146 dlor.
844 4093 870 4145 Α
896 4092 983 4164 recepi
1007 4093 1042 4146 ob
1072 4090 1255 4146 similitudinem
1276 4080 1310 4133 1⁰⁰

113 4162 246 4216 sententia
273 4163 306 4215 ad
333 4170 453 4232 gentem,
480 4163 553 4215 cuius
574 4161 613 4214 illi
635 4161 717 4231 legatr
750 4178 829 4232 supra
846 4179 867 4215 c.
879 4169 920 4228 14,
939 4167 981 4228 23,
1004 4160 1101 4233 inquo
1118 4144 1308 4230 scribendoopill
1346 4162 1352 4175 '

112 4240 200 4297 erant,
218 4230 375 4284 referuntur.
412 4230 452 4283 cf.
469 4245 499 4298 v,
518 4236 560 4296 28,
580 4237 603 4284 6.
749 4248 802 4283 non
819 4228 932 4296 variant,
950 4237 977 4282 et
994 4229 1062 4282 infra
1079 4248 1135 4301 cap.
1145 4235 1185 4295 40,
1195 4231 1229 4280 15.
1246 4220 1307 4292 Idm:

144 4300 311 4367 praecepitur
328 4301 477 4352 hamiliorcs
513 4316 573 4351 oras
582 4300 715 4367 secarunt.
748 4316 805 4351 ram
828 4297 898 4351 enim
919 4297 1048 4351 sibilatam
1069 4315 1104 4351 ex
1125 4291 1305 4367 sequentum

113 4363 178 4417 Mss.
196 4366 294 4435 partim
311 4369 459 4420 humiliores
470 4317 602 4437 dcerunt,
619 4366 715 4420 omissa
748 4365 875 4437 principio
897 4383 1083 4439 saepenumero
1099 4362 1194 4420 retrahi
1209 4366 1232 4413 ei
1244 4344 1304 4420 d”li‘

112 4447 179 4486 socc
195 4433 290 4501 media,
311 4434 405 4506 partim
424 4453 508 4505 pares
524 4442 657 4506 jeceram,
684 4444 715 4488 ut
748 4434 802 4489 cari
818 4443 931 4489 constat.
967 4434 1006 4489 cl.
1023 4433 1093 4488 infra
1109 4434 1143 4488 ad
1158 4436 1223 4496 etl,
1236 4426 1267 4477 2⁸·
