2926 5174
407 266 410 271 ’
455 287 505 338 66
531 285 658 338 snsrrs
689 286 799 337 Anax.
825 288 862 357 v,
890 285 933 337 1³.
1256 268 1329 343 185

91 495 188 546 mxx
223 469 339 544 stadia
370 470 558 569 procurrit.
609 468 690 542 Hoc
725 469 872 543 dorsum
899 495 920 542 a
947 466 1107 543 Caucaso
1134 479 1257 543 monte
1282 469 1331 544 ad

91 584 237 655 rubrum
268 605 364 653 mare
394 581 567 678 pertinet3
602 605 743 677 quaque
778 580 908 653 defecit
933 604 1054 669 mone,
1089 580 1187 653 aliud
1218 584 1331 655 muni·

91 703 265 782 uentum,
291 693 439 782 fretum,
466 692 645 764 obiectum
671 701 736 764 est.
789 691 960 764 Planities
987 689 1117 763 deinde
1143 690 1210 764 sub
1237 694 1329 766 radi-

91 804 185 875 :ibus
211 802 388 874 montium
414 803 574 900 spatiosa
599 801 819 900 procumbit,
845 800 971 874 fertilis
999 811 1112 891 terra,
1139 803 1331 901 multisque

91 913 173 986 vicis
200 923 310 1008 atque
335 912 485 986 urbibus
510 913 688 1010 frequens.
740 911 884 985 Araxes
912 912 1026 985 amnis
1053 939 1119 1010 per
1143 913 1211 986 hos
1238 939 1331 986 cam·

91 1049 149 1122 pos
177 1024 374 1096 multorum
400 1050 512 1120 aquas
539 1025 754 1097 torrentium
780 1024 917 1098 evolvit
942 1023 980 1095 in
1005 1021 1170 1096 Medum:
1202 1022 1331 1098 Medus

91 1135 130 1207 ad
156 1160 258 1207 mare
286 1134 333 1207 ad
359 1135 544 1208 meridiem
569 1160 696 1208 versus
703 1191 712 1225 ,
744 1135 862 1206 minor
889 1133 1003 1206 amnis
1030 1157 1073 1205 eo
1100 1158 1207 1229 quem
1233 1160 1331 1208 acce·

91 1247 152 1344 pit,
186 1246 367 1336 evehitur,
399 1244 673 1344 gignendaeque
707 1245 841 1318 herbae
877 1269 952 1316 non
987 1243 1076 1321 alius
1113 1253 1169 1316 est
1204 1245 1331 1342 aptior,

91 1356 253 1452 quicquid
289 1357 391 1429 alluit
415 1356 563 1429 floribus
589 1357 758 1429 vestiens.
806 1353 949 1428 Platani
976 1378 1119 1451 quoque
1145 1364 1182 1426 et
1207 1356 1330 1453 populi

95 1477 284 1564 contegunt
308 1467 423 1564 ripas,
459 1468 510 1540 ita
544 1478 585 1540 ut
610 1467 737 1565 procul
771 1465 971 1540 visentibus
999 1465 1209 1538 continuata
1234 1465 1331 1540 vide·

98 1588 191 1651 antur
216 1578 402 1651 montibus
428 1603 577 1652 nemora
601 1577 771 1675 riparum.
824 1574 965 1674 Quippe
997 1576 1232 1677 obumbratus
1259 1604 1331 1650 am-

98 1690 143 1761 nis
173 1715 302 1788 presso
337 1690 375 1762 in
407 1691 523 1762 solum
561 1686 665 1763 alveo
701 1688 885 1778 dilabitur,
920 1689 1177 1785 imminentque
1212 1690 1329 1780 colles,

103 1800 157 1897 ipsi
169 1825 313 1898 quoque
326 1799 513 1874 frondibus
540 1800 636 1889 laeti,
649 1792 788 1872 radices
815 1824 940 1873 eorum
966 1801 1116 1873 humore
1143 1799 1329 1873 subeunte.

103 1908 196 2008 Regio
222 1937 299 1983 non
326 1912 395 1983 alia
421 1921 499 1983 tota
524 1911 613 1984 Asia
640 1911 816 1985 salubrior
842 1909 1013 1982 habetur:
1048 1919 1226 2008 temperat
1253 1935 1330 1984 coe-

104 2020 161 2092 lum
191 2022 277 2095 hinc
310 2033 524 2119 perpetuum
555 2023 679 2120 iugum
717 2047 870 2118 opacum
902 2031 939 2094 et
971 2012 1195 2112 umbrosum,
1233 2023 1330 2119 quod

108 2143 204 2205 aestus
241 2134 358 2222 levat,
393 2132 489 2205 illinc
519 2159 617 2207 mare
644 2133 871 2223 adiunctum,
907 2133 1005 2229 quod
1037 2132 1179 2206 modico
1205 2143 1331 2232 tepore

108 2251 199 2316 terras
226 2245 338 2317 fovet.

110 2413 170 2484 prod,
190 2412 236 2464 sed
264 2411 306 2463 ita
326 2417 356 2462 ut
373 2409 450 2463 sinnrl
468 2409 547 2463 ctiam
564 2409 693 2463 montium
727 2427 787 2463 cum
805 2409 929 2463 mendose
947 2410 1074 2482 scriptum
1091 2409 1241 2466 existimare
1252 2413 1332 2466 debe-

109 2492 153 2545 ruga
171 2480 265 2550 quibus
290 2478 402 2532 efficitur
419 2478 605 2549 significentur.
641 2478 694 2533 Ce-
727 2487 769 2531 ret
788 2481 885 2549 (apro
902 2482 951 2546 od)
970 2479 1119 2533 intextum
1136 2480 1243 2551 recepit.
1262 2482 1332 2536 Hinc

109 2550 173 2600 terum
188 2550 280 2601 studia
300 2563 331 2600 eo
348 2547 406 2600 loco
419 2547 504 2616 posui,
517 2565 569 2617 quo
581 2547 693 2600 verbum
727 2546 778 2599 levi
797 2547 961 2600 correctione
987 2548 1106 2601 adhibita
1124 2548 1274 2604 Raderiano
1291 2550 1332 2603 iu·

109 2609 182 2682 legitur
198 2617 226 2669 in
244 2616 379 2669 codicibus
397 2615 526 2682 omnibus,
541 2633 600 2668 cum
615 2624 694 2668 antea
727 2615 805 2685 genio
826 2615 927 2686 prodiit
947 2616 1019 2685 vulg.
1043 2634 1060 2669 u
1082 2619 1152 2669 muri
1169 2625 1197 2670 et
1215 2621 1253 2670 ud
1268 2637 1331 2672 mer.
1392 2652 1400 2661 -

109 2691 150 2798 port
179 2685 298 2754 priorem
334 2701 473 2736 numerum
513 2684 692 2738 collocaretur.
727 2701 817 2737 versas
845 2684 916 2737 omni
939 2701 1018 2736 sensu
1036 2684 1170 2737 destituta.
1207 2685 1332 2740 Ceterum

125 2768 146 2802 ro
165 2770 193 2806 eo
235 2755 290 2806 uod
312 2761 352 2805 est
387 2755 514 2819 recurrit,
532 2752 560 2805 in
577 2753 691 2806 ruore
727 2752 761 2804 de
778 2752 818 2804 his
836 2752 956 2805 amnibus
974 2769 1119 2821 eorumque
1145 2752 1172 2805 iu
1195 2771 1267 2806 mare
1286 2755 1331 2807 de-

108 2813 201 2874 DEFHI
245 2839 303 2874 ern.
323 2821 344 2873 B
363 2771 460 2887 frigitur
472 2823 614 2890 percurrit.
636 2821 692 2874 Pro
727 2839 813 2886 cursu,
843 2820 866 2873 si
882 2838 960 2874 verus
979 2829 1034 2888 est,
1063 2821 1097 2873 cf.
1115 2820 1215 2873 Ritteri
1233 2820 1291 2875 Geo
1325 2862 1332 2875 .

109 2885 248 2942 latitudinem
267 2889 296 2942 in
312 2889 385 2942 Flor.
404 2889 430 2942 A
448 2889 551 2942 Voss}
571 2897 613 2942 est
630 2892 692 2943 ulti·
725 2888 821 2959 prioris
839 2888 901 2940 edit.
920 2896 983 2940 tom.
1001 2904 1026 2940 11
1054 2907 1081 2958 p.
1102 2895 1149 2942 102
1169 2906 1207 2958 squ
1242 2889 1287 2942 Ηο
1308 2891 1331 2944 ’6

109 2958 207 3026 tudinem,
218 2966 352 3026 corrupte.
369 2959 549 3011 Latitudinem
565 2957 691 3028 intelligit
728 2957 834 3026 quidem
852 2956 980 3009 orientem
997 2973 1088 3008 versus
1100 2957 1128 3008 in
1138 2956 1223 3009 lacum
1233 2957 1331 3012 salsum

109 3035 167 3101 quam
182 3043 308 3097 superare
326 3027 424 3079 debent
442 3025 488 3096 qui
505 3027 538 3079 ab
552 3027 690 3080 occidente
725 3033 841 3091 exeunt,
869 3025 903 3079 cf.
924 3023 1039 3077 eiusdem
1059 3024 1144 3094 operis
1163 3042 1256 3078 novam
1275 3027 1330 3079 edi-

108 3102 213 3148 onentem
236 3112 329 3147 versus
352 3096 483 3161 tendunt,
509 3112 570 3147 narn
586 3103 690 3148 montes
725 3092 823 3148 tionem
840 3101 904 3145 tom.
921 3107 1020 3163 V111p.
1041 3099 1098 3145 766.
1117 3099 1176 3146 866.
1206 3142 1209 3146 Α

106 3153 147 3213 llos
161 3165 193 3215 ad
210 3165 322 3217 rubrum
339 3179 426 3230 mare,
452 3162 477 3215 h.
499 3178 522 3216 6.
546 3163 580 3215 ad
604 3164 690 3216 sinum

106 3221 226 3304 fenicum,
246 3231 382 3283 meridiem
399 3249 490 3284 versus
507 3231 640 3301 pertinere
650 3231 689 3284 di·
724 3265 740 3317 h

106 3303 136 3347 tlt
173 3299 310 3353 luterioris
336 3299 452 3352 Persidis
478 3309 578 3352 montes
609 3300 689 3352 ulium

105 3367 195 3420 trucum
219 3369 319 3421 habere
341 3386 358 3420 a
381 3385 432 3438 geo
481 3367 538 3438 pbis
556 3370 688 3422 docemur.

129 3451 217 3512 quoque
245 3439 339 3506 defecit
363 3385 481 3506 76665Γῇ
493 3436 580 3506 Vulgo
604 3439 689 3502 deficit

105 3499 178 3569 mur,
197 3507 243 3559 sed
263 3522 312 3557 nos
330 3522 401 3557 nunc
420 3508 439 3558 d
465 3507 514 3556 ecit
527 3505 688 3558 restituimus

103 3573 306 3694 geppe-
330 3581 358 3626 ..
381 3507 555 3627 ...t....
572 3576 598 3627 Α
615 3572 688 3625 ...
722 3537 838 3660 aar
854 3537 1329 3676 tietmarterritur

759 3198 782 3264 ξ.
811 3201 835 3248 8.
879 3196 951 3247 clueo
982 3195 1119 3261 dilabitur]
1170 3194 1330 3251 Coniectura

743 3280 790 3317 sec
817 3279 874 3316 esse
902 3261 1025 3332 principis
1060 3262 1181 3318 editionis
1214 3264 1329 3335 videtur,

723 3351 785 3386 nam
808 3330 869 3399 libri
893 3330 955 3383 meti
977 3348 1067 3384 omnes
1094 3349 1168 3384 umbe
1193 3334 1329 3402 dilabitur,

723 3403 770 3455 sed
796 3401 867 3454 bona
894 3407 921 3452 et
938 3400 972 3452 ad
995 3399 1150 3453 sententiam
1167 3410 1238 3472 apta.
1275 3401 1329 3456 Sed

723 3469 796 3522 nulla
814 3486 893 3523 causa
910 3476 951 3520 est
969 3486 1015 3521 cur
1032 3470 1172 3523 verborum
1183 3470 1328 3539 collocatio,

126 3712 145 3772 S.
163 3718 184 3763 7.
219 3713 319 3763 Medus
341 3714 378 3764 ad
400 3727 473 3763 more
496 3713 533 3763 ud
553 3711 688 3763 meridiem
757 3713 780 3778 ς.
799 3716 823 3762 9.
860 3717 984 3776 temperat
1010 3711 1116 3776 coelum]
1152 3708 1233 3762 Parui
1256 3711 1328 3763 eodi-

102 3788 172 3831 rerms
194 3811 228 3819 -
255 3781 377 3847 evehitur]
418 3778 463 3832 Sic
489 3786 529 3831 est
556 3778 584 3831 in
612 3777 686 3830 Leid.
722 3779 796 3832 cibus
813 3776 918 3847 optimis
936 3776 1132 3830 BernAFlor.
1145 3779 1195 3830 AB
1214 3777 1327 3832 etLeid.

101 3840 158 3898 Voss.
177 3855 188 3900 l
209 3847 284 3900 Flor.
303 3848 350 3899 AB
368 3849 450 3900 Bern.
468 3848 506 3913 A;
533 3846 560 3898 in
578 3845 687 3916 reliquis
721 3850 798 3901 Voss.
818 3854 830 3898 1
853 3847 1090 3924 (typographorum
1113 3862 1229 3898 errorem
1252 3854 1326 3898 ratus

101 3915 185 3968 ttedd.
202 3923 270 3969 vett.
288 3914 352 3968 item
368 3919 406 3968 ad
422 3932 495 3968 utare
514 3915 685 3984 quidem,sed
723 3916 794 3984 quod
812 3914 839 3966 iu
857 3914 919 3966 edu.
939 3913 1020 3967 Snak.
1039 3930 1072 3965 ex
1090 3912 1122 3965 iis
1141 3920 1247 3965 notatur
1264 3922 1327 3965 tem·

100 3982 142 4032 tum
157 3983 210 4036 fere
229 3986 310 4036 etad
329 4002 391 4037 mer.
413 4001 533 4036 reversus
556 3983 639 4048 (Flor.
657 3981 684 4034 D
716 4001 784 4052 pera
804 3985 922 4048 coelum).
949 3982 1038 4051 Vulgo
1055 3980 1136 4050 paulo
1155 3981 1260 4050 quidem
1278 3982 1326 4034 ab·

99 4040 150 4101 EHI
165 4052 247 4104 Bern.
270 4051 308 4117 B)
333 4060 378 4105 aut
404 4062 428 4106 et
449 4053 541 4104 merid.
565 4069 685 4104 reuersas
720 4051 831 4122 ruptim,
850 4050 899 4103 etsi
909 4068 962 4104 non
974 4050 1060 4102 minus
1069 4055 1148 4114 recte,
1159 4058 1328 4117 temperatum

101 4112 168 4179 (Flor.
190 4119 214 4172 F
239 4119 329 4172 Patr
353 4125 429 4173 Voss.
448 4127 463 4172 2
487 4119 550 4172 edit.
568 4124 619 4191 pr.)
639 4125 686 4171 aut
721 4122 826 4186 coelum,
846 4120 893 4172 sed
909 4116 1124 4188 interpunctione
1141 4124 1245 4169 mutata
1260 4117 1328 4172 hano

100 4197 143 4236 tum
158 4192 193 4240 ud
216 4190 310 4240 merid.
336 4206 456 4241 reuersas
481 4187 563 4252 (Flor.
583 4189 618 4254 C)
638 4193 686 4239 aut
720 4197 837 4242 nostram
861 4187 1018 4256 scripturam
1042 4183 1174 4253 elegantia
1191 4193 1328 4254 praestare

101 4258 119 4299 et
132 4257 162 4305 ud
176 4274 239 4308 mer.
259 4273 347 4310 verum
372 4256 456 4324 (Flor.
477 4255 502 4308 G
520 4257 582 4310 edit.
600 4255 685 4320 ald).
720 4257 796 4309 facile
813 4255 918 4308 sentias.
942 4254 1075 4322 (Mediusz
1098 4253 1182 4320 Recto
1199 4270 1251 4305 non
1268 4256 1326 4308 clia

100 4311 187 4391 Medius
205 4324 233 4376 in
253 4322 306 4375 suis
324 4342 351 4377 se
364 4324 497 4377 invenisse
510 4325 598 4392 tradit,
616 4327 686 4394 quod
721 4334 773 4378 tota
803 4324 872 4377 Asia
905 4325 1037 4375 salubrior
1064 4330 1187 4388 temperat
1212 4323 1327 4374 coelam:

99 4397 123 4435 111
135 4391 222 4444 nostris
240 4391 311 4446 Flor.
330 4392 385 4448 ΒΗ
402 4400 452 4461 est,
471 4410 488 4447 a
505 4411 586 4464 mare,
604 4401 686 4463 atque
719 4396 779 4447 hiric
791 4399 947 4462 perpetuum
964 4391 1027 4460 cet.)
