2984 5176
490 587 537 692 Q.
576 586 805 674 GURTII
842 589 999 675 RUFI

718 797 768 848 DE

623 953 873 1023 GESTIS

241 1171 849 1294 ALEXANDRI
904 1172 1239 1293 MAGNI

526 1415 653 1471 REGIS
680 1415 963 1474 MACEDONUM

627 1604 769 1670 LIBER
786 1605 851 1672 IX.

583 2080 904 2144 ARGUMENTUM.

197 2288 238 2356 (1)
256 2286 408 2339 Alexander
431 2285 518 2354 (Μαὶο
541 2301 625 2338 mense
646 2286 748 2336 incaute
766 2301 791 2336 a.
809 2301 834 2336 α.
856 2282 919 2336 Chr.
936 2291 991 2336 not.
1009 2285 1081 2354 326.)
1105 2284 1220 2341 victoria
1242 2289 1275 2341 de
1291 2286 1356 2341 Poro

127 2364 156 2418 in
172 2363 299 2418 ulteriore
316 2361 375 2432 ripa
391 2361 525 2432 Hydaspis
545 2364 633 2431 (hodie
650 2362 796 2424 Dachilum)
813 2367 959 2430 reportata,
981 2359 1078 2415 milites
1096 2380 1148 2432 pro
1167 2364 1294 2418 contione
1309 2365 1357 2417 lau·

128 2443 175 2494 dat
193 2439 323 2508 donisque
341 2447 432 2506 emat,
459 2454 540 2491 naves
562 2436 590 2490 in
607 2437 735 2508 Hydaspe
758 2437 875 2491 construi
900 2437 988 2504 iubet,
1013 2439 1077 2492 duas
1101 2441 1185 2492 urbes
1206 2440 1236 2494 in
1255 2448 1358 2511 utruque

127 2517 185 2589 ripa
209 2516 348 2584 (Nicaeam
376 2523 404 2568 et
426 2514 616 2584 Bucephalam)
640 2512 738 2569 condit.
775 2517 814 2580 (2)
844 2513 914 2565 Tum
934 2513 1008 2568 Poro
1037 2531 1114 2569 amne
1137 2525 1275 2587 superato,
1301 2520 1358 2587 (sisa

127 2595 213 2648 Porus
231 2610 322 2646 nomen
334 2592 392 2662 fuit
409 2593 500 2660 repuli,
524 2608 654 2644 commune
671 2592 740 2643 illud
757 2593 858 2661 quidem
875 2608 931 2643 cum
949 2593 1031 2644 altero
1048 2593 1129 2660 Poro,
1148 2602 1174 2646 et
1196 2597 1282 2648 amnis
1300 2595 1358 2647 Ace-

126 2674 207 2739 sines,
226 2673 355 2758 quincue
376 2669 478 2722 otinas
496 2668 615 2736 vocatur)
634 2683 685 2737 per
702 2666 781 2720 silvas
799 2666 922 2736 ingentes
940 2684 971 2722 ac
988 2669 1094 2722 deserta
1111 2669 1147 2722 ad
1164 2669 1276 2724 fluvium
1292 2671 1358 2741 Hya-

128 2749 207 2802 rotim
233 2748 288 2801 sive
308 2747 467 2816 Hydraoten
494 2746 585 2811 (bodie
610 2744 701 2812 Bassi)
728 2751 860 2813 penetrat,
887 2760 972 2815 eoque
998 2744 1121 2813 traiecto,
1150 2749 1195 2816 (3)
1217 2748 1252 2800 ad
1274 2749 1359 2801 urbem

126 2843 250 2897 magnam
267 2832 296 2877 et
312 2822 438 2876 munitam
457 2820 595 2892 (Sangala)
614 2820 697 2888 venit,
716 2818 787 2873 cuius
805 2818 917 2887 incolae,
936 2838 994 2874 cum
1010 2820 1120 2874 sortiter
1136 2823 1357 2878 adversusMsce-

127 2904 211 2956 dones
229 2903 263 2954 de
280 2899 408 2955 vehiculis
432 2899 502 2952 inter
523 2915 552 2951 se
573 2896 668 2951 iunctis
692 2905 872 2967 pugnassent,
898 2861 961 2950 ihde
985 2897 1088 2967 depulsi
1110 2898 1184 2953 intra
1207 2901 1314 2955 mochis
1332 2918 1357 2955 se

126 2979 264 3051 recipiunt.
298 2979 400 3031 Verum
417 2975 480 3028 urbs
499 2990 605 3046 quoque
622 2972 649 3027 vi
667 2982 842 3045 expugnatur.
878 2976 919 3045 (4)
943 2973 1035 3044 Copiis
1060 2974 1152 3029 divisis
1175 2975 1254 3048 regio
1278 2986 1357 3031 vasta·

126 3063 182 3122 tur,
126 3052 388 3108 turAlexander'
382 3069 440 3123 ipse
457 3051 535 3104 aliam
552 3051 659 3118 urbem,
687 3053 721 3104 ab
745 3051 839 3105 incolis
861 3050 980 3104 interae
1004 3050 1198 3107 dissidentibus
1221 3054 1356 3126 proditam,

127 3130 207 3202 capit,
226 3139 254 3184 et
271 3129 409 3182 obsidibus
428 3128 574 3181 clementer
591 3127 717 3196 tractatis,
735 3128 866 3181 barbaros
884 3126 1035 3193 (Gathaeos)
1052 3138 1211 3199 permovet,
1229 3139 1261 3185 ut
1277 3140 1357 3186 cetera

126 3208 226 3278 oppida
250 3208 357 3259 dedant.
393 3210 432 3270 (5)
464 3203 565 3258 Inde'
558 3222 587 3256 1n
609 3221 721 3275 regnum
742 3203 862 3275 Sopithis
885 3206 1057 3273 (Σωπείθην
1079 3210 1199 3275 appellat
1220 3210 1356 3273 Diodonst)

126 3283 209 3350 venit,
238 3283 310 3336 cuins
336 3281 422 3352 gentis
453 3279 584 3351 sapientia
613 3281 768 3345 excellentis
798 3279 919 3334 instituta
949 3291 1201 3337 commemorantur.
1246 3284 1356 3357 Regulus

126 3359 264 3431 magnifice
281 3366 389 3412 ornatus
408 3356 564 3410 Alexandro
583 3357 706 3423 occurrit,
724 3377 754 3412 se
771 3366 932 3429 gentemque
950 3375 1024 3410 suam
1041 3360 1144 3413 dedens
1163 3370 1193 3416 et
1210 3364 1284 3418 dona
1300 3363 1356 3418 offe·

125 3453 195 3503 rens,
222 3438 263 3504 (6)
282 3435 351 3488 inter
368 3451 435 3506 quae
454 3443 482 3488 et
499 3450 577 3488 canes
595 3434 716 3503 suerunt,
741 3433 1032 3506 quorumadmirabilis
1053 3434 1137 3489 virtus
1161 3440 1358 3495 advenarum

126 3511 292 3567 describitur.
326 3511 432 3566 Relicto
451 3511 564 3583 Sopithe
590 3511 625 3563 ad
641 3476 783 3583 Hyphasin
804 3528 920 3580 amnem,
948 3511 1068 3564 ultimum
1090 3529 1125 3565 ex
1147 3512 1181 3568 iis
1204 3517 1251 3589 qui
1272 3518 1357 3573 Indum

127 3597 239 3660 augent,
267 3605 362 3659 agmen
380 3587 513 3658 procedit3
540 3590 629 3658 (hodie
645 3592 698 3643 siue
717 3592 807 3660 chah
825 3592 877 3643 siva
896 3590 1018 3643 Setlctsch
1037 3600 1160 3658 cccmus,
1181 3596 1357 3665 characenque

125 3669 209 3720 amnis
227 3683 333 3733 nomen,
357 3668 499 3719 coniunctis
516 3668 606 3736 aquis,
629 3669 743 3721 evincere
760 3668 881 3731 volueris)
897 3665 1021 3736 Phegous
1044 3667 1155 3738 regulus
1172 3668 1285 3726 uictoris
1300 3672 1355 3727 fidei

127 3760 185 3798 sese
202 3740 341 3813 permittit.
378 3746 418 3808 (7)
437 3740 593 3795 Alexander
609 3760 668 3796 cum
682 3751 710 3797 et
722 3744 792 3797 hunc
810 3759 914 3796 amnem
930 3741 1053 3796 traiicere
1070 3754 1193 3814 pararet,
1211 3748 1356 3819 axPhageo

128 3828 157 3874 et
172 3820 244 3874 Poro
265 3817 403 3889 cognoscit
426 3819 459 3871 de
481 3817 633 3900 ingentibus
655 3819 737 3908 copiis
756 3819 967 3890 Gangaridarum
990 3828 1018 3873 et
1039 3820 1214 3892 Prasiorum,
1242 3826 1355 3897 adquae

131 3913 181 3967 per
198 3895 354 3950 solitudines
372 3894 494 3949 undecim
511 3887 616 3949 dierum
637 3895 733 3949 itinere
754 3905 931 3967 perventurus
948 3905 1033 3965 esset,
1061 3899 1152 3969 deque
1173 3918 1242 3973 rege
1263 3903 1356 3957 illorum

130 3975 280 4045 Agramme.
315 3977 409 4043 Itaque
426 3972 562 4043 perpensis
579 3972 620 4026 rei
637 3973 850 4041 difficultatibus,
875 3968 934 4028 ciun
951 3937 1100 4043 dubit’aret,
1118 3994 1185 4031 num
1201 3979 1355 4033 Macedone

124 4049 212 4121 ipsum
229 4048 343 4103 secuturi
361 4057 465 4116 essent,
494 4052 535 4118 (8)
560 4048 687 4103 contione
709 4052 852 4118 advocata,
879 4051 985 4105 elevare
1006 4052 1113 4121 studet,
1140 4070 1213 4125 quae
1236 4056 1272 4109 ab
1292 4050 1354 4109 Indu

124 4126 223 4181 iactata
241 4133 326 4194 erant,
344 4125 439 4178 salsam
455 4126 612 4196 plerumque
630 4127 728 4179 samam
745 4142 805 4180 esse
823 4127 978 4195 docens,‘l
950 4132 978 4197 (9
979 4130 993 4197 )
1010 4145 1062 4183 noc
1078 4128 1102 4183 si
1119 4146 1189 4185 vera
1204 4130 1253 4187 illa
1268 4132 1353 4219 fcrtula

125 4203 255 4268 timenda,
282 4201 408 4290 quoniam
431 4201 495 4256 olim
516 4210 544 4256 et
568 4203 723 4272 elephantos
745 4211 773 4256 et
794 4202 916 4274 peditum
936 4203 1108 4277 equitumque
1128 4208 1260 4265 maximas
1276 4206 1353 4281 cop‘ffl

125 4278 204 4332 facile
221 4277 341 4333 vicerint.
376 4280 435 4348 (10)
454 4279 522 4333 Orat
540 4278 667 4349 denique,
696 4286 727 4332 ut
748 4297 807 4334 cum
829 4281 864 4333 ad
884 4280 965 4334 finem
988 4288 1078 4335 terrae
1096 4290 1126 4337 et
1145 4285 1285 4341 Oceanum
1303 4300 1352 4355 pas·

127 4353 260 4422 venerint,
287 4355 357 4408 hunc
384 4354 504 4408 ultimum
529 4356 649 4410 laborem
675 4371 710 4408 ne
736 4355 874 4424 omittant,
901 4373 970 4412 neve
992 4373 1022 4412 se
1045 4358 1185 4418 deserant
1220 4362 1281 4435 (ll)
1297 4360 1351 4416 Gn!
