2926 5174
121 280 193 350 358
590 301 624 362 o.
653 300 778 351 ouaru
803 300 887 351 aum

117 509 196 555 rum
223 508 349 581 greges
375 485 472 557 clusi.
526 480 709 580 Spatiosas
737 482 783 555 ad
809 484 878 556 hoc
904 483 1041 581 eligunt
1067 484 1200 574 silvas,
1231 482 1345 557 crebris
1358 504 1378 550 1²

119 595 328 691 perennium
354 619 528 690 aquarum
553 593 712 666 fontibus
739 618 927 683 amoenas;
966 595 1078 667 muris
1113 620 1265 668 nemora
1291 595 1347 666 cin·

116 715 260 801 guntur,
286 716 474 801 turresque
501 705 636 778 habent
660 707 869 778 venantium
895 708 1136 804 receptacula.
1188 703 1348 795 Quattuor
1360 728 1378 773 rr

117 817 293 889 continuis
320 816 497 889 aetatibus
523 818 697 890 intactum
724 818 855 890 saltum
881 818 989 890 fuisse
1016 819 1237 909 constabat3
1263 843 1349 914 quern

117 928 324 1001 Alexander
363 954 444 1000 cum
482 939 561 1000 toto
600 930 760 1002 exercitu
795 930 993 1026 ingressus,
1033 930 1173 1027 agitari
1213 928 1349 1025 undique

116 1041 210 1112 feras
236 1041 348 1113 iussit.
401 1039 499 1110 Inter
525 1065 613 1136 quas
641 1065 721 1111 cum
746 1041 803 1112 leo
829 1039 1090 1136 magnitudinis
1119 1065 1229 1113 rarae
1254 1039 1350 1137 ipsun
1361 1059 1378 1104 14

116 1175 237 1247 regem
263 1152 452 1223 invasurus
479 1151 692 1240 incurreret,
731 1153 825 1225 forte
851 1151 1110 1249 Lysimachus,
1156 1152 1220 1249 qui
1247 1159 1350 1248 postes

115 1263 295 1359 regnavit,
335 1263 521 1359 proximus
552 1262 777 1354 Alexandro,
819 1263 1038 1336 venabulum
1076 1262 1242 1335 obiicere
1273 1263 1349 1334 lerae

117 1383 292 1470 coeperat.
346 1371 426 1462 Quo
452 1398 518 1445 rex
544 1375 688 1471 repulso
714 1385 752 1446 et
777 1374 874 1446 abire
905 1374 1019 1463 iusso,
1057 1372 1216 1464 adiecit,
1250 1384 1347 1446 tamt

117 1495 230 1557 semet
275 1510 347 1556 uno
395 1510 502 1582 quam
540 1510 562 1556 a
600 1483 813 1583 Lysimacho
857 1484 996 1556 leonem
1042 1485 1208 1557 interfici
1256 1508 1346 1582 posse

115 1593 349 1693 Lysimachus
376 1596 470 1668 enim
496 1596 676 1692 quondam
708 1622 789 1668 oum
821 1605 1014 1686 venaretur
1046 1596 1088 1668 in
1118 1593 1246 1694 Syria,
1282 1594 1369 1668 ord-¹⁶

117 1706 220 1777 derat
246 1705 389 1802 quidem
416 1706 566 1780 eximiae
593 1706 847 1806 magnitudinis
872 1705 985 1777 feram
1012 1708 1138 1798 solue,
1174 1707 1242 1780 sed
1266 1708 1344 1780 laevo

115 1818 265 1890 humero
291 1842 403 1913 usque
431 1817 477 1889 ad
504 1843 586 1890 ossa
617 1820 793 1891 laceratus
826 1815 872 1888 ad
903 1817 1069 1890 ultimum
1108 1819 1261 1916 periculi
1289 1840 1342 1915 per·
1377 1842 1379 1849 ·

116 1938 275 2001 venerat.
328 1928 370 2000 Id
387 1931 504 2026 ipsum
523 1930 745 2027 exprobrans
767 1930 800 2001 ei
821 1954 896 2017 roX,
923 1929 1062 2019 fortius,
1093 1957 1211 2026 quam
1229 1931 1366 2004 locutas

117 2050 186 2127 cst,
223 2039 315 2110 fecit.
368 2039 459 2112 Nam
485 2041 597 2112 feram
622 2066 697 2113 non
723 2041 863 2138 excepit
893 2039 1018 2130 modo,
1058 2040 1129 2112 sed
1157 2040 1267 2114 etiam
1289 2063 1337 2112 uno

115 2152 264 2223 vulnere
291 2150 428 2223 occidit.
469 2151 651 2242 Fabulam,
679 2178 769 2248 quae
796 2153 974 2226 obiectum
999 2152 1098 2224 leoni
1116 2179 1141 2224 a
1160 2178 1248 2251 rege
1263 2151 1336 2250 Lysi·

115 2262 281 2334 maehum
307 2273 441 2336 temere
467 2264 639 2361 vulgavit,
667 2263 712 2335 ab
736 2290 779 2336 eo
798 2290 893 2352 casu,
920 2288 1026 2360 quem
1053 2287 1169 2360 supra
1198 2264 1333 2349 diximus,

117 2384 233 2446 ortam
273 2401 351 2447 esse
392 2375 612 2448 crediderim.
666 2372 833 2448 Ceterum
865 2372 1100 2463 Macedones,
1143 2395 1332 2471 quamquam

116 2511 287 2583 prospero
321 2498 453 2560 eventu
485 2487 673 2558 defunctus
705 2496 782 2558 erat
807 2485 1029 2575 Alexander,
1066 2495 1192 2558 tamen
1224 2486 1330 2558 scivere

116 2597 232 2696 gentis
260 2622 349 2670 suae*
372 2625 480 2690 more,
507 2624 553 2671 ne
575 2608 638 2671 aut
664 2596 773 2695 pedes
795 2608 996 2687 venaretur,
1023 2608 1087 2669 aut
1108 2597 1188 2669 sine
1212 2594 1351 2669 delectis·

150 2833 332 2902 Cap.2,§.ll.
357 2836 535 2902 prepesclusr]
563 2832 718 2902 Scripsimus
754 2839 766 2885 1
787 2840 815 2884 et
832 2831 902 2884 Flor.
917 2832 940 2884 F
958 2841 1113 2896 occurreret,
1141 2833 1215 2902 quod
1231 2829 1327 2886 Heinsius

115 2905 180 2954 clusi
196 2921 246 2972 pro
263 2901 333 2971 vulg.
345 2904 430 2954 clausi
447 2919 480 2954 no
494 2901 557 2972 quid
571 2902 640 3020 puod
655 2901 718 2954 boni
753 2899 907 2953 coniecerat.

114 2971 190 3023 codd.
209 2970 366 3022 exhiberent
384 2971 501 3039 quamvis
517 2985 576 3022 avu
586 2968 642 3039 gari
657 2987 718 3022 con-
787 2972 860 3036 §.15¹
897 2971 1026 3021 occiderat
1040 2969 1159 3040 quidem]
1182 2965 1327 3040 Vulgoorrit

114 3038 252 3092 suetudine
267 3047 405 3105 remotum,
424 3039 571 3092 tolleretur.
607 3037 719 3091 Constat
752 3036 818 3089 titur
835 3038 953 3107 quidem,
979 3040 1050 3106 quod
1071 3053 1132 3089 cum
1155 3039 1190 3090 ad
1207 3035 1327 3092 senten&

114 3116 201 3159 autern
219 3110 334 3170 cludere,
358 3110 444 3160 clusus
462 3118 565 3160 veteres
582 3123 662 3174 saepe
679 3106 718 3158 di·
752 3117 871 3158 tenorem
888 3123 943 3159 non
960 3104 1078 3174 ineptum
1095 3104 1146 3173 sit,
1169 3123 1205 3159 ex
1222 3105 1326 3161 euicto

114 3175 196 3241 xisse,
225 3184 254 3228 et
275 3177 374 3227 dudum
398 3178 466 3245 apud
488 3183 606 3229 nostrum
628 3189 666 3238 vr,
686 3182 716 3227 16
752 3175 807 3226 fere
833 3174 951 3226 omnibus
976 3191 1034 3226 oum
1059 3172 1153 3228 Modio
1183 3175 1325 3229 restituimus

11 3243 19 3257 '
114 3243 202 3295 editur
220 3247 335 3309 cludunt,
357 3250 459 3313 nosque
476 3244 525 3314 ipsi
545 3246 651 3296 cludunt
669 3261 717 3313 pro
752 3243 849 3310 (Abest
866 3251 954 3294 autem
971 3259 987 3293 a
1004 3241 1074 3294 Flor.
1085 3241 1157 3310 BC.)
1180 3244 1235 3298 Sed
1251 3247 1327 3298 lasus

113 3311 184 3379 vulg.
215 3315 371 3365 concludunt
402 3313 559 3382 optimorum
590 3311 717 3364 librorum
753 3321 805 3364 tum
822 3329 884 3364 mox
901 3312 1027 3363 mendose
1044 3310 1166 3365 scribunt
1183 3312 1256 3366 Leid.
1272 3313 1326 3367 vm

113 3378 184 3431 iussu
208 3380 355 3449 scripsimus
373 3395 402 3446 V,
421 3389 446 3448 2,
467 3388 506 3434 15.
542 3381 621 3450 Apud
639 3379 717 3432 Taci-
754 3379 900 3432 1Bern.A
918 3379 988 3432 Flor.
1004 3378 1037 3431 A.

113 3454 170 3498 tum
188 3447 276 3500 editur
293 3449 320 3500 in
329 3448 433 3503 diales
448 3451 571 3515 cluditur,
589 3447 716 3501 inGerm.
786 3451 808 3515 ᾗ.
821 3453 860 3500 18.
886 3450 972 3517 pensis
986 3464 1050 3499 suae
1065 3466 1146 3516 more,
1165 3467 1197 3502 ne
1214 3460 1259 3503 aut
1269 3449 1326 3520 pods

113 3521 147 3567 45
165 3518 314 3583 cluduntur,
333 3516 404 3570 Hist.
414 3533 434 3584 1,
453 3526 484 3573 33
505 3519 596 3584 cludit,
616 3518 663 3569 sed
677 3525 717 3568 ta-
751 3520 900 3584 uenaretur]
942 3516 1064 3568 Turbant
1087 3517 1113 3568 h.
1127 3517 1146 3570 l.
1169 3519 1272 3572 codices
1285 3531 1326 3571 m

113 3599 173 3635 men
196 3587 317 3637 claudere
340 3594 368 3638 et
390 3588 459 3656 apud
477 3587 597 3639 Tacitum
621 3593 662 3637 est
688 3592 717 3637 et
751 3584 869 3636 Primum
878 3600 968 3637 omnes
978 3601 1083 3649 morem,
1098 3584 1327 3656 frequentimuiw

112 3653 181 3721 apud
192 3661 272 3705 nostr.
282 3661 372 3720 v111,5
389 3659 494 3708 clausae
507 3672 586 3707 aures
600 3653 627 3705 in
641 3653 715 3706 libris
750 3670 847 3705 errore.
876 3653 946 3705 Tum
956 3653 1029 3722 quod
1041 3653 1123 3733 vulgo
1137 3655 1225 3708 editur
1232 3673 1263 3708 ne
1267 3654 1327 3726 prb

112 3721 231 3774 omnibus
254 3731 323 3775 suut.
360 3723 402 3776 Of.
419 3724 529 3793 interpr.
553 3724 586 3775 ad
604 3722 659 3776 cic.
682 3724 715 3773 de
749 3732 887 3775 venaretur
903 3722 931 3774 in
949 3721 1020 3773 nullo
1038 3723 1129 3776 oodrce
1148 3723 1252 3793 legitur,
1267 3719 1326 3776 udin

112 3798 164 3842 nat.
184 3792 256 3842 deor.
272 3806 303 3856 11,
323 3799 366 3858 39,
386 3799 444 3844 100.
473 3792 575 3843 Duker.
593 3792 627 3843 ad
643 3790 714 3843 Flor.
749 3789 806 3842 aliis
829 3799 871 3842 est
894 3807 954 3842 uum
976 3799 1012 3842 ut.
1029 3793 1094 3856 ped.
1121 3809 1211 3847 venor.
1233 3803 1274 3847 αα
1289 3791 1326 3844 siat

111 3871 155 3923 111,
166 3865 207 3912 20.
225 3858 375 3912 Priscianus
389 3860 494 3929 quidem
512 3860 579 3912 libro
587 3874 616 3925 X,
626 3876 653 3927 p.
664 3864 713 3912 889
749 3860 864 3923 delectis,
882 3858 952 3917 Flor.
965 3857 1086 3910 ACGHI
1103 3859 1187 3914 Bern.
1201 3861 1233 3925 B,
1249 3856 1325 3914 incl!

111 3925 219 3980 Putsch.
239 3930 332 3980 claudo
351 3931 389 3980 uel
406 3931 490 3995 cludo,
509 3928 554 3993 ait,
574 3929 658 3980 clausi
675 3930 715 3979 vel
749 3945 810 3978 nom
828 3929 978 3978 ut—buud
993 3926 1075 3978 Bern.
1087 3927 1112 3979 A
1129 3928 1260 3983 Pronus
1274 3925 1325 3981 ut

112 3996 186 4047 clusi.
213 3995 365 4048 Auctoritas
383 3995 464 4066 igitur
482 3996 600 4050 codicum
617 3995 644 4046 in
662 3995 714 4047 sin·
749 3995 824 4049 Voss.
841 4003 862 4047 1.
878 4002 893 4048 2
911 3994 991 4046 Pall
1013 4000 1117 4064 (neque
1142 3997 1213 4051 enim
1231 3998 1264 4051 ad
1280 3997 1326 4049 lat

112 4062 179 4130 gulis
196 4063 260 4116 locis
278 4072 419 4133 spectetur.
445 4066 531 4117 Extat
549 4072 637 4116 autem
656 4063 681 4115 h.
696 4064 713 4116 l.
749 4080 804 4116 rem
826 4063 954 4132 pertinet,
979 4070 1070 4114 utrum
1093 4077 1201 4120 cenaret
1223 4084 1255 4120 an
1275 4078 1325 4118 m

112 4133 178 4182 clusi
194 4131 222 4183 in
240 4132 310 4184 Flor.
320 4132 397 4185 ABG
413 4134 530 4186 Bern.A
543 4133 653 4196 Vossl,
673 4133 713 4183 ed.
749 4142 855 4184 ruretur
883 4131 1008 4184 mendose
1040 4130 1068 4182 in
1103 4133 1201 4188 horum
1223 4126 1324 4189 nonnffi

112 4198 186 4251 Mod.
204 4199 235 4251 In
255 4218 306 4253 uno
316 4201 418 4256 Frons
438 4210 479 4254 est
497 4204 588 4264 clorrsr',
607 4199 634 4251 in
644 4208 714 4252 cete·
750 4199 905 4268 scribatur):
924 4199 951 4251 in
968 4199 1106 4254 unoFlor.
1116 4202 1141 4255 B
1152 4212 1196 4258 est
1209 4204 1261 4259 sine
1274 4214 1324 4255 um

111 4265 146 4318 ris
165 4269 260 4319 inclusi
267 4308 272 4326 ‚
300 4270 370 4338 quod
393 4271 499 4322 videtur
521 4277 549 4321 et
573 4268 658 4337 ipsum
680 4269 714 4320 ad
749 4279 777 4321 ut
792 4272 875 4337 pedes
899 4277 1049 4333 venaretur,
1073 4271 1152 4326 saud
1168 4275 1225 4327 aine
1243 4267 1321 4329 aaut

112 4335 398 4402 probandarnveterem
407 4338 564 4407 scripturam
573 4335 713 4406 pertinere.
750 4338 821 4406 quod
839 4354 873 4389 ex
897 4335 936 4389 his
958 4334 1138 4392 varietatibus
1162 4341 1237 4397 unice
1303 4346 1321 4386 Ι

147 4405 169 4468 §.
181 4410 220 4454 14.
242 4422 326 4472 repens
336 4408 475 4460 invasurus
485 4407 638 4471 incurreret]
656 4404 713 4456 Pal.
749 4405 856 4475 probari
869 4412 960 4475 potest
972 4411 1054 4474 atque
1068 4407 1218 4465 exbrbetur
1229 4355 1319 4464 ald&
