2926 5174
483 302 532 353 ιιιι
560 300 686 354 uasms
712 301 822 353 anax.
848 301 913 371 v11,
939 299 982 352 aa
1276 281 1349 354 345

99 486 301 576 haberent,
316 486 507 583 requirens.
550 486 614 577 Illi,
634 487 663 560 si
681 486 726 559 ab
746 487 815 560 alio
833 485 1091 578 occiderentur,
1108 487 1229 560 tristes
1247 488 1350 561 mori-
1396 530 1402 539 ·

101 609 205 672 turos
234 599 351 670 fuisse
377 597 614 696 respondent3
640 625 737 671 nunc
756 625 779 672 a
795 608 898 672 tanto
917 623 1012 696 rege,
1040 600 1176 672 victore
1194 600 1352 672 omnium

102 710 282 808 gentium,
310 711 503 784 maioribus
529 711 601 783 suis
627 710 806 801 redditor,
832 711 1024 784 honestam
1049 720 1217 802 mortem,
1244 736 1352 809 quam

104 822 215 894 fortes
245 821 318 894 viri
350 833 436 896 voto
469 847 609 918 quoque
641 831 868 919 expeterent,
904 821 1120 894 carminibus
1156 823 1210 895 sui
1244 823 1352 895 moris

104 933 318 1030 laetitiaque
352 934 540 1008 celebrare.
593 933 685 1007 Tum
709 959 797 1007 rex:
840 930 971 1016 Quaero
1003 933 1128 1032 deque,
1168 959 1214 1006 nn
1244 934 1353 1008 vivere

91 1045 212 1119 tuelitis
239 1070 311 1120 uon
337 1046 463 1120 inimici
488 1047 579 1139 milri,
605 1047 700 1122 cuius
725 1044 876 1145 beuqtcio
895 1044 1016 1118 visuri
1031 1045 1135 1119 estu?
1176 1044 1240 1137 Illi,
1264 1071 1351 1118 nun·

109 1182 213 1253 quam
252 1182 294 1229 se
327 1157 485 1230 inimicos
518 1159 614 1232 hosti
644 1159 755 1232 fuisse
787 1155 1018 1254 respondent.
1072 1153 1110 1230 Si
1143 1158 1220 1253 quis
1255 1159 1355 1257 ipsos

110 1269 294 1359 beneficio,
322 1294 429 1365 quam
454 1270 583 1343 iniuria
607 1270 761 1367 experiri
787 1267 980 1358 maluisset,
1009 1278 1208 1342 certaturos
1233 1269 1352 1359 fuisse,

91 1397 149 1453 tre
174 1381 413 1455 vincerentur
439 1383 564 1456 officio.
616 1380 920 1479 Interrogatique,
959 1404 1031 1477 quo
1063 1380 1211 1478 pignore
1242 1378 1352 1452 fidem

117 1492 304 1590 obligaturi
331 1495 474 1568 essent?
507 1495 628 1584 vitam,
656 1518 763 1590 quam
789 1491 1001 1588 acciperent,
1029 1491 1170 1589 pignori
1194 1493 1353 1565 futuram

113 1627 183 1678 esse
212 1604 407 1677 dixerunt:
439 1605 654 1695 reddituros
681 1604 896 1701 quandoque
920 1604 1122 1701 repetisset.
1174 1601 1248 1676 Nec
1273 1629 1353 1702 pro-

112 1717 256 1792 missum
275 1716 487 1790 fefellerunt.
527 1714 619 1788 Nam
638 1717 698 1813 qui
722 1716 860 1791 remissi
882 1714 1009 1788 domos
1029 1715 1154 1804 ierant,
1177 1714 1248 1789 fide
1272 1741 1353 1789 con-

114 1828 249 1903 tinuere
274 1829 484 1926 populares;
512 1839 697 1926 quattuor,
723 1829 818 1902 inter
837 1827 1005 1900 custodes
1030 1828 1188 1923 corporis
1213 1828 1352 1919 retenti,

112 1942 193 2013 nulli
221 1939 465 2015 Macedonum
490 1942 527 2012 in
552 1965 674 2038 regem
701 1941 849 2013 caritate
875 1947 1071 2012 cesserunt.

142 2163 163 2229 §.
174 2166 198 2215 8.
226 2177 367 2229 nunquam
381 2162 538 2214 seiuimr'cos
552 2162 715 2230 lostifuissc
750 2168 867 2215 veterem
885 2159 1030 2214 lectionem
1047 2164 1163 2210 mutasse
1179 2155 1297 2224 Medius,
1326 2163 1355 2213 et

112 2231 280 2300 respondent]
307 2229 424 2298 Vulgata
440 2229 519 2283 lectio
535 2238 576 2284 est
589 2229 713 2284 abnldo:
750 2228 883 2300 scripsisse
901 2229 1132 2298 iuterropuntique.
1159 2225 1232 2278 Fecit
1243 2226 1293 2279 hoc
1301 2244 1355 2282 non

112 2316 240 2369 nuquam
259 2315 289 2351 se
309 2299 423 2351 inimicos
441 2300 474 2364 ei,
488 2302 536 2352 sed
552 2301 615 2352 bello
634 2301 716 2352 laces·
750 2297 807 2369 ipse
829 2298 914 2363 solus,
942 2297 988 2350 sed
1011 2303 1113 2356 ceteros
1137 2294 1217 2348 etiam
1239 2294 1355 2349 editores

112 2369 169 2420 sitos
186 2370 277 2421 hostes
290 2367 381 2435 fuisse
399 2385 440 2419 res
459 2370 566 2435 cudent,
594 2385 662 2439 quae
679 2367 716 2421 sic
751 2367 844 2421 habuit
861 2370 1053 2437 obsequentes,
1080 2364 1148 2417 male
1165 2371 1267 2431 tamen,
1294 2366 1355 2418 uam

113 2435 243 2488 invenitur
268 2435 298 2488 iu
325 2434 391 2488 Flor.
411 2385 474 2488 ull
497 2435 582 2489 Pall
612 2444 717 2489 tantum
750 2438 822 2507 quod
845 2435 964 2508 sequitur
987 2438 1108 2488 dixerunt
1131 2433 1223 2486 melius
1246 2433 1354 2487 coniun-

115 2506 180 2584 quod
188 2523 216 2558 se
226 2512 295 2557 ante
310 2505 424 2573 inioricos
435 2503 577 2558 omittitur.
599 2506 631 2558 In
643 2504 716 2575 prin·
750 2505 822 2559 reris
832 2524 891 2558 cum
900 2504 1073 2569 nominativo,
1091 2520 1170 2574 quam
1183 2521 1242 2556 cum
1256 2502 1355 2570 dativa

114 2572 573 2643 crpibnsVind.etMerulaefuerat:
586 2590 717 2642 nunquam
751 2592 801 2628 nec
822 2573 877 2627 ullu
899 2572 969 2627 ratio
994 2580 1036 2626 est
1059 2590 1105 2626 cur
1127 2570 1245 2626 codicum
1265 2571 1354 2638 lectio,

114 2659 139 2694 se
152 2645 268 2696 inimicos
284 2642 319 2705 ei,
337 2644 385 2693 sed
401 2643 464 2694 bello
479 2644 611 2696 lacessitos
625 2661 653 2696 se
667 2645 717 2695 iui-
751 2651 902 2697 nostrorum
911 2640 1018 2712 quidem
1028 2640 1144 2694 omnium
1159 2650 1266 2721 praeter
1275 2659 1356 2694 unum

114 2712 186 2764 muns
209 2711 284 2764 tosti
301 2710 403 2778 juisse,
431 2727 498 2780 quae
524 2712 617 2764 eodem
637 2711 717 2764 modo
751 2709 870 2765 FlonG
892 2711 969 2780 (item
987 2709 1121 2765 Snakenb.
1139 2715 1219 2762 trruin
1241 2718 1355 2780 praeter-

114 2778 140 2832 in
156 2778 226 2832 Leid.
246 2786 276 2830 et
295 2778 389 2830 eodem
405 2779 473 2845 fere,
491 2781 536 2831 sed
554 2778 592 2832 ita
609 2787 640 2832 ut
657 2790 717 2850 post
752 2798 830 2860 quam
857 2780 931 2849 quod
957 2779 985 2832 in
1006 2779 1114 2832 Vosst
1136 2785 1177 2831 est
1202 2779 1356 2848 interrogati

115 2849 268 2901 eiaddatur
287 2864 358 2911 esse,
376 2846 402 2899 in
421 2847 490 2901 Flor.
508 2850 532 2900 G
549 2848 716 2901 exhibentur.
752 2866 807 2902 sme
826 2847 931 2918 copula)
949 2848 1146 2918 posthabentur.

114 2914 166 2969 Alii
181 2919 229 2970 sed
247 2918 316 2970 bello
335 2917 466 2970 lacessitos
484 2919 599 2971 inimicos
617 2917 716 2986 fuisse,
786 2919 941 2989 quaudoque
958 2917 1103 2984 repetisset]
1133 2916 1291 2985 Quandoque
1308 2933 1356 2985 pro

114 2993 145 3037 nt
161 3001 174 3038 e
189 2985 263 3039 Flon
282 2982 351 3036 liber
369 2983 399 3038 Ο.
434 2988 532 3038 Verum
548 2984 640 3056 reliqui
658 2984 721 3038 boni
757 2987 961 3054 ‚quouscunque
987 2983 1088 3037 dictum
1113 2982 1299 3036 illustravimus
1328 2984 1356 3037 iu

114 3052 190 3107 Bern,
207 3056 235 3107 A
262 3052 337 3105 Flor.
355 3051 403 3106 AB
430 3053 539 3107 Voss]
566 3062 593 3107 et
617 3060 723 3125 praeter
756 3004 847 3106 elram.
870 3062 961 3106 nostra
982 3051 1030 3104 lat.
1048 3055 1070 3120 §-
1084 3057 1142 3105 288.
1179 3050 1357 3106 Consentiunt

114 3121 456 3241 ⁶⁰⁸F¹⁰faffiflmffiu⁰m
473 3140 501 3175 se
519 3125 636 3176 inimicos
654 3124 722 3176 tosti
755 3131 846 3174 autem
871 3122 897 3173 h.
911 3120 929 3172 l.
954 3119 1045 3190 optimi
1068 3119 1095 3173 in
1117 3119 1238 3174 breviore
1264 3120 1355 3187 forma,

108 3190 208 3260 fuisse,
241 3190 291 3243 sed
315 3208 343 3241 m
396 3191 477 3243 or.A
499 3191 660 3246 etVoss.1
689 3207 720 3242 aa
754 3209 815 3244 cum
841 3204 888 3255 nr,
907 3195 1006 3254 austu
1024 3196 1053 3241 et
1069 3203 1103 3256 rr,
1128 3196 1159 3243 26
1197 3196 1228 3244 10
1274 3188 1357 3244 lenior

114 3275 181 3340 quae
198 3258 263 3312 huic
282 3257 389 3310 lectioni
403 3259 436 3311 ad
450 3258 647 3312 similitudinem
664 3258 720 3311 edi·
754 3257 911 3313 auctoritate
922 3257 992 3311 Flor.
1003 3257 1052 3310 AB
1062 3266 1155 3311 contra
1170 3230 1245 3312 bald.
1254 3207 1330 3312 loss.
1342 3265 1354 3311 1

113 3336 212 3381 nonum
233 3324 386 3398 principum
413 3335 440 3379 et
462 3328 557 3381 codicis
579 3328 654 3381 Leid.
672 3327 719 3378 de·
753 3332 824 3381 Bcrn
833 3327 867 3380 A.
877 3327 1041 3379 defendatur.
1067 3326 1156 3380 Etiam
1170 3327 1222 3380 h.l.
1257 3329 1357 3381 nando-

113 3403 175 3449 sunt
196 3399 220 3448 ei
241 3398 292 3448 sed
314 3395 376 3447 bello
399 3397 532 3450 lacessitos
554 3415 581 3450 se
599 3397 729 3449 inimicos·
754 3413 853 3467 cunque
883 3403 925 3448 est
951 3395 979 3448 in
1005 3395 1077 3449 Flor.
1100 3394 1203 3450 caGH
1231 3346 1311 3450 gem.
1333 3395 1356 3448 B

112 3463 411 3534 inmergineleguntur.
430 3464 719 3533 (Bernssbrevissime
754 3467 901 3535 eodemque
935 3463 1054 3536 pertinet
1079 3465 1157 3518 Voss.
1185 3472 1199 3518 2
1232 3466 1358 3518 mendosa

113 3534 161 3586 sed
187 3541 317 3612 corrupte
342 3550 471 3612 uunquam
495 3536 580 3587 hostes
603 3536 717 3602 ‚suisseq
753 3535 883 3589 scritura
918 3551 1084 3604 uomcunque.
1110 3533 1180 3587 Edd.
1192 3542 1259 3587 vett.
1273 3550 1358 3604 usque
1396 3541 1399 3547 '

112 3603 219 3672 Anceps
236 3600 321 3671 igrtur
337 3599 457 3655 iudicium
474 3602 537 3668 erit,
563 3603 662 3655 velisne
679 3601 718 3653 ita
753 3605 787 3656 ad
838 3604 880 3656 od.
899 3552 998 3655 liabent
1015 3606 1128 3673 quando.

112 3668 274 3724 Leidensem
293 3668 380 3738 sequi,
406 3677 437 3723 ut
459 3687 518 3722 cum
536 3671 607 3724 Aldo
624 3687 718 3724 rorem
778 3673 838 3741 fide
860 3673 1007 3725 continuere
1053 3673 1185 3738 oulares]
1221 3670 1358 3742 Praeposi-

113 3740 244 3803 im'micos,
262 3740 389 3806 tanquam
406 3755 420 3790 e
437 3739 557 3808 proximo
569 3756 599 3792 re
618 3739 718 3805 etitam,
754 3741 855 3796 tionem
874 3739 971 3812 primus
988 3689 1091 3795 aalide
1101 3739 1216 3807 Medius,
1235 3756 1293 3794 cum
1310 3755 1359 3793 nec

113 3807 218 3873 deleas,
246 3823 281 3858 an
299 3806 453 3887 contemptis
475 3824 544 3877 quae
561 3808 589 3860 in
629 3808 675 3861 lor.
694 3808 719 3859 Α
753 3809 781 3862 in
799 3807 959 3864 editionibus
981 3826 1029 3889 nec
1050 3807 1077 3860 in
1094 3807 1226 3862 codicibus
1244 3805 1358 3928 antiquis

113 3877 252 3929 “ww
275 3873 310 3926 ³⁶
327 3891 470 3943 ”mem
487 3876 720 3997 wtttttlttt:
753 3876 1360 4014 ledlftilll'llllibwidlesl‘rlid

113 3951 171 4009 tur,
184 3942 336 3996 breviorem
345 3951 491 3997 ceterorum
500 3963 532 3998 co

114 4029 178 4065 nem
194 4011 318 4081 probare.
351 4012 439 4076 Atque
461 4013 515 4066 hoc
534 4013 597 4066 mibi
615 4013 721 4084 quidem
754 4031 827 4081 xxx,
838 4022 872 4070 20
890 4017 987 4086 oppida
996 4015 1095 4068 Bruttii
1112 4013 1173 4083 cyri
1190 4013 1275 4082 magis
1284 4021 1360 4080 metu,

113 4079 259 4134 videbatur
279 4094 337 4131 esse
358 4080 520 4134 tutissimum.
555 4081 654 4134 Dicunt
672 4078 721 4150 igi-
755 4103 834 4155 quam
842 4087 902 4151 fide
920 4086 1127 4138 continebuntur.
1150 4079 1250 4135 Contra
1266 4081 1362 4147 infide

114 4155 162 4202 Μ
180 4145 324 4215 S⁰gdl³¹¹is
346 4149 496 4203 s0⁰11111i¹10
514 4150 611 4203 bellum
628 4166 720 4220 gerere
756 4155 889 4208 continere
917 4153 1005 4208 nescio
1032 4168 1066 4203 an
1093 4166 1222 4218 nusquam
1251 4146 1361 4214 dicatur,
1457 4183 1462 4193 .

116 4216 204 4270 solere
228 4232 280 4267 non
302 4213 418 4284 inimice,
441 4225 469 4270 et
491 4236 550 4272 curn
567 4219 720 4272 Alexandro
756 4220 840 4277 habet
867 4224 937 4277 enim
959 4224 1090 4276 absonum
1112 4216 1220 4287 aliquid.
1257 4216 1310 4270 Pro
1331 4234 1363 4270 eo

118 4283 165 4354 qui
188 4283 305 4353 ipsorum
327 4283 407 4338 bostis
428 4286 563 4354 extiterit,
591 4288 675 4340 nullas
693 4304 721 4340 se
756 4292 830 4365 quod
856 4300 898 4345 est
924 4292 1025 4356 ierant,
1058 4286 1086 4340 in
1112 4286 1185 4341 Flor.
1207 4284 1298 4340 DFGI
1323 4291 1364 4339 est

118 4351 240 4422 privatas
256 4350 401 4408 inimicitius
418 4355 524 4408 habere.
756 4370 843 4425 erunt,
861 4360 932 4431 quod
951 4358 1022 4412 haud
1040 4355 1218 4425 spernendum
1235 4353 1346 4408 videtur.

155 4422 181 4487 §-
200 4426 226 4473 9·
259 4421 465 4492 ²'²¹²0tr⁰.ucttt'q2ee]
502 4423 575 4480 Dicit
602 4442 629 4479 se
651 4424 720 4491 hauc
790 4432 861 4483 iuter
874 4429 993 4483 custodes
1006 4427 1135 4494 rumoris]
1158 4423 1364 4495 Intelligendum
