2926 5174
106 279 154 350 88
484 338 487 345 .
575 299 608 361 o.
637 297 871 349 euasurum
935 343 938 347 .

102 494 244 582 gentes,
271 480 318 552 ad
344 505 409 552 sua
434 480 636 577 perduxere
661 481 813 579 navigia,
840 480 969 577 quibus
995 481 1189 554 occidtatis
1216 478 1333 557 Sidona

104 594 245 667 devecti
276 602 370 664 sunt.
424 587 633 680 Quindecim
666 592 764 663 milia
793 592 863 664 hoc
894 591 991 663 farto
1024 591 1212 665 subducta
1237 596 1332 668 saevi·

102 705 173 777 tiae
206 712 299 776 sunt.
354 700 606 798 Quantumque
641 702 824 799 sanguinis
855 703 977 774 fusum
1010 703 1076 794 sit,
1112 705 1178 776 vel
1205 729 1252 777 ex
1275 705 1330 779 hoc
1343 722 1364 773 lt

104 814 284 888 aestimari
317 824 453 912 potest,
495 811 593 909 quod
626 813 721 885 intra
755 813 978 885 munimenta
1008 813 1110 886 urbis
1149 838 1219 886 sex
1252 817 1331 889 milia

103 935 323 997 armatorum
353 923 533 998 trucidata
564 933 658 995 sunt.
711 922 828 996 Triste
865 922 993 997 deinde
1020 926 1271 1021 spectaculum
1292 928 1329 1000 vi·
1342 943 1360 989 Π

102 1037 260 1108 ctoribus
286 1037 339 1108 ira
364 1034 530 1134 praebuit
554 1035 659 1131 regis.
711 1032 794 1106 Duo
820 1035 935 1125 milia,
960 1035 998 1107 in
1024 1035 1159 1130 quibus
1187 1037 1330 1110 occiden-

103 1146 156 1218 dis
183 1146 361 1219 desecerat
386 1146 523 1236 rabies,
558 1145 723 1217 crucibus
750 1145 849 1218 affixi
879 1146 1098 1243 peringens
1124 1146 1244 1220 liton’s
1269 1174 1329 1246 spa-

100 1258 190 1329 tium
221 1256 479 1355 pependerunt.
533 1253 880 1351 Carthaginiensium
912 1256 1039 1352 legatis
1066 1258 1252 1353 pepercit,
1284 1259 1358 1331 ada

99 1366 175 1440 dita
201 1367 470 1439 denuntiatione
496 1366 589 1455 belli,
610 1365 708 1461 quod
733 1367 974 1461 praesentium
998 1389 1124 1438 rerum
1151 1370 1328 1442 necessitas

98 1489 309 1551 moraretur.

46 1593 96 1662 20
202 1587 318 1686 Tyros
354 1586 506 1682 septimo
541 1608 680 1676 mense,
720 1612 827 1683 quam
862 1588 1060 1684 oppugnari
1097 1599 1234 1686 coepta
1258 1600 1358 1680 erata

97 1709 203 1796 capta
238 1707 308 1788 est,
347 1697 435 1769 urbs
470 1706 507 1769 et
545 1705 727 1769 vetustate
761 1698 906 1795 originis
939 1709 976 1770 et
1008 1698 1140 1771 crebra
1179 1703 1326 1774 fortunae

95 1810 270 1882 varietate
303 1807 351 1881 ad
381 1807 591 1878 memoriam
628 1808 848 1904 posteritatis
879 1807 1036 1904 insignis.
1107 1806 1266 1884 Condita
1291 1813 1325 1884 ab
1343 1835 1356 1843 ··

95 1918 264 2017 Agenore
300 1918 362 1991 diu
392 1942 507 2007 mare,
544 1943 619 1989 non
651 1918 808 1991 vicinum
838 1917 964 2008 mode,
999 1918 1065 1991 sed
1100 1921 1325 2020 quodcunque

97 2031 227 2103 classes
263 2031 339 2103 eius
374 2028 557 2117 adierunt,
593 2026 741 2100 dicionis
769 2055 854 2102 suae
879 2029 972 2101 fecit.
1025 2027 1075 2100 Et
1102 2031 1135 2101 si
1162 2033 1277 2106 famae
1296 2033 1324 2104 li-

94 2141 158 2213 bet
185 2140 340 2230 credere,
374 2141 465 2213 haec
490 2163 579 2235 gens
606 2139 743 2211 litteras
770 2140 885 2236 prima
911 2149 974 2211 aut
1000 2137 1136 2230 docuit,
1165 2155 1230 2216 aut
1255 2143 1324 2215 didi·
1368 2194 1370 2245 :

96 2251 154 2324 cit.
223 2248 392 2322 Coloniae
427 2260 524 2321 certe
562 2249 637 2321 eius
669 2275 783 2347 paene
815 2251 902 2323 orbe
935 2259 1013 2322 toto
1050 2249 1209 2326 diffusae
1241 2264 1370 2326 sunere

97 2357 278 2456 Carthago
303 2360 342 2431 in
368 2360 499 2448 Africa,
526 2359 562 2429 in
589 2359 739 2432 Boeotia
753 2360 908 2449 Thebae,
923 2356 1043 2432 Gades
1072 2361 1121 2432 ad
1144 2361 1322 2440 Oceanum.
1367 2402 1370 2443 :

97 2468 215 2542 Credo
241 2471 355 2542 libero
381 2479 621 2541 commeantes
653 2471 744 2542 mari
776 2471 986 2567 saepiusque
1014 2469 1188 2547 adeundo
1216 2475 1323 2549 ceteris
1368 2460 1370 2527 ἶ

95 2581 294 2677 incognitas
321 2589 446 2669 terras,
473 2581 621 2678 elegisse
649 2579 752 2653 sedes
778 2581 970 2669 iuventuti,
1008 2607 1080 2677 qua
1115 2594 1207 2657 tunc
1232 2588 1323 2660 abun·

96 2690 250 2763 dabant:
278 2690 354 2763 sive
381 2691 464 2787 quia
490 2692 622 2764 crebris
648 2692 805 2765 motibus
832 2702 959 2779 terrae,
985 2716 1071 2762 nam
1097 2694 1171 2768 hoc
1199 2721 1323 2795 quoque

95 2883 182 2948 nibus,
201 2883 248 2936 sed
265 2891 360 2936 contra
376 2882 502 2935 librorum
516 2902 576 2937 mss.
592 2901 702 2938 consen·
735 2899 818 2953 genus
843 2882 1013 2936 masculinum
1038 2889 1156 2940 tuentur
1187 2898 1216 2943 et
1239 2888 1326 2942 Livium

19 3015 21 3019 y
96 2970 162 3005 sum.
205 2951 411 3017 Restituendum
442 2960 483 3004 est
509 2955 643 3006 occultatis
670 2961 701 3005 ut
735 2951 772 3004 sic
794 2968 873 3021 saepe
897 2951 992 3003 dixisse
1020 2951 1100 3004 docet
1123 2955 1214 3010 Drak.
1234 2959 1264 3010 ad
1287 2955 1322 3008 lib.

95 3020 166 3072 idem
183 3019 309 3073 orationis
324 3019 471 3073 subiectum
484 3029 604 3074 maneat:
623 3021 701 3075 Sido·
733 3034 854 3085 xxxvn,
886 3027 919 3074 39
951 3026 1019 3071 extr.
1062 3019 1160 3077 Etiam
1189 3024 1325 3080 Curtianum

94 3088 132 3141 nii
151 3088 286 3142 subductis
304 3098 333 3141 et
346 3088 441 3156 celatis
452 3088 594 3158 Tyriorum
611 3089 701 3142 multis
734 3088 814 3141 habes
831 3095 917 3154 111‚4
942 3089 1130 3143 Barcanorum
1157 3096 1268 3162 equium
1286 3095 1326 3146 duo

92 3158 203 3210 domum
220 3165 397 3210 reverterunt.
733 3158 807 3208 milio
817 3160 913 3227 suere,
932 3158 1030 3209 armati
1043 3165 1094 3210 cet.
1116 3159 1159 3213 cf.
1171 3163 1326 3230 adrx,14,5.

165 3228 187 3292 §-
208 3232 247 3278 16.
274 3228 314 3277 vel
338 3243 368 3276 ea
386 3228 433 3277 hoc
451 3227 588 3278 aestimari
601 3227 699 3294 potest]
769 3225 991 3294 Cap.20,§.19.
1012 3226 1108 3297 Tyros]
1135 3228 1243 3285 Graeca
1258 3231 1327 3284 sonna

93 3292 185 3360 Vulgo
203 3294 229 3345 h.
247 3291 265 3346 l.
287 3293 434 3345 existimari
457 3292 536 3344 solita
554 3302 699 3345 commuta·
733 3293 759 3346 in
777 3293 858 3346 Bern.
876 3299 900 3345 A
918 3293 991 3346 Flor.
1008 3293 1057 3345 AB
1076 3294 1156 3350 Leid.
1176 3300 1255 3353 Voss.
1270 3306 1281 3352 1
1297 3304 1327 3350 eat

93 3359 168 3412 tione
186 3360 327 3412 verborum
348 3359 455 3428 legitur,
479 3378 531 3429 qua
549 3361 582 3412 de
599 3377 629 3412 re
645 3361 699 3413 vid.
733 3380 783 3431 pro
800 3361 871 3431 vulg.
893 3363 986 3430 Tyros.
1005 3361 1074 3414 Vide
1093 3381 1179 3434 supra
1195 3385 1218 3421 c.
1229 3376 1252 3421 7.
1274 3367 1326 3421 Mox

93 3426 178 3479 Drak.
202 3427 236 3478 ad
259 3426 317 3479 Liv.
340 3441 452 3492 xxxlv,
475 3434 500 3480 2.
535 3424 593 3481 Nos
616 3429 700 3482 secuti
733 3432 840 3499 septimo
857 3447 943 3482 mense
961 3447 1039 3499 qaam
1057 3429 1128 3484 sicut
1146 3449 1197 3501 1x,
1217 3443 1248 3491 31
1268 3435 1328 3489 aaran

94 3511 183 3547 sumus
200 3494 280 3547 Bern.
298 3496 325 3546 A
341 3494 364 3546 F
365 3493 412 3547 lor.
430 3494 504 3548 ABC
527 3503 555 3548 et
577 3497 654 3550 Voss.
674 3505 698 3564 1,
733 3501 990 3567 dieqaomcoeperat
1003 3500 1128 3552 obsidere.
1148 3502 1229 3557 Unus
1237 3499 1329 3558 FloaG

93 3570 167 3616 recte
183 3571 214 3614 ut
232 3561 308 3615 nobis
325 3561 452 3629 videmur,
471 3581 532 3616 nam
550 3564 648 3617 dicitur
665 3567 698 3617 de
733 3583 790 3634 quo.
808 3565 885 3620 Unus
893 3566 957 3619 item
971 3565 994 3617 F
995 3565 1076 3620 lor.C
1091 3583 1219 3637 coeperat
1229 3591 1278 3643 pro
1287 3587 1329 3626 ooo·

94 3629 245 3684 coniectura
263 3630 390 3683 facienda.
421 3633 558 3684 Extimari
574 3632 696 3686 Bern.B
727 3645 853 3702 praerat:
871 3633 1132 3755 cfiGramm.1{.220.
1152 3639 1279 3711 Denique
1292 3655 1330 3711 pro

93 3699 165 3751 Flor.
192 3697 258 3765 EG,
285 3700 426 3752 aestimari
451 3699 522 3753 Flor.
549 3702 592 3769 H,
621 3701 699 3755 solita
732 3706 901 3771 quodcunque
915 3719 1014 3755 unuse
1055 3702 1104 3756 lor.
1118 3705 1144 3757 B
1165 3725 1317 3778 quocunque.

94 3766 226 3820 scribendi
243 3766 364 3819 ludibria.
768 3773 790 3837 ξ.
810 3777 850 3823 20.
889 3772 990 3839 Gades]
1027 3771 1133 3840 Optimi
1163 3784 1194 3829 et
1223 3777 1328 3847 plerique

128 3839 152 3904 ς.
173 3843 213 3888 17.
240 3837 380 3904 inquibus
399 3838 548 3892 occidendis
567 3841 698 3891 decrerat
732 3839 834 3891 codices
851 3857 910 3892 mss.
932 3840 1034 3904 Gadis,·
1050 3841 1167 3894 tortasse
1180 3845 1270 3899 Gadis
1278 3842 1328 3898 sui·

92 3907 191 3972 rabies]
224 3905 380 3957 occidendis
398 3905 426 3958 in
443 3906 516 3959 Bern
533 3916 562 3960 et
603 3905 651 3958 lor.
670 3914 698 3959 et
731 3907 862 3973 bendum,
885 3915 916 3960 ut
938 3915 979 3960 est
1003 3908 1073 3977 apud
1095 3907 1219 3965 Plinium
1240 3913 1268 3966 in
1287 3913 1328 3965 fine

93 3973 174 4027 Snak.
193 3972 314 4026 omnibus
332 3971 442 4042 legitur,
467 3975 559 4045 itaque
576 3974 697 4026 Modiam
731 3975 792 4027 libri
809 3990 840 4027 1v
858 3983 914 4028 nat.
932 3975 993 4028 hist.
1027 3977 1111 4044 Apud
1130 3977 1258 4033 Curtium
1274 3984 1326 4047 x,t

93 4049 197 4094 secutus
215 4040 310 4111 recepi.
341 4041 395 4094 Sed
414 4045 486 4111 quod
503 4043 572 4096 idem
590 4042 697 4096 Modius
735 4044 822 4095 Gadis
841 4043 1004 4096 accusativus
1023 4053 1072 4109 est,
1087 4062 1180 4115 neque
1193 4050 1246 4102 huc
1258 4045 1328 4120 pert

92 4109 171 4246 llll?
198 4117 269 4230 lta
287 4109 371 4230 ‘illl‘
392 4112 697 4232 diffibulstslalleplss
731 4119 797 4232 tl?
812 4110 1324 4234 lttttttttltttrff‘‘llll

91 4217 208 4313 vulgudis
226 4197 412 4314 grammatidbe
430 4256 458 4300 et
475 4196 695 4301 auctoliutebo-
765 4250 943 4314 abundabant,
962 4251 1025 4315 sive]
1062 4203 1149 4303 Codd.
1175 4271 1237 4307 mss.
1254 4247 1325 4306 nostrl

92 4312 179 4365 dicum
201 4313 386 4368 nonnullorum
414 4317 442 4383 (e
464 4315 536 4368 Flor.
563 4314 632 4368 enim
659 4315 696 4369 sic
731 4324 759 4369 et
776 4316 858 4369 Snak.
877 4333 967 4369 omnes
982 4319 1144 4384 abundabat,
1159 4323 1208 4374 sed
1221 4321 1324 4390 accipere

89 4380 191 4434 habent
212 4379 331 4450 DFGI);
356 4384 402 4435 sed
424 4391 453 4437 et
474 4383 595 4436 meliores
619 4383 694 4436 codd.
730 4402 785 4438 non
801 4402 919 4454 possum:
942 4383 1050 4455 pluralis
1072 4403 1200 4442 numerus
1218 4389 1323 4444 abando-
