2984 5176
457 318 954 392 ononsr1saanx.v11,co.
1062 298 1065 305 ’
1232 307 1304 379 341
1393 378 1398 391 ,

23 509 211 582 sbantur.
263 507 344 606 lpse
368 532 436 580 rex
462 531 544 578 cum
570 504 715 580 delectis
741 508 876 605 primus
902 518 1018 581 ratem
1044 508 1167 601 solvit,
1206 512 1306 585 etin

59 619 183 719 ripam
208 617 311 716 dirigi
336 618 449 690 iussit.
503 615 569 690 Oui
595 615 751 716 Scythae
785 617 950 692 admotos
977 618 1120 694 ordines
1147 624 1306 718 equiturn

61 733 100 806 in
127 731 246 831 primo
272 731 370 828 ripae
395 729 555 826 margine
583 741 784 827 opponunt,
823 742 863 802 ut
893 756 940 804 ne
966 731 1135 829 applicari
1162 734 1305 829 quidem

27 854 183 918 oterrae
209 852 306 916 rates
331 850 491 939 possent.
544 839 711 914 Ceterum
742 851 885 940 praeter
915 842 1008 914 hanc
1040 841 1194 940 speciem
1219 846 1304 943 ripis

59 953 301 1056 praesidentis
328 953 525 1042 exercitus,
562 954 688 1050 ingens
720 952 931 1050 navigantes
962 964 1079 1025 terror
1104 955 1304 1032 invaserat:

61 1090 220 1163 namque
246 1088 390 1137 cursum
415 1063 684 1160 gubernatores,
710 1090 792 1137 cum
818 1064 962 1160 obliquo
979 1064 1124 1138 flumine
1150 1067 1304 1166 impelle·

62 1186 207 1268 rentur,
240 1199 366 1274 regere
391 1200 464 1246 non
490 1186 673 1272 poterant,
709 1176 987 1272 vacillantesque
1013 1177 1157 1269 milites,
1196 1191 1233 1253 et
1258 1207 1304 1254 ne

35 1297 322 1365 ⁷excuterentur
348 1286 496 1377 solliciti,
522 1297 714 1359 nautarum
740 1286 935 1359 ministeria
961 1288 1206 1364 turbaverant.
1250 1290 1304 1366 Ne

63 1403 135 1477 tela
162 1400 308 1498 quidem
333 1397 451 1471 conati
477 1400 558 1470 nisu
584 1399 725 1472 vibrare
751 1407 929 1496 poterant,
956 1423 1037 1471 curn
1063 1402 1160 1498 prior
1186 1402 1305 1475 standi

66 1514 139 1587 sine
164 1506 335 1612 p'ericulo,
362 1536 470 1608 quam
486 1510 627 1583 hostem
645 1509 844 1584 incessendi
862 1535 947 1583 cura
964 1521 1068 1585 esset.
1109 1513 1304 1589 Tormenta

63 1625 172 1699 saluti
197 1625 357 1713 fuerunt,
397 1621 524 1718 quibus
550 1623 587 1693 in
613 1624 791 1697 confertos
819 1647 861 1696 ac
886 1633 1020 1697 temere
1047 1650 1085 1698 se
1112 1626 1303 1700 offerentes

35 1735 163 1810 cheud
187 1736 325 1807 frustra
349 1757 503 1806 excussa
529 1744 613 1807 sunt
639 1736 720 1808 tela.
772 1733 921 1825 Barbari
953 1762 1093 1834 quoque
1122 1738 1303 1835 ingentem

58 1847 137 1920 vim
164 1847 377 1945 sagittarum
402 1844 564 1918 infudere
589 1846 736 1918 ratibus.
773 1843 917 1942 Vixque
938 1849 1051 1921 ullum
1066 1850 1134 1922 firit
1151 1858 1301 1941 scutum,

58 1957 163 2056 quod
189 1983 264 2030 non
289 1956 450 2056 pluribus
476 1957 582 2030 simul
608 1957 750 2054 spiculis
776 1958 1026 2054 perforaretur.

24 2084 39 2132 θ
166 2068 314 2166 Iamque
338 2078 456 2141 terrae
482 2078 577 2141 rates
604 2069 890 2167 applicabantur,
923 2095 1004 2143 cum
1030 2070 1122 2143 acies
1150 2072 1352 2170 clipeata37

59 2182 259 2279 consurgit,
287 2191 324 2254 et
348 2180 471 2253 hastas
499 2191 597 2254 certo
623 2181 707 2270 ictu,
733 2188 859 2276 utpote
884 2181 998 2254 libero
1023 2181 1120 2272 nisu,
1146 2183 1302 2257 mittite

58 2295 212 2369 ratibus.
256 2292 305 2366 Et
329 2302 371 2365 ut
396 2292 538 2365 territos
564 2292 844 2389 recipientesque
871 2318 980 2390 equos
1007 2291 1141 2385 videre,
1168 2295 1303 2367 alacres

58 2422 191 2480 mutua
222 2404 471 2478 adhortatione
502 2403 539 2475 in
571 2414 705 2476 terram
736 2401 920 2478 desiluere.
974 2404 1141 2478 Turbatis
1174 2406 1303 2480 acriter

13 2530 38 2581 0
58 2516 193 2618 pedem
226 2516 357 2588 inferre
388 2524 592 2613 coeperunt.
645 2514 814 2610 Equitum
851 2515 980 2590 deinde
1017 2527 1173 2607 turmae,
1211 2543 1303 2614 quae

59 2630 222 2703 frenatos
261 2628 443 2700 habebant
488 2649 617 2722 equos,
663 2627 865 2723 perfregere
908 2628 1143 2701 barbarorum
1180 2629 1301 2702 aciem.

60 2738 223 2815 Interim-
239 2740 348 2813 ceteri
374 2739 515 2838 agmine
540 2735 784 2810 dimicantium
800 2739 887 2811 tecti
904 2749 1074 2836 aptavere
1093 2764 1132 2811 se
1149 2766 1301 2838 pugnae.

15 2850 144 2952 lese
171 2876 253 2942 rex,
290 2848 387 2949 quod
413 2849 546 2948 vigoris
573 2873 681 2946 aegro
709 2847 827 2920 adhuc
853 2850 993 2948 corpori
1020 2848 1159 2941 deerat,
1195 2850 1302 2924 animi

59 2962 233 3037 firmitate
264 2948 483 3060 supplebat'
516 2957 600 3032 Vox
635 2958 858 3033 adhortantis
893 2987 966 3034 non
1000 2971 1144 3059 poterat
1178 2960 1302 3052 audiri,

59 3073 224 3163 nondum
261 3073 353 3146 bene
392 3072 549 3146 obducta
584 3072 744 3144 cicatrice
778 3073 940 3163 cervicis,
980 3070 1044 3144 sed
1076 3071 1303 3146 dimicantem

13 3196 41 3249 ²
56 3178 192 3261 'cuncti‘
223 3185 405 3258 videbant.
465 3183 590 3280 ltaque
630 3183 698 3281 ipsi
734 3182 865 3256 ducum
899 3184 1140 3281 fungebantur
1174 3184 1301 3275 offici0,

58 3411 142 3537 (wi
160 3409 667 3534 opwptmgqtemffirafitiFlolqdlbquqe
701 3425 734 3530 {aa
761 3408 847 3530 fornha·
873 3409 970 3530 utitur&
1000 3409 1071 3532 Vidie
1095 3412 1131 3492 ad
1152 3425 1196 3534 1νᾶ
1212 3417 1251 3534 li}
1262 3429 1302 3482 pr.

141 3498 160 3534 o
182 3498 229 3534 era
330 3498 370 3534 or.
454 3497 509 3533 ern.
568 3496 666 3532 oreca
729 3495 819 3532 amco
839 3494 890 3532 roes
926 3497 952 3531 ur
971 3495 1014 3532 em
1064 3497 1101 3533 en
1122 3497 1155 3534 ue
1195 3497 1222 3534 es
1242 3497 1293 3534 tere

59 3568 127 3605 aera
142 3521 272 3604 {coenanti
700 3544 749 3599 reli
769 3546 796 3599 ui
819 3495 927 3601 desiliri
942 3547 1012 3601 Flor.
1032 3497 1079 3602 dl}
1101 3498 1179 3602 iloss.
1197 3555 1212 3602 2
1236 3521 1303 3602 sicul

95 3623 158 3690 Μ.
192 3620 279 3672 conat
294 3618 356 3671 nisu
373 3618 488 3738 vibrare}
517 3615 611 3695 Conati
626 3614 665 3668 vi·
700 3563 807 3695 Modius
824 3615 914 3669 edidit.
945 3616 1000 3669 Sed
1016 3615 1175 3670 infinitivum
1192 3617 1220 3670 in
1237 3617 1303 3671 acti-

60 3688 130 3743 rinm
158 3685 354 3741 contentionem
383 3685 412 3738 in
441 3693 501 3738 tes
527 3685 664 3754 adigenda
700 3699 750 3736 one
759 3691 811 3736 c1to
820 3685 937 3754 perfecta
946 3702 998 3739 non
1016 3692 1080 3754 puto
1093 3685 1179 3740 locum
1196 3685 1302 3738 habere.

59 3766 124 3841 apte
141 3754 281 3826 significat.
316 3755 392 3807 Nica
408 3754 488 3824 vulgo
505 3753 600 3819 editur,
619 3754 665 3805 sed
735 3755 758 3820 ξ.
778 3760 818 3805 11.
853 3756 955 3822 corpori
976 3756 1064 3807 deerat
1109 3754 1199 3834 Vulgo
1219 3754 1304 3872 eldupt

59 3821 666 3959 ttsstttdttssttt‘c“tttt
700 3822 1303 3968 lil'luhdligimplitlblllhl³h'hlll

60 3966 131 4031 nisi,
158 3961 231 4015 Flor.
256 3960 285 4014 H
311 3960 391 4014 Bern.
416 3960 441 4013 B
469 3962 513 4013 ubi
538 3960 666 4012 feccmnt.
701 3966 893 4028 opponeretur,
916 3959 986 4028 quod
1008 3975 1063 4011 non
1085 3964 1213 4010 convemt.
1247 3956 1303 4012 Ita-

60 4030 166 4086 Maiore
183 4029 266 4083 ctiam
284 4046 411 4083 mascnsu
424 4030 504 4110 paulo
512 4036 576 4109 post
584 4027 666 4098 inseq.
703 4043 755 4096 que
772 4029 906 4096 eorporte
942 4025 1070 4079 lurimiso
1089 4025 1213 4095 timisque
1227 4022 1302 4106 libris

55 4116 182 4172 eapprc
191 4098 340 4169 vulgaire
354 4096 476 4152 scribitur
493 4116 562 4151 orsu.
588 4096 667 4149 Hanc
700 4072 774 4148 Leid.
783 4097 884 4150 Vosal
899 4045 971 4148 rior.
981 4094 1057 4147 ΑΒΕ
1082 4093 1198 4174 Glcum
1212 4093 1302 4147 Modro

58 4170 175 4224 formam
191 4165 271 4221 video
291 4165 373 4220 etiam
390 4167 476 4220 doctis
494 4165 561 4219 Livii
579 4163 666 4218 edito·
700 4164 794 4234 recepi.
829 4165 879 4218 Est
905 4163 984 4217 etiam
1009 4165 1092 4232 vigori
1121 4182 1148 4215 1n
1174 4162 1254 4241 item.
1276 4164 1303 4215 A

60 4238 135 4292 nhus
152 4235 289 4308 placuisse.
699 4233 774 4286 Flor.
792 4232 840 4286 AB
858 4232 932 4286 Leid.
950 4235 1027 4285 Voss.
1039 4240 1068 4298 l,
1091 4234 1164 4301 viper
1185 4248 1213 4283 1n
1229 4229 1302 4284 Flor.

95 4305 217 4377 Caper,
237 4307 259 4373 §-
274 4311 298 4358 9.
335 4306 470 4372 desiluere]
498 4303 543 4357 Sic
560 4303 586 4354 h.
596 4302 613 4354 1.
632 4304 665 4354 de
700 4303 728 4354 H
745 4303 826 4356 Bern.
844 4302 879 4368 B,
897 4300 943 4354 sed
961 4301 1026 4353 haec
1043 4308 1104 4353 sunt
1121 4300 1225 4353 menda.

61 4375 216 4430 coniectura
233 4371 401 4427 scribendum
423 4380 495 4439 erat,
525 4371 589 4452 quia
609 4370 666 4423 aliis
735 4368 1301 4439 §.12Iraquepsiducomfunqcfficio]

54 4444 126 4499 locis
148 4440 257 4497 Curtius
278 4458 338 4496 cum
360 4440 467 4512 optimis
493 4439 666 4510 scnptoribus
702 4437 843 4493 Adiectum
855 4436 993 4509 legiturin
1006 4436 1083 4492 editis
1101 4439 1154 4509 ipsi
1170 4438 1302 4505 quidem,
