2984 5176
542 300 592 351 nu
619 296 745 349 eusrrs
771 297 880 348 anax.
907 298 958 367 1x,
984 295 1028 349 sa.
1322 280 1395 352 471

103 499 131 546 οἵ
151 481 311 555 colorem
337 507 479 580 quoque
505 482 639 558 herbae
664 482 861 572 referebat,
898 482 1122 580 agniturum,
1159 483 1188 555 si
1215 484 1293 580 quis
1319 508 1397 583 rep·

151 593 323 691 perisset,
359 594 551 668 affirmans.
603 595 793 669 Inventam
818 593 964 685 deinde,
1001 595 1132 693 quippe
1158 620 1180 667 a
1205 595 1326 669 multis
1354 596 1397 669 si·

150 706 227 777 mul
262 714 340 778 erat
369 707 562 803 requisita,
600 706 740 779 vulneri
775 706 960 804 imposuit:
1002 706 1238 804 protinusque
1273 705 1397 780 dolore

149 817 272 908 finito,
310 817 406 890 intra
435 818 547 892 breve
580 819 735 918 spatium
775 817 922 890 cicatrix
963 842 1104 914 quoque
1142 816 1300 891 obducta
1332 829 1396 892 est.

103 946 133 996 aa
150 926 332 1002 Barbaros
358 938 400 1002 ut
424 929 540 1026 prima
565 954 647 1030 spes
673 930 862 1021 fefellerat,
890 952 929 1000 se
953 929 1051 1027 ipsos
1078 928 1274 1026 urbemque
1301 927 1397 1003 dedi·

152 1039 294 1112 derunt.

256 1149 349 1223 Hinc
384 1152 421 1224 in
459 1153 662 1250 proximam
699 1162 845 1252 gentem
870 1151 1046 1226 Pataliam
1077 1160 1292 1250 perventum
1331 1155 1449 1226 est34

152 1262 234 1336 Rex
260 1272 338 1336 erat
362 1259 513 1352 Moeris,
553 1265 613 1361 qui
646 1265 735 1338 urbe
762 1263 906 1337 deserta
936 1265 973 1337 in
999 1274 1140 1337 montes
1175 1263 1393 1361 profugerat.

105 1393 137 1440 aa
155 1373 284 1470 Itaque
331 1373 540 1448 Alexander
579 1375 712 1474 oppido
760 1375 913 1473 potitur,
959 1399 1137 1472 agrosque
1188 1376 1391 1472 populatur.

118 1549 121 1556 .
151 1483 306 1584 Magnae
348 1484 431 1559 inde
466 1485 622 1584 praedae
656 1496 759 1560 actae
800 1497 884 1559 sunt
926 1511 1097 1585 pecorum
1137 1496 1394 1562 armentorum·

107 1613 135 1663 ao
152 1622 239 1693 que,
279 1622 419 1694 magna.
443 1598 498 1671 vis
530 1609 674 1697 reperta
712 1599 889 1672 frumenti.
929 1597 1090 1673 Ducibus
1135 1596 1264 1672 deinde
1303 1623 1395 1671 sum-

149 1708 224 1806 ptis
251 1708 365 1781 amnis
390 1709 529 1806 peritis,
565 1709 716 1784 defluxit
750 1708 797 1781 ad
822 1709 975 1783 insulam
1001 1709 1120 1784 medio
1155 1711 1265 1784 ferme
1292 1710 1396 1784 alveo

152 1827 309 1892 enatam.

103 1942 141 1993 [a
239 1928 295 2003 Ibi
312 1930 444 2004 diutius
462 1932 657 2006 subsistere
674 1941 829 2021 coactus,
847 1931 930 2027 quia
952 1929 1061 2008 duces
1079 1931 1264 2006 socordius
1283 1957 1395 2007 asser·

147 2041 229 2114 vati
253 2043 496 2140 profugerant,
522 2043 618 2117 misit
644 2044 704 2140 qui
730 2044 979 2140 conquirerent
1007 2045 1112 2118 alios:
1138 2068 1205 2117 nec
1232 2045 1395 2143 repertis,

148 2140 324 2250 pervicax
361 2155 491 2251 cupido
535 2154 677 2228 visendi
712 2151 910 2246 Oceanum,
958 2154 1184 2253 adeundique
1222 2156 1394 2230 terminos

148 2263 288 2353 mundi,
308 2264 383 2338 sine
396 2265 552 2363 regionis
564 2266 698 2363 peritis,
720 2265 857 2338 flumini
874 2267 999 2365 ignoto
1013 2279 1122 2366 caput
1136 2293 1251 2359 suum,
1267 2276 1395 2364 totque

113 2375 428 2449 sfortissimorum
473 2378 633 2451 virorum
671 2379 824 2451 salutem
875 2379 1130 2476 permittere*
1167 2377 1396 2476 Navigabant

148 2511 239 2585 ergo
266 2489 425 2562 omnium
463 2513 528 2586 per
555 2513 646 2584 quae
677 2490 884 2562 ferebantur
919 2490 1043 2588 ignari.
1098 2487 1281 2580 Quantum
1313 2489 1397 2563 inde

148 2597 296 2671 abesset
321 2624 437 2689 mare,
465 2625 557 2696 quae
582 2609 708 2698 gentes
735 2601 909 2692 colerent,
942 2626 1049 2697 quam
1075 2599 1255 2699 placidum
1281 2602 1395 2674 amnis

147 2733 210 2799 os,
238 2734 345 2806 quam
370 2711 510 2807 patiens
536 2711 725 2808 longarum
750 2711 898 2784 navium
923 2720 1035 2802 esset,
1067 2692 1200 2809 aucep}
1226 2721 1263 2784 et
1289 2737 1396 2786 caeca

109 2818 352 2893 saestimatio
393 2823 646 2918 augurabatur.
709 2820 830 2895 Unum
866 2833 943 2895 erat
983 2821 1193 2895 temeritatis
1228 2822 1395 2895 solatium

147 2941 326 3031 perpetua
351 2932 510 3005 felicitas.
562 2933 639 3007 lam
666 2954 759 3007 cccc
787 2932 903 3006 stadia
929 2942 1195 3031 processerant,
1223 2957 1304 3004 cum
1330 2959 1393 3031 gu·

147 3043 360 3118 bernatorcs
387 3067 581 3142 agnoscere
619 3046 717 3144 ipsos
750 3069 875 3118 auram
906 3045 1033 3135 maris,
1073 3053 1110 3117 et
1142 3041 1240 3116 haud
1266 3046 1393 3140 procul

184 3251 208 3312 5.
227 3252 269 3299 27.
304 3247 441 3299 Inventam
459 3247 564 3318 deinde]
600 3246 691 3317 Vulgo
713 3248 755 3300 io·
789 3253 817 3299 et
834 3244 947 3317 primum
965 3243 1097 3317 impressis
1114 3244 1220 3316 legitur,
1258 3261 1319 3298 uam
1337 3261 1395 3300 cor-

147 3324 300 3385 rectumque
327 3316 433 3380 deinde,
461 3315 508 3366 sed
525 3315 600 3368 abest
626 3333 657 3369 co
678 3315 755 3368 ulaa
788 3314 875 3368 riere
892 3330 942 3368 nec
950 3322 1039 3368 tamen
1057 3330 1208 3385 persanare.
1263 3331 1305 3367 am
1323 3315 1395 3386 quod

148 3382 248 3437 nosuis
265 3382 393 3437 omnibus.
432 3382 476 3435 Ex
500 3382 594 3436 iisdem
611 3385 645 3436 ad
673 3383 699 3437 di
717 3385 755 3437 ai·
834 3400 869 3453 go
886 3390 949 3454 post
964 3383 1062 3437 Aldum
1078 3383 1165 3436 editur
1183 3383 1277 3452 cupido
1295 3384 1397 3438 inces-

147 3453 205 3505 mul
221 3459 285 3522 post
300 3453 401 3518 maltis,
425 3451 497 3521 quod
514 3453 589 3505 abest
611 3469 627 3505 a
652 3452 754 3524 paucis,
788 3454 943 3506 sitbirmdi
951 3459 1001 3506 cet.
1011 3450 1124 3523 primum
1132 3451 1260 3504 librorum
1268 3459 1395 3506 matorum

117 3574 122 3585 ,
147 3520 225 3574 Flor.
242 3518 415 3590 quidemDI.
789 3519 949 3575 auctoritate
971 3528 1155 3592 praeterquam
1176 3520 1253 3573 unius
1279 3519 1350 3574 Flor.
1370 3521 1395 3574 G

185 3587 251 3672 Cap.
261 3596 304 3654 34,
314 3591 337 3656 5.
347 3594 389 3642 28.
396 3597 497 3657 pentem
505 3587 652 3660 Pataliam]
662 3590 755 3643 Arria·
788 3589 816 3643 in
833 3588 906 3643 cuius
923 3607 1006 3659 marg.
1025 3589 1186 3661 adscriptum
1205 3595 1256 3656 est,
1275 3589 1395 3643 destitui-

147 3674 200 3711 nus
208 3676 245 3709 το
257 3655 377 3709 Πάταλα
391 3656 617 3712 sireHdrrataa
635 3658 717 3729 pellat
726 3666 755 3712 et
789 3665 841 3724 tur,
859 3657 954 3711 deinde
971 3674 1021 3711 nec
1039 3657 1195 3723 sententiam
1208 3673 1259 3710 nec
1277 3665 1396 3712 constru-

146 3726 242 3779 urbem
260 3732 288 3778 et
304 3733 403 3778 terram
421 3722 451 3794 (ὃ
470 3722 503 3791 δὴ
521 3725 555 3779 τὸ
574 3677 664 3780 Adita
681 3731 754 3798 ἔφην
788 3725 903 3780 ctionem
911 3727 1053 3780 verborum
1062 3727 1178 3780 adiurat.
1192 3724 1396 3790 QuodSchmie·

148 3794 225 3846 εἶναι
247 3793 281 3846 τὸ
305 3794 376 3866 πρὸς
401 3799 454 3859 τοῦΙ
477 3801 608 3863 ποταμοῦ
631 3802 683 3848 τοῦ
701 3797 753 3847 ”Iv-
789 3795 867 3848 derus
885 3811 919 3847 ex
936 3794 1119 3850 codThcocr.
1137 3793 1251 3847 edidisse
1269 3810 1297 3846 se
1315 3793 1393 3848 dicit:
1428 3833 1430 3837 .

148 3860 202 3915 doc
219 3861 402 3930 ποιούμενον,
421 3865 521 3930 μεῖζον
538 3866 580 3915 ἔτι
597 3870 648 3917 τοῦ
664 3862 754 3917 Δέλτα
789 3866 881 3932 cupido
900 3865 1010 3916 -vireadi
1032 3895 1068 3905 —-
1093 3865 1181 3932 adegit
1202 3871 1231 3914 ut
1257 3863 1314 3914 rina
1340 3879 1394 3932 req.

147 3936 201 3984 τοῦ
218 3933 258 3983 Αἰ
293 3936 386 3994 ποίου,
412 3947 456 3998 vl,
484 3933 528 3996 17)
555 3940 663 4002 gentem
688 3933 755 3988 τοὺς
784 3933 880 4002 peritis
896 3933 1059 4012 permitteret
1082 3931 1174 4001 explet
1199 3929 1266 3982 illud
1288 3929 1395 4000 quidem

146 3951 315 4065 Haerebis,
337 3997 434 4053 Strabo
447 4001 540 4053 urbem
557 4001 593 4052 τοὶ
607 3998 754 4068 Πάττολα,
789 4007 962 4068 sententiam,
987 3999 1034 4053 sed
1053 3997 1211 4053 correctoris
1228 4014 1335 4050 manum
1352 3999 1394 4052 ni·

147 4067 275 4135 insulam,
302 4067 336 4119 τὸ
356 4066 459 4133 Δέλτα,
486 4068 539 4134 τὴν
562 4068 754 4136 πατταληνήν.
788 4068 837 4122 mis
862 4076 955 4139 aperte
981 4067 1090 4121 indicat.
1133 4065 1266 4137 Equidem
1289 4066 1318 4120 in
1340 4067 1394 4119 fine

146 4137 287 4190 Edebatur
303 4136 329 4188 h.
337 4135 355 4187 l.
373 4136 454 4207 vulgo
463 4137 630 4206 Patlaliam,
648 4157 696 4194 nos
713 4155 754 4192 se·
789 4136 916 4191 excidisse
937 4136 1055 4190 arbitror
1079 4136 1189 4188 verbum
1213 4136 1302 4204 coe'qit.
1337 4135 1393 4189 Pro

148 4204 204 4260 cuti
221 4221 310 4258 sumus
329 4221 390 4257 mss.
637 4230 639 4234 ⁴
789 4216 874 4275 totque
890 4204 919 4259 in
936 4205 1008 4258 Flor.
1027 4204 1101 4257 ΒΕΓ
1118 4203 1195 4266 Voss.
1213 4209 1228 4256 2
1247 4203 1302 4256 Pal.
1323 4213 1333 4256 l
1356 4214 1393 4258 to·

184 4278 209 4339 s.
229 4281 253 4326 1.
305 4273 410 4327 ervicaa
431 4275 526 4343 rapido
548 4274 649 4328 visendi
674 4275 755 4328 Ocea·
790 4285 900 4346 tamque,
927 4273 955 4326 in
974 4273 1078 4326 Flor.I
1104 4282 1182 4326 totam
1208 4271 1318 4342 legitur,
1344 4290 1394 4343 pro

147 4343 228 4466 Ἠ]
306 4340 400 4464 ufflffi
415 4341 521 4464 dlocum
554 4350 756 4466 lriqpraesentapiq
808 4345 935 4465 οινοπίτὲοΙνο
952 4345 1051 4464 Vosaut
1070 4340 1210 4463 FtlorthgI
1224 4342 1394 4462 permitteret,

202 4427 351 4483 mquema
397 4429 533 4466 oumm
593 4429 722 4484 rusmp
823 4430 861 4467 or.
934 4426 1130 4465 comataeree
1168 4425 1251 4462 ren.
