2926 5174
452 335 501 385 nn
528 333 654 386 ansus
679 334 789 387 mxx
815 333 926 405 1x‚29.
948 397 954 415 ι
1230 319 1303 389 465

72 516 187 592 Invidi
212 517 426 615 malignique
451 516 685 616 increpabant
709 546 775 618 per
801 521 893 594 seria
919 530 955 594 et
980 520 1120 612 ludum,
1153 522 1305 620 saginati

71 631 228 728 corporis
255 630 353 727 sequi
378 630 542 703 inutilem
567 631 728 704 beluam:
761 658 842 705 cum
867 632 935 729 ipsi
966 632 1140 730 proelium
1165 634 1305 723 inirent,

29 759 54 807 a
70 740 149 813 oleo
180 739 385 814 madentem
419 762 634 840 praeparare
660 753 823 816 ventrem
855 744 977 841 epulis.
1029 743 1166 818 Eadem
1197 745 1305 842 igitur

70 853 106 924 in
138 852 302 926 convivio
333 851 512 926 Horratas
542 852 692 927 Macedo
729 855 800 927 iam
838 856 1055 928 temulentus
1087 856 1312 954 exprobrare

69 963 100 1036 ei
125 964 244 1061 coepit
270 974 306 1036 et
331 965 534 1062 postulare,
560 976 616 1056 ut,
649 967 679 1038 si
705 967 768 1038 vir·
787 977 897 1055 esset,
929 977 1074 1067 postero
1101 966 1159 1040 die
1185 992 1306 1040 secum

66 1077 159 1148 ferro
187 1074 414 1149 decerneret:
442 1101 566 1174 regem
591 1077 738 1151 tandem
763 1079 822 1151 vel
849 1076 893 1150 dc
921 1103 986 1152 sua
1009 1079 1220 1169 temeritate,
1247 1080 1307 1152 vel

28 1204 52 1253 ιε
66 1186 156 1258 illius
196 1187 339 1284 ignavia
378 1187 628 1263 iudicaturum.
691 1189 739 1262 Et
774 1215 796 1261 a
829 1187 1029 1287 Dioxippo,
1075 1190 1306 1288 contemptim

66 1297 254 1371 militarem
280 1298 447 1372 eludente
475 1301 658 1394 ferociam,
691 1311 838 1398 accepta
863 1298 1019 1373 conditio
1046 1311 1110 1372 est.
1163 1300 1218 1374 Ac
1243 1327 1304 1399 po·

65 1420 159 1482 stero
188 1408 245 1482 die
272 1434 347 1500 rex,
374 1436 457 1483 cum
484 1412 592 1484 etiam
614 1414 729 1486 acrius
752 1421 933 1485 certamen
951 1422 1196 1509 exposcerent,
1223 1413 1306 1509 quia

27 1535 50 1583 1⁹
65 1519 245 1610 deterrere
271 1548 345 1595 non
370 1532 525 1620 poterat,
553 1524 732 1598 destinata
751 1523 879 1619 exequi
905 1547 1032 1620 passus
1055 1525 1120 1594 est.
1173 1522 1303 1620 Ingens

63 1631 118 1704 hic
143 1633 312 1726 militum,
344 1636 440 1708 inter
466 1660 556 1732 quos
584 1646 687 1708 erant
714 1633 855 1724 Graeci,
888 1634 949 1730 qui
963 1631 1155 1731 Dioxippo
1184 1633 1302 1708 stude·

63 1743 164 1836 bant,
198 1757 419 1820 convenerat
451 1746 654 1820 multitudo.
706 1743 856 1819 Macedo
888 1745 983 1818 iusta
1014 1769 1114 1816 arma
1145 1770 1302 1843 sumpse·

62 1864 126 1945 rat,
153 1881 300 1930 aereum
326 1859 490 1957 clipeum,
516 1859 667 1949 hastam,
695 1883 802 1955 quam
828 1856 995 1929 sarissam
1019 1865 1166 1946 vocant,
1198 1857 1301 1929 laeva

62 1975 196 2058 tenens,
226 1967 376 2042 dextera
401 1970 579 2061 lanceam,
605 1968 795 2067 gladioque
822 1968 968 2058 cinctus,
996 1968 1095 2041 velut
1120 1993 1201 2041 cum
1226 1970 1301 2067 plu·

22 2093 47 2142 ²⁰
61 2077 157 2152 ribus
185 2079 292 2152 simul
318 2079 561 2153 dimicaturus.
613 2079 814 2179 Dioxippus
841 2080 920 2152 oleo
946 2080 1064 2152 nitens
1091 2091 1128 2152 et
1153 2106 1300 2154 corona·

61 2199 118 2262 tus
144 2192 251 2264 laeva
276 2192 468 2288 puniceum
495 2193 694 2283 amiculum,
722 2191 852 2264 dextra
877 2188 1036 2263 validum
1053 2191 1301 2289 nodosumque

61 2301 218 2398 stipitem
254 2302 489 2399 praeferebat.
541 2301 596 2376 Ea
629 2303 708 2401 ipsa
741 2328 799 2376 res
831 2302 990 2374 omnium
1023 2303 1160 2376 animos
1195 2329 1300 2401 expe·
1341 2361 1343 2365 -

60 2413 216 2486 statione
244 2412 502 2512 suspenderat:
540 2415 670 2512 quippe
703 2424 841 2489 armato
874 2412 1042 2511 congredi
1073 2413 1212 2488 nudum
1242 2415 1300 2489 de·

18 2537 43 2586 21
59 2525 211 2615 mentia,
256 2550 329 2597 non
367 2525 551 2598 temeritas
589 2525 789 2599 videbatur.
847 2522 960 2621 Igitur
990 2522 1158 2617 Macedo,
1202 2527 1300 2600 haud

58 2632 187 2708 dubius
216 2637 355 2710 eminus
381 2635 532 2708 interfici
563 2661 669 2734 posse
676 2668 691 2727 ,1
725 2637 886 2709 lanceam
918 2635 1049 2725 emisit,
1085 2661 1192 2731 quam
1218 2637 1301 2712 Dio·

57 2747 187 2845 xippus
216 2745 300 2819 cum
326 2748 457 2845 exigua
482 2748 640 2844 corporis
668 2746 903 2820 declinatione
921 2746 1081 2834 vitasset,
1108 2758 1301 2845 antequam

56 2856 110 2930 ille
137 2859 285 2931 hastam
310 2859 522 2938 transferret
546 2858 584 2930 in
611 2859 792 2950 dextram,
829 2856 982 2945 assiluit,
1019 2866 1056 2928 et
1082 2857 1202 2954 stipite
1227 2883 1299 2932 me·'

13 2982 40 3030 ²²
56 2966 149 3042 diam
184 2995 268 3044 eam
299 2970 414 3066 fregit.
467 2967 611 3042 Amisso
650 2980 803 3066 utroque
835 2968 925 3058 tela,
960 2964 1110 3040 Macedo
1141 2968 1300 3066 gladium

56 3091 227 3179 coeperat
266 3081 459 3179 stringere:
505 3106 611 3178 quem
649 3088 863 3177 occupatum
900 3079 1108 3177 complexu,
1148 3079 1299 3177 pedibus

15 3227 19 3235 ·
54 3203 203 3290 repente
227 3191 425 3284 subductis,
453 3190 655 3289 Dioxippus
682 3191 848 3266 arietavit
872 3190 909 3262 in
934 3199 1078 3280 terram,
1105 3201 1300 3289 ereptoque

85 3361 106 3428 5.
122 3366 165 3414 17.
203 3361 297 3413 eadem
323 3360 414 3428 ἱρέων]
449 3358 575 3480 Plerique
600 3357 661 3412 libri
695 3359 729 3424 E,
746 3359 941 3412 militamtarba
959 3359 1027 3411 later
1044 3375 1148 3430 qaos-
1164 3358 1300 3428 favebant.

54 3431 146 3496 eodem,
166 3443 222 3483 nec
238 3426 526 3481 babenteademnisiF
538 3427 661 3481 or.EFH
697 3428 809 3480 Macedo
828 3426 935 3494 (omisso
951 3428 1033 3481 verbo
1051 3433 1215 3491 convenerat)
1228 3426 1300 3480 Flor.

52 3493 179 3562 Bern.B,
205 3497 256 3549 sed
273 3495 354 3548 iidem
371 3494 448 3549 simul
465 3514 526 3566 erqo
544 3513 592 3566 pro
610 3497 661 3564 iqi—
695 3495 748 3549 Fu
756 3495 978 3550 Bern.BVoss.2
999 3501 1077 3566 (puto
1094 3495 1175 3549 etiam
1192 3494 1251 3549 Pal.
1262 3499 1299 3563 1),

53 3573 99 3618 tur.
135 3566 212 3620 Tum
235 3565 371 3618 Horratas
398 3563 504 3632 Curtio,
531 3564 661 3636 Κόραγος
695 3567 804 3617 militam
827 3566 903 3618 turba
926 3560 995 3618 idter
1017 3582 1080 3646 qaas
1102 3597 1138 3605 —
1155 3565 1300 3618 studebant.

53 3637 124 3703 (puto
143 3634 252 3714 Κόρῥα
272 3652 303 3687 os
325 3631 425 3712 potius)
442 3632 561 3686 Diodoro
583 3649 661 3686 voca·
696 3633 810 3686 Macedo
827 3631 900 3686 Flor.
916 3632 949 3699 0,
967 3635 1240 3696 raihtammaltitado,
1258 3634 1300 3684 in-

52 3708 206 3775 tur3pauc1
225 3701 244 3754 li
266 3699 420 3754 riCurtiam
433 3700 504 3754 aliud
521 3701 661 3771 praebent,
697 3711 735 3754 ter
752 3719 815 3771 quos
833 3733 868 3742 -
885 3703 1029 3755 studebant.
1056 3701 1169 3754 Macedo
1184 3701 1255 3754 Flor.
1265 3698 1299 3752 G.

52 3771 94 3824 sed
109 3773 289 3836 mendosum,
311 3768 408 3833 Oretes,
428 3769 544 3837 Oretles,
562 3780 661 3837 octoas,
696 3769 779 3823 Vides
801 3769 885 3840 igitur
906 3769 1044 3840 vulgatam
1061 3768 1217 3838 scripturam
1233 3767 1299 3820 nulli

52 3839 167 3896 lortans.
696 3837 779 3892 codici
796 3855 843 3890 ms.
862 3847 985 3892 accurate
1001 3839 1176 3907 respondere,
1194 3836 1240 3888 sed
1256 3843 1299 3887 ta·

51 3974 57 3986 .
81 3911 158 3977 §.la
198 3907 303 3988 Ingens
320 3907 362 3958 tic
379 3907 498 3978 militam]
535 3905 663 3988 Sequitur
696 3923 757 3986 men
784 3913 889 3986 textum
905 3904 1035 3986 ‘conditui
1059 3923 1112 3958 non
1153 3920 1211 3984 osse
1230 3901 1299 4022 'quin

50 3976 662 4117 tamt„labbatut-att
696 3974 1119 4110 &attillftttltftlta
1133 3973 1175 4093 all
1188 3987 1299 4092 alata

50 4110 99 4167 Sed
107 4117 157 4186 qui
176 4131 195 4166 a
209 4111 286 4165 Flor.
296 4110 319 4162 B
330 4110 405 4164 Voss.
416 4111 521 4190 lnssern.
532 4113 564 4176 A,
578 4112 660 4164 verba
695 4121 848 4166 convenerat
857 4113 1002 4178 multitado,
1020 4112 1088 4161 inter
1097 4125 1161 4178 quos
1170 4110 1298 4179 quierant

49 4192 206 4238 convenerat
215 4178 545 4247 maltitadoaLerd.Voss.
556 4187 568 4232 1
580 4180 659 4232 Bern.
698 4181 797 4234 Graeci
813 4181 946 4248 Dioxippo
964 4177 1108 4231 studebant.

48 4250 192 4306 taloan
211 4263 324 4318 prorsus
334 4245 436 4314 absunt,
455 4249 488 4302 de
496 4248 605 4318 reliquis
613 4250 661 4300 mi·
731 4253 837 4303 dextera
855 4249 982 4313 lanceam]
1008 4243 1063 4299 Vul
1082 4261 1098 4296 ο
1118 4248 1218 4298 dextra.
1240 4243 1298 4298 Nos

48 4317 114 4374 litam
124 4324 291 4375 convenerat
308 4317 444 4369 multitado
462 4319 661 4389 taterqaoscet.
695 4316 778 4370 secuti
796 4333 884 4369 sumus
891 4312 1031 4392 BernrlB
1041 4261 1222 4368 rionnclu.
1244 4311 1298 4366 Sed

47 4383 169 4456 Florem,
188 4387 308 4440 militam
326 4385 400 4436 larba
417 4386 484 4438 inter
500 4384 661 4504 qaas-(a-
695 4393 758 4454 post
781 4388 901 4463 dextera·
912 4399 943 4436 ac
965 4381 1059 4433 demde
1077 4386 1139 4503 {521
1166 4384 1297 4462 decreram

45 4459 135 4512 cebant
165 4453 399 4527 (praeludebant)
420 4452 660 4508 conveneratFor.
695 4471 752 4508 non
769 4463 810 4506 est
827 4447 1075 4505 nis1⁴1nFlor.GD
1109 4448 1216 4516 ,Snaln
1229 4449 1298 4504 alet

1105 4540 1139 4588 80
