2926 5174
635 308 832 360 arreum.
1273 291 1346 364 591

115 494 177 550 sari
197 491 275 551 Flor.
294 489 434 551 DEGHI
456 490 586 548 Bern.B
610 491 699 550 Voss.
717 493 746 549 2.
766 517 769 523 ·
789 494 978 567 poenitentiam
999 526 1036 536 —
1058 493 1348 575 0010010000]οναο-

113 580 228 636 sentiam
252 612 290 621 —
312 577 633 652 potentissimum-Flor.
649 578 708 636 ΕΗ
733 577 820 635 Bern.
843 577 879 637 B.
921 581 1058 653 00010000]
1081 589 1191 638 acturos
1212 581 1298 646 Bern.
1315 583 1348 640 A

111 663 191 721 Flor.
208 663 268 721 AB
285 662 367 720 Leid.
391 662 456 720 Pal.
476 664 504 720 1.
547 663 664 742 sceleste]
690 663 782 721 omitt.
807 663 886 726 Flor.
905 663 966 722 ΕΗ
990 664 1076 722 Bem.
1094 664 1131 727 B.
1175 668 1238 743 rea]
1256 667 1347 726 omitt.

113 749 181 807 edit.
197 748 279 807 Mod.

198 836 225 908 S.
248 834 305 893 24.¹
338 832 534 909 Callisthenem]
559 831 608 892 Sis
624 834 713 891 Bern.
731 834 763 892 A
780 833 861 892 Flor.
879 831 1053 893 ABDFGI.
1097 833 1173 894 Item
1189 846 1291 914 postes
1307 837 1350 896 sic

113 919 199 978 Bern.
216 918 248 976 A
266 919 344 979 Flor.
363 918 425 982 AD
445 914 562 998 (reliqui
578 928 660 977 term.
677 939 718 976 em
736 920 864 994 habent).

197 1007 224 1079 S.
243 1004 294 1062 25.
328 1023 357 1061 se
374 1023 392 1060 a
409 1023 472 1078 reqe
489 1006 660 1081 quereretur]
678 1023 708 1063 se
725 1013 883 1080 quereretur
905 1003 987 1062 Flor.
1005 989 1048 1079 Β,
1072 1005 1101 1063 s'e
1117 1025 1136 1062 0
1153 1025 1216 1081 repe
1232 1025 1349 1085 touque-

113 1099 189 1148 retur
203 1089 285 1148 Flor.
301 1090 338 1162 Ε,
355 1107 384 1146 se
401 1099 560 1164 quereretur
575 1108 594 1145 0
615 1109 677 1165 repe
693 1089 784 1149 Voss.
805 1091 833 1149 1.

197 1177 224 1249 S.
244 1175 295 1231 27.
334 1173 528 1250 Callisthenen]
556 1171 605 1232 Sis
628 1175 714 1233 Bern.
732 1176 764 1234 A
791 1175 872 1233 Flor.
897 1174 1009 1233 BDFI.
1059 1177 1200 1253 0010100110]
1225 1179 1350 1236 deducas

114 1261 192 1318 Flor.
210 1260 237 1317 F
254 1258 318 1316 Pal.
336 1260 363 1318 1.
407 1267 461 1316 toto
478 1259 536 1334 die]
555 1268 611 1317 tota
627 1263 673 1319 die
694 1261 775 1319 Flor.
792 1261 825 1319 H
849 1261 936 1318 Bern.
954 1260 997 1334 B,
1020 1269 1051 1319 et
1069 1264 1199 1336 prosimu
1223 1263 1304 1320 deest
1318 1263 1349 1320 in

114 1346 191 1404 Flor.
210 1345 269 1402 ΕΗ
285 1345 372 1402 Bem.
389 1343 416 1402 B
439 1343 529 1402 Voss.
548 1345 577 1400 2.

199 1429 273 1506 Cap.
292 1431 344 1502 24,
361 1431 387 1504 3.
405 1430 456 1487 28.
487 1432 707 1507 propinquique]
726 1441 751 1490 et
767 1433 919 1507 propinqui
933 1433 1014 1490 Flor.
1032 1432 1092 1491 ΕΗ
1109 1432 1197 1491 Bem.
1214 1433 1241 1490 B
1258 1431 1348 1490 Voss.

115 1515 143 1574 2.
178 1535 213 1573 00
230 1517 264 1573 eie
281 1516 346 1591 sua]
371 1533 420 1573 nea
437 1516 472 1572 ae
488 1534 540 1572 sua
566 1513 645 1573 Leid.
668 1517 748 1574 Flor.
768 1515 809 1591 Ο,
837 1519 893 1575 nisi
909 1518 943 1575 de
959 1537 1012 1576 sua
1028 1519 1108 1576 Flor.
1127 1517 1188 1575 ΕΗ
1205 1518 1292 1576 Bern.
1309 1516 1347 1576 B.

115 1601 244 1676 omnium]
263 1603 432 1675 omniumque
449 1600 529 1657 Flor.
547 1598 610 1659 GH
626 1600 714 1659 Bern.
731 1603 769 1660 B.

197 1688 225 1760 S.
244 1687 296 1743 29.
330 1705 380 1744 ree
404 1685 519 1760 introd]
544 1705 595 1743 rea
618 1705 681 1744 uero
702 1688 816 1761 introi]
841 1687 1031 1749 Β100.ΟΕΗ
1056 1689 1186 1747 Bern.B
1211 1688 1301 1748 Voss.
1319 1689 1348 1746 2.

117 1770 310 1846 omentum]
335 1769 385 1829 Sia
401 1771 487 1828 Bem.
506 1771 538 1828 A
555 1771 633 1829 Flor.
650 1772 689 1830 Β.

198 1858 280 1932 S.1.
308 1875 357 1914 nos
373 1856 450 1931 uero]
469 1853 572 1913 Omiu.
588 1875 639 1914 nos
661 1858 733 1916 Flor
760 1859 818 1917 ΕΗ
834 1858 922 1917 Bern.
938 1857 965 1914 B
983 1859 1073 1917 Voss.
1091 1859 1121 1915 2.
1168 1858 1347 1917 000010101-

114 1945 184 2018 mus]
207 1943 349 1999 oonsiium
365 1943 439 1999 unde
456 1943 582 1999 inivimus
606 1942 687 2002 Flor.
707 1943 790 2002 ΟΕΗ
814 1944 900 2002 Bern.
920 1944 962 2017 B,
985 1944 1094 2019 fuitque
1111 1944 1196 2002 etiam
1218 1945 1248 2001 in
1265 1945 1346 2002 Flor.

115 2025 154 2101 G,
171 2027 222 2087 sed
240 2035 405 2085 correctum.

198 2114 225 2187 S.
245 2113 276 2169 4.
312 2113 409 2187 quibus
425 2113 468 2188 tu]
488 2110 590 2170 omitt.
607 2121 637 2170 tu
658 2114 725 2173 edit.
746 2115 820 2173 Mer.
837 2113 909 2174 Ald.
926 2114 964 2172 01.

197 2200 223 2272 3.
242 2197 272 2254 5.
306 2198 436 2273 impositi]
452 2200 539 2273 positi
553 2197 632 2255 Flor.
649 2199 710 2258 ΕΗ
727 2200 815 2258 Bern.
832 2201 870 2258 Β.

197 2285 225 2358 3.
244 2283 275 2340 6.
303 2284 349 2340 aa
365 2292 452 2357 erpet.
469 2281 578 2361 sappi]
601 2285 640 2341 ad
661 2295 748 2361 enpet.
770 2295 877 2343 tuorum
894 2285 1031 2359 supplicia
1053 2283 1140 2342 Bern.
1158 2285 1200 2343 A.
1243 2285 1345 2360 subito]

116 2369 204 2427 omitt.
231 2368 311 2426 Flor.
330 2365 414 2425 CEH
438 2367 569 2425 Bern.B
591 2368 681 2429 Voss.
698 2373 728 2429 2.
771 2381 801 2429 01
818 2372 928 2444 causas]
955 2373 995 2426 uti
1012 2388 1110 2428 000000
1127 2369 1208 2429 Flor.
1226 2370 1273 2446 Η,
1301 2372 1349 2428 011
1395 2393 1399 2400 ·

117 2472 212 2512 causas
229 2454 310 2512 Flor.
329 2454 364 2526 E,
381 2455 423 2509 uti
438 2454 487 2510 ubi
501 2453 590 2511 Bern.
605 2453 643 2512 Β.

198 2538 273 2615 Cap.
291 2539 346 2612 25,
364 2540 390 2614 3.
409 2539 438 2596 8.
475 2541 693 2617 0000111001]
721 2560 826 2616 quoque
848 2541 896 2598 111.
921 2540 1000 2598 Flor.
1026 2539 1111 2598 CEH
1135 2541 1222 2599 Bern.
1242 2541 1280 2599 Β.
1319 2550 1348 2598 at

118 2623 199 2701 Gali]
218 2623 322 2684 Omiu.
339 2633 368 2681 at
385 2623 463 2682 Flor.
483 2622 567 2682 CEH
584 2624 672 2683 Bern.
691 2626 718 2684 B
736 2627 826 2686 Voss.
846 2627 876 2683 2.

197 2711 224 2784 3.
245 2711 275 2767 9.
317 2729 350 2768 aa
374 2728 407 2766 ne
434 2743 472 2752 —
499 2712 619 2784 quidem]
644 2730 715 2768 aune
735 2712 838 2768 uultum
864 2712 965 2785 quippe
989 2709 1070 2771 Flor.
1096 2707 1180 2768 CEH
1204 2711 1292 2768 Bern.
1310 2712 1348 2784 Β,

115 2797 213 2870 quippe
230 2814 269 2852 ex
285 2793 410 2853 Voss.2
435 2802 560 2852 notetur.
604 2795 648 2853 110
665 2799 725 2870 qui]
751 2796 782 2852 11
798 2797 847 2869 qui
862 2794 943 2852 Flor.
964 2791 1049 2852 CEH
1073 2794 1161 2853 Bam.
1177 2795 1215 2853 B.
1262 2796 1348 2854 Catii·

113 2880 232 2955 stimen]
260 2878 309 2938 sis
326 2880 405 2938 solus
422 2879 510 2937 Bern.
527 2881 559 2938 A
576 2881 612 2938 de
628 2880 745 2939 nostris.

196 2967 224 3040 3.
245 2966 296 3023 10.
332 2959 423 3047 nobis]
441 2965 533 3023 omitt.
551 2966 631 3024 Flor.
649 2967 682 3024 H
699 2967 786 3024 Bern.
805 2963 832 3021 B
850 2961 940 3021 Voss.
957 2962 986 3019 2.

80 3042 85 3053 ’
196 3051 295 3124 S.11.
330 3046 1017 3127 1000000000]10000001001100.Ε6Ι.
1052 3057 1077 3104 et
1093 3050 1217 3123 sordido]
1237 3067 1270 3106 00
1287 3067 1347 3106 sor-

113 3136 176 3193 dido
193 3136 276 3194 Flor.
294 3136 353 3192 ΕΗ
371 3135 458 3193 Bern.
476 3135 513 3193 B.
555 3139 679 3212 uictores]
702 3133 993 3195 0101000οΕ100.ΕΗ
1010 3132 1098 3190 Bern.
1116 3134 1143 3190 B
1161 3133 1251 3192 Voss.
1269 3135 1298 3191 2.

196 3223 222 3295 3.
243 3222 293 3277 12.
336 3222 489 3278 Persarum
506 3224 581 3296 erpo]
606 3241 669 3297 erqo
686 3221 777 3281 omitt.
801 3220 881 3278 Flor.
899 3222 941 3293 Ε,
966 3221 1171 3294 Persarumque
1188 3220 1269 3278 Flor.
1286 3220 1347 3278 ΕΗ

111 3305 197 3364 Bern.
213 3305 251 3381 Β,
268 3307 353 3364 Pers.
376 3324 481 3382 quoque
497 3306 588 3365 Voss.
608 3307 638 3364 2.

195 3393 222 3468 S
249 3393 300 3452 13.
343 3392 492 3466 aversaris]
518 3394 676 3451 aduersaris
697 3391 777 3460 Flor.
801 3387 901 3449 EGH.
945 3391 1104 3468 fastidires]
1126 3392 1244 3468 fastidis
1266 3391 1346 3450 Flor.

110 3477 193 3535 DFI.
232 3478 314 3534 etiam
331 3477 433 3553 larun]
452 3497 512 3534 eum
529 3478 619 3534 Iouem
636 3478 716 3536 Flor.
733 3477 793 3534 ΕΗ
810 3477 898 3535 Bern.
916 3478 954 3535 B.

198 3559 275 3638 Cap.
305 3562 363 3634 26,
392 3563 418 3636 3.
448 3563 477 3620 2.
512 3562 631 3637 deberet]
650 3565 726 3621 debet
742 3562 822 3619 Flor.
842 3560 927 3620 BDI.

194 3650 221 3722 S.
240 3648 271 3705 3.
311 3648 520 3724 antiquissimis]
539 3649 659 3724 antiquis
675 3650 756 3707 Flor.
774 3648 835 3705 ΕΗ
859 3648 991 3706 Bern.B
1016 3649 1106 3706 Voss.
1126 3650 1156 3706 2.
1190 3665 1209 3702 0
1226 3649 1344 3720 maritis]

108 3743 133 3790 et
149 3754 168 3791 a
184 3734 294 3790 maritis
312 3732 392 3790 Flor.
410 3733 494 3791 DFI.

194 3820 222 3892 S.
242 3819 272 3874 4.
307 3819 417 3875 namin
435 3819 549 3894 eeteros]
567 3838 631 3877 nam
648 3828 674 3877 et
689 3822 719 3877 iu
737 3827 836 3876 eeteros
853 3817 933 3877 Flor.
952 3816 1057 3889 ΒΕΘ,
1082 3836 1147 3874 nam
1164 3818 1234 3872 etin
1251 3818 1347 3874 ceteris

109 3903 188 3962 Flor.
207 3903 242 3962 1.

193 3991 221 4063 3.
241 3988 272 4045 5.
308 3988 416 4044 minime
432 3988 504 4046 1000.
522 3985 659 4066 endmiror]
677 3991 745 4046 inest
762 3987 834 4045 isera.
852 3989 1005 4046 admirator
1026 3984 1106 4042 Flor.
1125 3985 1183 4043 EH
1199 3984 1288 4043 Bern.
1306 3986 1345 4043 B.

108 4072 264 4150 Philotam]
281 4073 411 4129 Philotan
428 4074 516 4132 Bern.
533 4074 573 4132 A.
1102 4124 1105 4132 .

195 4156 268 4234 Cap.
285 4157 336 4230 27,
355 4158 380 4231 3.
400 4159 428 4215 9.
464 4160 532 4234 quid
547 4177 594 4233 eqo
612 4160 708 4235 mirer]
728 4158 796 4232 quid
812 4175 858 4229 eqo
875 4158 961 4213 miror
977 4154 1057 4213 Flor.
1075 4154 1240 4216 DFGIEH
1256 4156 1346 4214 Bern.

107 4243 143 4300 B.
186 4243 318 4318 enprobr.
336 4242 435 4322 00000]
453 4244 563 4318 eaprob.
580 4243 647 4300 milri
663 4262 748 4301 austu
772 4241 852 4299 Flor.
871 4241 927 4297 DI.
962 4243 996 4298 de
1012 4240 1147 4321 hostibus]
1172 4242 1206 4299 eie
1227 4242 1347 4300 hostibus

107 4331 164 4387 suis
188 4330 327 4386 sustinere
350 4327 430 4386 Flor.
448 4327 571 4401 DFGI,
595 4330 685 4387 verba
708 4330 840 4386 sustinere
863 4346 917 4385 non
938 4337 1068 4401 possunt.
1098 4327 1137 4386 At
1154 4329 1225 4386 enim
1242 4329 1349 4386 Persae

108 4415 282 4472 omittuntur
298 4411 328 4468 in
346 4413 425 4471 Flor.
444 4413 527 4473 CEH
544 4415 631 4471 Bern.
649 4415 675 4470 B
692 4413 782 4472 Voss.
800 4413 831 4469 2.
