2926 5174
112 269 186 341 200
277 344 282 355 ⁸
583 284 617 347 o.
646 283 770 336 curru
794 285 879 336 auri
921 311 929 323 ·

111 473 170 572 gio
197 469 340 546 attoniti
373 467 624 562 intuebantur,
653 480 707 562 et,
733 478 924 567 antequam
949 470 1015 544 lux
1042 496 1192 571 quoque
1213 482 1249 546 et
1271 499 1333 548 coe·

111 585 187 656 lum
211 584 308 682 ipsos
335 577 543 670 deficerent,
576 582 709 656 reverti
740 581 920 655 iubebant.
973 581 1055 656 Rex
1080 585 1256 684 castigare
1279 596 1334 659 ter·
1348 605 1381 652 rs

89 695 199 767 'ritos
231 688 447 791 supersedit:
479 682 636 766 ceterum
661 694 738 792 ipse
764 718 856 790 equo
883 693 1043 783 desiluit,
1078 693 1262 793 pedesque
1285 723 1337 796 per

110 805 212 879 nives
239 815 276 878 et
301 811 505 876 concretam
531 804 679 900 glaciem
703 803 842 902 ingredi
867 804 994 902 coepit.
1033 802 1337 880 Erubuenmtnon

112 917 222 1014 sequi,
249 915 402 1016 primurn
429 913 549 1004 amici,
584 912 712 988 deinde
739 915 920 1014 copiarum
948 915 1076 1006 duces,
1112 915 1163 989 ad
1188 919 1337 991 ultimum

109 1029 257 1102 milites:
298 1026 501 1126 primusque
541 1052 608 1099 rex
641 1025 789 1100 dolabra
823 1027 973 1124 glaciem
1006 1027 1250 1128 perfringens,
1282 1031 1337 1103 iter

111 1140 178 1213 sibi
212 1141 310 1213 fecit:
354 1137 558 1233 exemplum
595 1138 689 1235 regis
725 1139 832 1212 ceteri
871 1137 999 1210 imitati
1031 1148 1126 1211 sunt.
1192 1139 1336 1216 Tandem
1350 1160 1381 1207 15

109 1251 370 1352 propemodum
400 1248 515 1321 invias
547 1248 655 1322 silvas
683 1249 831 1339 emensi,
865 1248 1012 1322 humani
1038 1252 1157 1324 cultus
1184 1278 1265 1326 rara
1289 1279 1336 1326 ve·

111 1365 217 1462 stigio
242 1374 279 1439 et
304 1361 437 1462 passim
463 1370 622 1433 errantes
647 1386 816 1460 pecorum
847 1385 974 1458 greges
1000 1387 1213 1460 repperere:
1240 1375 1275 1438 et
1297 1364 1335 1436 in·

113 1476 221 1566 colae,
243 1475 303 1572 qui
331 1470 462 1570 sparsis
489 1473 639 1567 tuguriis
665 1474 885 1562 habitabant,
899 1497 981 1544 cum
1007 1498 1046 1545 se
1072 1473 1223 1548 callibus
1248 1476 1336 1548 inviis

114 1595 237 1682 septos
280 1609 359 1659 esse
396 1579 645 1673 credidissent,
686 1594 726 1657 ut
764 1607 982 1682 conspexere
1017 1584 1179 1658 hostium
1213 1612 1334 1684 agmen,

112 1696 306 1770 interfectis
334 1694 394 1792 qui
420 1698 580 1771 comitari
605 1697 780 1793 fugientes
806 1721 881 1768 non
905 1705 1083 1793 poterant,
1102 1695 1229 1770 devios
1254 1723 1335 1769 mon·

111 1818 167 1882 tes
194 1817 231 1880 et
263 1807 404 1883 nivibus
440 1808 576 1884 obsitos
608 1807 822 1905 petiverunt.
888 1807 975 1880 Inde
1001 1833 1066 1904 per
1092 1809 1269 1905 colloquia
1291 1833 1334 1880 ca·
1347 1824 1378 1872 1⁶

112 1920 296 2018 ptivorum
320 1919 500 2016 paulatim
517 1920 658 1993 feritate
678 1919 850 2016 mitigata,
877 1917 1056 1993 tradidere
1084 1943 1124 1993 se
1150 1920 1238 2018 regi.
1274 1917 1333 1993 Nec

111 2031 148 2105 in
174 2030 315 2104 deditos
341 2031 486 2128 gravius
512 2031 723 2107 consultum.
983 2098 985 2104 .
1023 2097 1029 2104 a

216 2139 378 2214 Vastatis
412 2141 495 2215 inde
521 2142 616 2240 agris
643 2139 814 2229 Persidis,
846 2139 1003 2236 vicisque
1029 2141 1272 2239 compluribus
1294 2167 1333 2214 re·
1347 2157 1374 2205 1⁷

111 2251 228 2324 dactis
252 2252 290 2324 in
316 2262 542 2350 potestatem,
562 2263 709 2327 ventum
735 2260 791 2324 est
814 2252 851 2340 in
876 2249 1084 2325 Mardorum
1110 2265 1257 2351 gentem
1278 2253 1333 2326 bel·

111 2365 259 2465 licosam
286 2374 322 2438 et
346 2365 500 2437 multum
513 2392 535 2438 a
548 2364 674 2438 ceteris
696 2361 815 2436 Persis
843 2364 941 2434 cultu
966 2363 1062 2436 vitae
1089 2364 1333 2438 abhorrentem.

113 2474 248 2574 Specus
274 2475 317 2562 in·
336 2474 518 2548 montibus
545 2475 701 2566 fodiunt,
736 2474 773 2545 in
799 2499 888 2570 quos
916 2498 1023 2570 seque
1050 2499 1093 2547 ac
1120 2477 1286 2575 coniuges
1306 2484 1333 2547 et

112 2587 244 2661 liberos
282 2585 459 2658 condunt:
503 2612 673 2685 pecorum
707 2595 771 2658 aut
806 2585 961 2658 ferarum
1000 2609 1108 2657 carne
1149 2599 1332 2663 vescuntur.

112 2695 167 2772 Ne
192 2696 331 2770 seminis
357 2696 500 2795 quidem
525 2725 591 2797 pro
618 2707 767 2771 naturae
785 2695 912 2769 habitu
923 2697 1085 2769 molliora
1096 2697 1243 2796 ingenia
1255 2707 1332 2774 sunt:
1345 2706 1366 2757 ¹⁸

119 3023 125 3034 ι
149 2954 172 3019 ς.
192 2957 233 3032 11.
269 2951 375 3032 desiluit
386 2951 518 3032 pedesque
529 2967 582 3020 per
598 2951 670 3002 aives
683 2981 719 2990 —
751 2948 857 3030 Arrian.
879 2949 905 3002 in
928 2949 987 3004 Ind.
1004 2967 1026 3004 o.
1046 2957 1076 3004 11
1097 2950 1241 3033 Persarum
1256 2950 1333 3032 ricinos

71 3101 73 3105 >
114 3019 471 3155 tlttlbltltllt}
488 3037 536 3142 ll?
554 3018 657 3152 ilii,
674 3021 719 3138 ‘²1⁰2'
751 3017 995 3154 intitulat?
1010 3020 1334 3160 tantalum

114 3155 211 3228 princ,
234 3157 306 3209 nives
351 3155 468 3210 auciores
490 3157 538 3209 sed
562 3154 719 3228 integriores
752 3172 778 3224 p.
797 3160 845 3207 807
868 3173 906 3225 sq.
941 3154 1005 3209 Non
1029 3173 1082 3210 uno
1109 3156 1170 3212 loco
1192 3159 1294 3212 vivebat
1312 3169 1334 3208 es
1379 3190 1381 3213 ;

114 3224 211 3295 quique
228 3221 301 3276 Leid.
347 3223 716 3278 oss.1Bem.AFlor.AB
752 3222 839 3290 natio,
865 3224 911 3276 sed
933 3222 1082 3294 regionibus
1101 3225 1209 3294 dissita,
1231 3226 1253 3280 si
1276 3222 1333 3279 salut
1379 3250 1381 3291 5

114 3310 163 3363 pro
189 3291 234 3343 vul
255 3330 260 3342 .
283 3292 374 3344 nivem.
409 3291 454 3344 Sic
476 3291 556 3345 etiam
579 3302 642 3345 ante
656 3310 718 3362 per·
752 3299 814 3344 sunt
839 3291 953 3345 nationis
994 3291 1021 3345 ui
1038 3293 1129 3346 Mardi
1154 3296 1189 3349 ad
1206 3294 1335 3349 Medias
1378 3294 1381 3351 l

108 3360 199 3438 peluis
226 3309 336 3438 obsitum
358 3359 461 3412 nivibus
483 3367 512 3412 et
536 3368 597 3431 post
621 3370 717 3414 montes
751 3359 900 3429 Hyrcaniae
917 3368 945 3414 et
958 3310 996 3441 ‘ad
1012 3361 1170 3431 Margianae
1187 3362 1335 3418 Bactrinuw·
1378 3356 1381 3437 l

115 3427 219 3480 nimbus
237 3426 341 3479 obseres.
750 3445 805 3499 ⁴que
821 3428 885 3482 lines
903 3429 1068 3496 habrtabant.
1379 3452 1381 3491 ;

151 3495 174 3561 ς.
203 3498 243 3545 15.
285 3510 378 3563 preces
407 3499 553 3564 repperere]
597 3495 717 3549 Verbum
785 3499 814 3549 in
832 3515 894 3566 quos
912 3515 988 3566 seque
1005 3516 1037 3550 oc
1050 3502 1189 3572 cmiuqes]
1206 3498 1336 3572 Sioprimu

116 3559 213 3642 duplici
241 3560 315 3614 litera
336 3579 358 3630 p
385 3560 414 3614 in
445 3562 550 3632 optimis
585 3563 716 3617 codicibus
750 3564 860 3619 Modius
886 3567 1027 3620 secundum
1056 3567 1140 3622 libros
1176 3569 1265 3641 quales
1291 3570 1336 3623 sunl

115 3630 190 3684 Lerd.
216 3628 296 3682 Voss.
324 3637 337 3682 1
364 3629 445 3683 Bem.
471 3632 498 3683 A
524 3632 594 3686 Flor.
615 3632 665 3685 AB
688 3646 717 3687 et
750 3632 834 3689 nostri
851 3633 933 3687 Bam.
950 3635 977 3688 A
993 3635 1064 3688 Flor.
1074 3635 1167 3704 ABG,
1186 3647 1264 3692 antes
1279 3654 1302 3692 se
1314 3648 1336 3685 at

116 3697 175 3753 aliis
198 3697 330 3778 nonnullis
353 3697 491 3766 scribitur,
518 3718 569 3771 qua
592 3701 671 3754 dere
688 3719 722 3756 ne
757 3703 886 3770 cociepes.
905 3701 989 3757 Codd.
1007 3702 1152 3759 deteriores
1169 3707 1336 3774 variantem

114 3768 191 3840 plura
207 3767 331 3847 disseram
349 3775 471 3847 accurata
490 3766 605 3823 Conradi
613 3771 724 3824 Schnei-
757 3788 948 3840 quoequeseoc
964 3771 1034 3825 Flor.
1048 3771 1137 3841 CEH,
1155 3793 1218 3846 quos
1236 3784 1336 3895 ᾳαἭνιι

116 3835 173 3892 deri
191 3835 328 3904 dibgentra
345 3835 418 3902 saort,
438 3835 521 3890 Elem.
539 3858 565 3910 p.
579 3845 628 3893 599
648 3855 721 3910 seqq.
745 3856 784 3900 ,se
801 3856 833 3891 ac
841 3838 912 3892 Flor.
920 3839 970 3908 DI,
989 3858 1050 3909 quos
1068 3843 1177 3912 quisque
1191 3861 1219 3897 se
1236 3861 1267 3897 ur
1308 3854 1336 3892 or·

150 3905 286 3983 ernioibua
301 3906 395 3958 obsitos
411 3905 461 3958 hoc
475 3905 567 3960 ordine
581 3909 721 3962 verborum
755 3907 786 3973 F,
806 3923 868 3975 quos
886 3925 982 3977 quoque
999 3925 1027 3962 ae
1043 3926 1076 3961 oc
1093 3909 1178 3967 Bern.
1195 3911 1229 3978 B,
1301 3920 1336 3983 qv!

115 3989 205 4028 omncs
223 3973 336 4040 codices,
355 3973 402 4026 scd
419 3974 521 4027 nivibus
540 3993 594 4030 non
611 3984 652 4029 est
669 3975 719 4029 nisi
754 3993 830 4044 seque
847 3977 962 4029 traditur
984 3993 1041 4029 esse
1057 3975 1085 4029 in
1103 3978 1182 4033 Voss.
1199 3986 1223 4035 2.
1246 3927 1336 4033 onroew

115 4042 143 4096 in
160 4042 240 4096 Bern.
258 4041 285 4094 A
300 4041 372 4095 Flor.
389 4041 440 4094 AB
457 4039 542 4111 Leid,
560 4043 653 4114 reliqui
671 4063 719 4097 nu·
753 4058 816 4110 vm,
828 4051 859 4097 15
877 4047 951 4098 miles
968 4061 1044 4114 seque
1060 4055 1084 4098 et
1102 4063 1181 4101 amno
1198 4056 1335 4105 sesumam,

117 4112 199 4178 bibus,
218 4108 298 4162 etiam
314 4109 391 4165 Voss.
411 4117 424 4164 1
444 4116 472 4162 et
489 4109 573 4166 Medii
590 4113 719 4166 membra·
753 4111 843 4164 Livius
853 4127 882 4179 v,
892 4120 925 4166 49
934 4120 1002 4166 et51
1020 4115 1069 4166 sed
1085 4115 1175 4184 diique
1192 4125 1216 4170 et
1231 4115 1333 4174 11ωηὶπῶ

116 4193 167 4230 nee
183 4195 248 4248 quas
265 4177 337 4231 dicit.
752 4195 785 4246 11,
804 4186 836 4233 59
855 4199 883 4234 eo
895 4198 996 4250 pavore
1013 4182 1141 4251 ripaeque
1153 4185 1333 4237 acerrimar-

153 4247 175 4313 ς.
195 4252 236 4298 17.
266 4245 425 4300 Mardorum
440 4258 542 4317 pentem
559 4248 717 4317 bellicosam]
753 4249 841 4316 bavit,
859 4263 937 4316 xxv,
957 4255 989 4303 14
1007 4259 1143 4304 execratus
1161 4253 1250 4306 iader
1314 4251 1332 4296 A

110 4312 207 4392 ¹Vulgo
225 4314 457 4382 bellicosissimam,
475 4317 522 4370 sed
535 4314 719 4371 contrafidem
753 4319 887 4370 cohortem,
917 4316 989 4388 Vide
1022 4317 1081 4369 lura
1098 4319 1147 4373 sed
1163 4318 1246 4374 mixta
1284 4315 1290 4329 '
1316 4309 1322 4323 ⁸

118 4378 191 4433 libna
213 4378 337 4436 debitum.
376 4382 419 4435 Dc
444 4383 545 4438 Mardis
574 4382 627 4459 his,
653 4400 718 4455 quos
749 4385 822 4458 ,apud
840 4384 925 4458 Drak.
943 4385 977 4443 ed
1003 4384 1052 4457 iv,
1067 4399 1098 4456 x,
1117 4393 1162 4457 90,
1181 4395 1204 4460 9,
1320 4439 1326 4445 .
