2926 5174
508 282 556 331 nu
583 281 709 334 oneris
735 280 844 333 saux.
868 283 919 352 rx,
937 281 962 328 4.
1275 266 1348 337 433

132 453 408 534 convocaverunt.
463 461 533 555 llli,
569 466 792 540 clementiam
823 465 918 564 regis
951 461 1124 562 simulque
1151 464 1225 538 vim
1256 493 1349 540 com-

127 572 351 664 memorando,
378 571 425 646 ad
449 573 665 649 deditionem
683 602 744 652 eos
764 579 981 675 compulere:
1009 564 1216 675 ceterasque
1239 579 1347 652 urbes

125 682 217 754 simili
242 683 346 756 modo
373 685 530 770 domitas
556 688 592 759 in
619 687 727 760 fidem
753 689 898 787 accepit.

91 813 108 856 ³4
215 793 305 868 Hine
339 797 375 869 in
409 823 562 896 regnum
578 795 751 896 'Sopithis
786 809 1000 898 perventum
1035 809 1098 872 est.
1159 795 1273 890 Gens,
1309 811 1351 874 ut
1379 803 1399 873 5

121 903 256 978 barbari
282 907 446 997 credunt,
481 910 655 1006 sapientia
681 911 842 1000 excellet,
874 911 1049 1007 bonisque
1075 910 1234 984 moribus
1261 913 1350 1010 regi·

91 1025 182 1087 itur.
236 1013 381 1101 Genitos
414 1020 545 1094 liberos
578 1046 651 1092 non
683 1012 872 1117 parentum
905 1022 1052 1094 arbitrio
1079 1022 1211 1094 tollunt
1237 1024 1350 1096 alunt·

115 1151 195 1224 que,
231 1127 294 1200 sed
321 1155 459 1222 eorum,
495 1133 622 1228 quibus
650 1132 835 1228 spectandi
860 1133 1048 1204 infantium
1074 1133 1236 1206 habitum
1261 1160 1347 1207 eura

113 1237 281 1312 mandata
307 1251 369 1313 est.
423 1239 460 1314 Si
479 1268 568 1339 quos
587 1243 743 1341 insignes
767 1254 830 1316 aut
847 1245 965 1340 aliqua
986 1256 1088 1342 parte
1106 1244 1350 1318 membrorum

91 1349 253 1422 iinutiles
280 1361 507 1444 notaverunt,
534 1354 654 1426 necari
679 1353 813 1426 iubent.
865 1352 1007 1451 Nuptiis
1034 1364 1165 1429 coelunt
1189 1380 1262 1427 non
1289 1381 1348 1454 ge·

111 1485 195 1534 nere
221 1487 264 1534 ao
295 1464 479 1541 nobilitate
506 1466 717 1556 coniunctis,
753 1463 819 1537 sed
851 1466 964 1539 electa
994 1492 1185 1564 corporum
1219 1468 1348 1565 specie,

109 1732 159 1776 tur.
194 1722 321 1794 Denique
341 1741 411 1778 nune
440 1728 552 1780 domitae
575 1726 635 1780 dedi
660 1744 708 1798 pro
744 1728 848 1780 excellet
872 1726 982 1780 abludit.
1017 1726 1055 1780 Et
1082 1726 1161 1779 fuisse
1182 1726 1245 1780 olim
1268 1726 1347 1781 etiam

107 1791 178 1862 vulg.
197 1792 313 1847 lectione
331 1796 441 1861 deditas,
466 1813 546 1866 quam
562 1814 616 1850 non
632 1804 709 1849 tuen·
744 1795 875 1859 excelleo,
898 1795 1009 1849 excelles
1027 1794 1175 1849 Priscianus
1197 1804 1290 1850 auctor
1307 1806 1348 1849 est

107 1867 150 1912 tur
172 1861 205 1912 de
229 1861 325 1914 nostris
352 1863 401 1915 nisi
423 1863 494 1917 Flor.
512 1865 564 1917 ΕΗ
587 1865 708 1918 Bern.B
744 1864 784 1916 bis
825 1882 866 1934 ag.
884 1869 934 1918 838
958 1874 987 1917 et
1005 1869 1064 1931 896,
1082 1864 1123 1916 bis
1145 1863 1224 1917 etiam
1243 1864 1347 1919 Cicero·

107 1928 266 2009 deterrimae
285 1937 371 1983 sectae
388 1932 539 2002 participes.
574 1933 611 1986 Hi
629 1933 711 2013 igitur
745 1931 785 1984 nis
803 1882 890 1985 liscum
903 1949 936 1984 ex
949 1947 968 1984 1.
978 1931 1055 2001 epist.
1074 1932 1107 1984 ad
1125 1933 1206 1984 lilium
1223 1933 1359 2003 laudans:-

106 2000 218 2051 domitas
236 2000 316 2051 urbes
333 1999 404 2053 nulla
421 2000 448 2054 vi
465 2009 576 2054 externa
593 2001 711 2055 adhibita
749 2002 835 2061 Quare
867 2001 941 2070 effice
969 2011 992 2054 et
1023 2002 1129 2054 elabora
1159 2012 1186 2054 ut
1214 2005 1346 2055 excellens.

105 2083 157 2119 noir
174 2066 305 2120 tulerunt.
341 2067 491 2122 Ferendum
500 2077 588 2122 tamen
596 2070 709 2135 videtur,
745 2069 826 2125 Bern.
847 2069 870 2121 B
888 2069 959 2122 Flor.
976 2069 1029 2122 ΕΗ
1046 2070 1173 2122 mendose
1191 2073 1307 2129 excellat.

104 2134 710 2278 statuistitsiiuriitlt
744 2173 1034 2310 ..statana
1050 2172 1349 2295 sllicitat-at:

105 2272 173 2325 dum·
746 2316 757 2360 1
777 2308 886 2375 invenit,
905 2325 955 2379 ego
974 2326 1008 2361 ex
1021 2308 1193 2363 FlonDFGI
1210 2317 1347 2363 enotatum

102 2340 709 2493 ..igi-anuatitillata
742 2377 1348 2514 serisiitrististristis

101 2477 224 2614 {arhmsss’
250 2496 359 2616 ¹123&
369 2480 593 2602 Sffleqoecgtffr
606 2500 708 2602 1ἓέΠὲ
743 2513 871 2594 editiones
888 2515 1346 2595 ante'ipsumsepneeeifhibuemnt,

762 2584 816 2635 uod
838 2603 866 2635 m
890 2585 925 2635 du
945 2583 987 2636 lici
1009 2592 1079 2636 secta
1106 2585 1266 2636 deteriorum
1293 2602 1347 2637 una

101 2615 221 2669 Diodoro
241 2618 410 2683 Σωπείθης,
437 2616 506 2669 idem
526 2635 558 2670 ue
582 2618 610 2670 in
636 2626 708 2671 terra

101 2637 707 2823 &qepgippgpqpppgmffigfflq-
741 2601 1347 2799 {¹⁰l0liipliltloellllllilidii·

700 2795 706 2820 ’
742 2788 822 2841 libros
840 2806 899 2841 mss.
918 2795 1091 2853 certumst,
1110 2805 1140 2841 ao
1158 2804 1236 2857 saepe
1255 2807 1282 2840 ιιι
1300 2790 1346 2840 de-

100 2827 125 2886 2,
143 2838 309 2901 quamquain
331 2821 373 2875 liic
393 2822 501 2893 quidem
518 2823 583 2876 nihil
601 2841 706 2877 aecura-
744 2856 870 2909 ,morem
877 2865 981 2976 garten,
992 2856 1096 2922 dieitur,
1115 2863 1145 2907 ut
1158 2864 1276 2908 nostrum
1292 2857 1344 2918 aufe

895 2942 909 2977 e

99 2889 151 2942 tius
168 2890 265 2944 tradit.
298 2890 324 2942 It
359 2906 391 2942 ue
409 2893 527 2960 Sopithis
545 2892 710 2945 scribendum
745 2925 875 2990 {numm
910 2933 966 2977 out
983 2926 1095 2993 ,mim-3
1113 2926 1274 2993 impudentia
1291 2925 1345 2977 fre·

100 2966 166 3025 erat,
189 2967 219 3012 et
243 2966 309 3028 post
327 2976 345 3010 u
363 2977 373 3011 i
389 2976 485 3012 nomen
503 2978 531 3012 in
548 2961 709 3082 easqepbqupi
744 2993 866 3063 quentiae
883 2991 1031 3045 inveniatur
1058 3009 1136 3062 quam
1154 2994 1266 3062 miqui,
1292 2994 1345 3045 vir.

745 3072 799 3128 tus,
826 3077 913 3140 neque
936 3061 986 3114 hoo
1008 3060 1141 3114 offendere
1158 3060 1252 3127 debet,
1277 3062 1348 3132 quod

744 3148 797 3183 non
814 3130 922 3182 additur
943 3145 998 3195 res,
1027 3146 1080 3199 qua
1105 3127 1220 3198 insignes
1240 3129 1347 3197 suerint,

743 3216 805 3251 nain
823 3199 873 3252 hoo
889 3214 924 3250 ex
948 3197 1068 3267 sequenti
1090 3207 1136 3251 aut
1160 3200 1250 3266 aliqua
1268 3208 1349 3266 parte

744 3268 913 3320 membrorum
930 3268 1035 3319 inutiles
1052 3265 1199 3336 suppletur.
1223 3266 1348 3321 Ceterum

743 3335 824 3405 vulgo
843 3337 933 3406 aliqua
944 3337 1114 3388 membrorum
1125 3346 1215 3404 parte,
1235 3335 1280 3416 qui
1288 3353 1348 3389 ver·

100 3371 273 3505 ἓξῗίἓῖξξ,
287 3369 709 3509 efflffiulzl⁰g¹siffi⁰gnlff⁰ssqgg
744 3405 837 3458 borum
855 3405 919 3458 ordo
936 3402 964 3456 in
981 3403 1043 3457 solis
1056 3403 1189 3457 noane
1199 3405 1347 3458 exhibetur.

100 3517 197 3562 rentur.
236 3507 394 3560 Nemeum
417 3507 479 3560 olim
496 3516 569 3560 recte
586 3509 710 3560 ederetur
779 3509 853 3575 §.aa
891 3524 942 3559 non
959 3524 1052 3576 ponere
1070 3523 1102 3558 aa
1119 3508 1177 3559 nob.
1195 3509 1346 3574 coniunctis]

101 3585 171 3630 certe
188 3577 338 3630 seeundum
348 3577 640 3630 consensumlibrorum
648 3593 709 3629 mss.
743 3574 849 3628 Inutilis
873 3575 1006 3628 correctio
1028 3574 1169 3642 Schefferi,
1196 3575 1238 3628 cui
1261 3575 1348 3628 nescio

100 3655 127 3699 ut
143 3647 258 3700 barbari
277 3647 401 3710 credant,
423 3644 532 3697 Modius
550 3644 709 3715 elegantiam
745 3644 877 3715 quomodo
895 3642 983 3697 locum
997 3643 1057 3697 dedi
1075 3643 1102 3696 in
1120 3643 1208 3714 priore
1221 3642 1347 3710 editione,

99 3717 231 3785 quandam
251 3713 397 3779 odoratus,
420 3716 527 3766 credunt
544 3713 655 3780 delevit,
679 3720 709 3765 ut
744 3714 883 3772 coniuncti.
904 3731 965 3765 nam
982 3720 1010 3766 et
1027 3711 1100 3782 ipsae
1117 3715 1222 3780 nuptiae
1241 3713 1347 3764 coniun-

99 3782 148 3836 iam
165 3788 332 3854 superesset,
348 3799 413 3861 pens
430 3791 458 3834 ut
475 3783 583 3835 barbari
600 3783 708 3835 excellit.
741 3791 849 3850 quatur,
868 3779 957 3834 Germ.
977 3789 1067 3837 nertin
1087 3781 1228 3850 paulatini.
1247 3777 1303 3832 Cic.
1320 3795 1346 3848 p.

97 3850 150 3904 Sed
167 3853 219 3906 hoc
237 3850 330 3920 ipsum
347 3849 503 3903 inconcinne
521 3849 622 3903 dictum
636 3850 708 3902 vide-
744 3849 849 3902 Cluent.
866 3856 897 3902 12
916 3858 985 3904 extr.
1006 3866 1072 3918 quae
1094 3850 1200 3916 nuptiae
1222 3865 1273 3899 non
1292 3849 1348 3900 diu

97 3927 147 3988 tur,
166 3919 300 3992 quocirca
312 3917 437 3971 Heinsius
455 3918 539 3971 voluit
556 3929 584 3971 ut
602 3921 630 3970 in
648 3920 708 3970 bar·
744 3929 837 3971 ternae
849 3918 981 3988 fuerunt:
1009 3926 1083 3969 erant
1101 3917 1167 3968 enim
1185 3933 1236 3968 nan
1254 3915 1347 3968 matri·
1413 3967 1422 3975 ,

98 3990 176 4044 laria
214 3987 276 4043 Sed
293 3985 360 4039 nihil
377 3987 459 4039 tutius
478 4004 557 4056 quam
574 3986 660 4039 redire
675 3986 709 4038 ad
742 3987 823 4038 monii
849 3988 993 4055 ilipnitate,
1025 3988 1073 4038 sed
1097 3984 1202 4036 sceleris
1228 3985 1348 4036 societate

97 4057 239 4112 veritatem
249 4054 528 4125 fidemquelibrorum.
558 4055 631 4108 Dicit
640 4053 709 4107 enim
744 4058 902 4107 coniunctae.
937 4054 1007 4108 Flor.
1025 4053 1049 4105 E
1067 4051 1189 4105 BeruB
1212 4060 1258 4104 aut
1275 4051 1347 4104 nobi-

100 4124 206 4180 Guitius
227 4125 263 4176 de
283 4122 415 4176 communi
432 4124 501 4176 lama
514 4123 634 4194 gentium
646 4121 710 4175 vioi·
745 4124 826 4190 litate,
845 4123 915 4193 quod
925 4140 989 4176 cave
1005 4120 1100 4191 probes
1114 4136 1172 4171 eam
1186 4120 1219 4173 ob
1233 4137 1346 4187 oausam,

98 4211 197 4249 narum.
243 4191 320 4245 Tum
347 4190 428 4244 etiam
457 4209 506 4262 pro
539 4192 591 4244 fide
618 4198 710 4243 nostra
744 4191 815 4261 quod
835 4191 958 4260 negantis
986 4189 1068 4243 oratio
1095 4187 1136 4240 sit.
1172 4188 1242 4240 Nam
1266 4206 1347 4257 penus

99 4267 202 4318 excellet
225 4259 400 4315 scribendum
444 4278 474 4313 ro
500 4260 582 4329 vulg.
600 4260 709 4325 excellit,
744 4277 798 4311 non
814 4260 946 4312 diversum
963 4254 1186 4324 estanobilitate,
1205 4257 1251 4309 sed
1262 4275 1347 4326 penus

116 4332 157 4387 uia
173 4330 246 4385 illud
264 4328 295 4382 in
313 4327 421 4399 optimis
453 4327 612 4383 eidVossl
629 4328 709 4380 Bern.
745 4345 777 4380 ac
798 4330 920 4381 nobilitas
939 4331 970 4380 ἓν
989 4323 1035 4377 διὰ
1054 4321 1148 4393 δυοῖν,
1175 4323 1278 4396 generis
1300 4343 1347 4381 no·

100 4349 212 4456 lFlor.
238 4397 291 4452 AC
316 4413 368 4450 nee
388 4395 499 4451 Flor.B
522 4405 649 4451 excresset
671 4396 711 4448 vel
745 4395 842 4450 bilitas.

99 3026 230 3080 restitui·
252 3028 359 3096 Sopithe
381 3045 431 3097 pio
446 3029 562 3108 Sophite,

143 3095 292 3149 urentibus
316 3096 391 3149 codd.
429 3096 456 3148 ui
477 3115 505 3149 in
524 3095 632 3151 Graecis
654 3098 709 3150 fere

100 3164 252 3218 nominibus
270 3162 369 3217 vitiosi.
422 3181 496 3218 erum
513 3171 538 3232 §.
549 3172 579 3219 27
599 3183 629 3219 re
647 3182 710 3219 vera

100 3232 177 3287 Beni
196 3234 225 3286 A
263 3250 334 3285 nm.
353 3234 450 3302 Sopita.

132 3311 160 3356 ut
186 3251 301 3356 barilari
323 3304 439 3369 credunt]
475 3301 574 3356 Mirum
597 3310 650 3368 est,
677 3308 709 3354 ut

1159 4485 1194 4534 28
