2926 5174
425 290 474 341 nn
501 289 626 342 onsrrs
654 289 762 342 anan.
789 292 839 361 m,
858 290 883 341 1.
1201 275 1273 346 429

10 476 177 566 afirisset,
202 474 261 547 illa
283 452 506 549 dimicatione
532 483 768 573 prostratum3
796 484 916 548 cetera
933 476 1088 573 opimam
1105 477 1275 573 praedam

38 590 127 678 fore,
155 586 420 685 celebratasque
446 611 533 683 opes
559 587 596 658 in
622 610 665 659 ea
689 587 834 684 regione
856 587 1021 678 eminere,
1048 611 1154 683 quam
1179 600 1274 687 pete·

37 709 131 773 rent.
184 696 341 772 Proinde
366 699 437 770 iam
462 698 548 769 vilia
574 707 611 770 et
637 697 798 770 obsoleta
824 722 902 772 esse
929 698 1042 796 spolia
1067 696 1113 771 de
1139 697 1273 772 Persis:

36 808 187 907 gemmis
225 809 498 907 margaritisque
537 819 574 882 et
613 833 700 883 auro
740 820 847 906 atquc
886 809 994 882 ebore
1028 807 1275 883 Macedoniam

7 941 18 988 s
38 918 307 1017 Graeciamque,
323 944 405 993 'non
432 945 515 992 suas
540 930 681 993 tantum
708 919 843 1012 domos,
869 922 1045 1019 repletum
1063 922 1124 995 ire.
1164 920 1273 994 Avidi

34 1032 168 1105 milites
202 1041 239 1105 et
273 1032 444 1129 pecuniae
479 1040 516 1104 et
548 1032 699 1128 gloriae,
740 1032 844 1104 simul
879 1033 961 1128 quia
994 1057 1177 1128 nunquam
1212 1057 1274 1105 eos

35 1144 227 1217 affirmatio
263 1143 339 1215 eius
373 1143 563 1233 fefellerat,
599 1142 810 1240 pollicentur
845 1168 1009 1241 operam:
1050 1140 1273 1240 dimissisque

36 1280 119 1327 cum
146 1255 244 1329 bona
269 1278 349 1351 spe,
383 1254 525 1351 navigia
551 1253 776 1327 exaedificari
801 1253 918 1346 iubet,
955 1263 1013 1344 ut,
1053 1278 1134 1326 curn
1159 1263 1274 1326 totam

8 1366 163 1439 tAsiam
189 1365 439 1464 permunisset,
472 1366 581 1439 finem
606 1375 782 1438 terrarum
808 1390 905 1437 mare
931 1366 1109 1438 inviseret.
1160 1363 1275 1438 Multa

34 1477 186 1549 materia
212 1477 350 1549 navalis
376 1476 412 1548 in
444 1476 616 1574 proximis
647 1477 828 1550 montibus
855 1486 950 1550 erat:
989 1502 1096 1573 quam
1122 1476 1270 1551 caedere

8 1590 207 1686 saggressi,
233 1585 487 1687 magnitudinis
512 1586 702 1661 inusitatae
728 1613 917 1686 repperere
939 1598 1132 1686 serpentes.
1191 1588 1273 1662 Rhi-

34 1709 225 1773 nocerotes
253 1723 409 1796 quoque,
441 1721 562 1769 rarum
588 1697 672 1769 alibi
696 1699 842 1790 animal,
877 1701 914 1773 in
940 1699 1066 1773 iisdem
1091 1700 1273 1774 montibus

35 1821 145 1884 erant.
201 1807 371 1883 Ceterum
395 1808 464 1881 hoc
489 1835 620 1882 nomen
646 1809 759 1882 beluis
785 1809 938 1885 inditum
962 1836 986 1884 a
1008 1808 1173 1884 Graecis:
1201 1837 1273 1886 ser·

9 1922 148 1996 amonis
176 1922 255 1996 eius
281 1919 396 2018 ignari
422 1919 518 1992 aliud
543 1921 666 2018 lingua
692 1946 757 1995 sua
781 1933 965 2021 usurpant.
1018 1922 1108 2014 Rea,
1134 1922 1273 1997 duabus
1344 2004 1347 2015 ‚

65 2143 88 2206 S.
106 2147 131 2194 2.
170 2150 257 2195 cetera
282 2141 393 2209 opimam
414 2141 544 2209 praedam
564 2139 636 2208 sore]
672 2154 775 2193 neoesse
807 2138 858 2194 fuit
887 2140 1005 2212 recipere
1035 2141 1175 2196 lectionem
1200 2141 1273 2196 Flor.

31 2207 118 2330 Vnffio
145 2219 273 2276 ceterum,
307 2208 378 2278 quod
407 2214 479 2261 recte
504 2206 638 2260 damnavit
672 2206 789 2261 omnium
803 2210 941 2279 praeterB
951 2213 1136 2279 percurrisset,
1146 2219 1177 2264 ut
1186 2210 1274 2264 omnia

31 2275 67 2328 Sn
101 2278 259 2348 enburgius,
274 2284 343 2348 esset
351 2275 421 2329 enim
431 2283 547 2329 ceteram
559 2292 637 2356 prae·
672 2275 808 2346 adipsum
831 2294 921 2347 regem
941 2279 1095 2332 referantur.
1132 2279 1193 2343 Quo
1211 2297 1273 2350 pro-

31 2345 88 2398 dam
105 2346 224 2416 opimam
242 2347 314 2413 fore,
339 2345 411 2415 quod
427 2362 483 2398 non
500 2343 637 2414 significat,
672 2345 734 2398 bato
752 2353 811 2398 tota
827 2347 966 2400 verborum
982 2356 1112 2401 structura
1121 2347 1274 2401 concinnior

30 2414 76 2466 sed
97 2423 188 2468 cetera
205 2413 301 2467 Indiae
324 2413 377 2466 siva
400 2420 512 2467 ceteram
536 2412 639 2465 Indiam
672 2420 700 2465 et
723 2413 823 2467 facilior
849 2414 889 2469 fit.
925 2417 1026 2469 Verum
1050 2424 1081 2468 ut
1106 2417 1139 2469 de
1163 2433 1272 2469 numero

27 2482 57 2535 in
73 2485 202 2563 praedam
221 2499 360 2536 cessuram.
396 2482 470 2535 Tuto
494 2480 576 2550 igitur
598 2498 638 2534 sa·
673 2481 797 2552 singulari
816 2501 868 2537 non
886 2483 986 2551 dubito,
1005 2485 1043 2538 ita
1060 2483 1273 2555 snakenburgia-

29 2559 79 2605 cuti
96 2571 188 2606 sumus
207 2550 332 2606 codicum
355 2567 525 2616 consensum,
550 2568 636 2620 aquo
670 2568 763 2603 norum
786 2551 907 2605 codicum
928 2552 1002 2606 Leid.
1020 2553 1126 2607 Vosal
1155 2552 1192 2620 (in
1216 2553 1273 2624 qui·

29 2619 76 2673 soli
92 2622 193 2674 absunt
211 2621 295 2673 Bern.
312 2620 338 2672 A
356 2626 384 2672 et
401 2618 472 2671 Flor.
491 2616 522 2672 C.
558 2617 637 2683 Quod
670 2620 719 2672 bus
737 2619 781 2672 itte
804 2623 1031 2688 percucurrissent
1055 2638 1111 2674 esse
1133 2621 1227 2688 tradit)
1246 2629 1274 2674 et

27 2688 145 2742 Freinsh.
159 2687 276 2743 coniecit
290 2698 443 2741 ceruum—
456 2704 559 2740 munem
575 2693 636 2757 (pro
669 2687 752 2741 nostri
769 2688 849 2741 Bern.
867 2690 893 2741 A
910 2689 989 2743 lectio
1032 2691 1218 2743 ucumrrisset
1240 2690 1274 2742 de

28 2760 148 2829 minere)
178 2759 326 2828 repleturas
356 2754 420 2808 mihi
450 2754 555 2824 quidem
581 2754 636 2808 veri
669 2755 877 2825 reduplicatione
901 2757 1039 2810 retinens
1062 2764 1108 2809 aut
1125 2756 1274 2810 abiicienda

28 2826 139 2895 speciem
166 2844 224 2879 non
251 2823 357 2878 videtur
381 2824 485 2877 habere.
529 2823 584 2876 Sed
608 2823 636 2876 in
670 2823 792 2876 dubitare
817 2823 897 2894 cogit
933 2824 1109 2878 Grammatice
1132 2834 1273 2894 utrumque

27 2894 111 2965 priore
130 2895 197 2948 edit.
208 2901 303 2948 nostra
320 2893 346 2945 h.
355 2892 373 2945 l.
382 2891 481 2946 incuria
496 2900 543 2944 aut
558 2900 636 2962 typo-
670 2891 775 2961 probari
794 2899 888 2962 potest,
911 2892 971 2945 vide
988 2892 1167 2945 Ruddimanni
1184 2910 1273 2945 exem-

27 2965 192 3044 graphorum
217 2970 266 3015 aut
289 2969 379 3014 nostra
408 2960 436 3013 in
460 2959 635 3014 describendis
670 2959 775 3029 plorum
798 2959 979 3013 collectionem
1003 2969 1066 3013 tom.
1082 2975 1103 3026 1,
1122 2979 1147 3031 p.
1164 2967 1214 3014 208
1232 2978 1272 3031 sq.

36 3033 185 3086 ectronstsus
204 3038 313 3084 versata
330 3037 381 3083 est.
670 3027 733 3080 edit.
751 3026 825 3097 Lips.
849 3029 895 3081 sed
912 3029 982 3099 apud
1001 3027 1121 3082 Curtium
1139 3028 1200 3081 alibi
1218 3047 1272 3083 non

57 3120 107 3154 non
125 3119 195 3155 suus
216 3108 317 3153 tantum
335 3101 423 3152 domos
446 3101 569 3168 repletum
586 3099 634 3164 ire]
669 3095 839 3148 inveniuntur
861 3095 911 3149 nisi
934 3098 1085 3150 decurtatae
1108 3096 1208 3150 formae
1230 3100 1273 3151 de-

26 3170 109 3240 vulgo
137 3171 319 3239 rqueturunt,
346 3168 419 3237 quod
444 3185 499 3221 non
525 3165 636 3236 expedio
670 3174 807 3217 currerunt
824 3178 875 3230 vn,
894 3170 936 3232 25,
957 3173 980 3233 1,
1006 3168 1151 3219 decurrisse
1168 3180 1209 3232 Ἦ,
1228 3173 1271 3234 at,

26 3254 84 3292 cum
106 3240 141 3292 de
164 3235 298 3290 militibus
322 3234 375 3288 dici
400 3242 497 3307 pateat.
532 3233 635 3288 Scribe·
670 3238 712 3298 27,
736 3234 893 3286 discurrisse
915 3249 955 3300 ιν,
981 3241 1023 3300 56,
1043 3241 1084 3302 10,
1107 3237 1272 3288 incurrerunt

25 3325 112 3361 musae
139 3306 229 3377 igitur
261 3305 403 3373 repleturas
429 3320 463 3356 ex
488 3303 560 3357 Flor.
588 3299 635 3355 G?
669 3315 710 3367 rx,
731 3308 772 3367 19,
795 3307 820 3367 8,
845 3313 1012 3356 occurrerunt
1028 3317 1070 3370 nc,
1093 3309 1119 3370 3,
1145 3310 1186 3370 15,
1208 3321 1272 3373 per·

26 3375 227 3440 Scriberemus,
252 3372 281 3425 ni
299 3379 479 3443 opportunum
496 3373 635 3426 offerretur
670 3371 795 3422 currisset
813 3377 941 3438 1V,1⁷,t,
954 3373 1122 3441 percurrisse
1138 3378 1272 3439 v,14,10.

24 3444 97 3498 Voss.
118 3452 130 3497 1
152 3440 323 3497 remedium:
352 3443 477 3510 repletum
501 3443 553 3505 ire,
577 3438 593 3491 i.
611 3454 634 3490 e:
669 3438 731 3492 Uno
740 3438 798 3491 loco
808 3453 847 3505 vr,
859 3445 883 3505 9,
897 3446 926 3493 16
946 3441 1183 3494 transcucurrimus
1192 3442 1273 3494 edere

23 3516 166 3582 repleturas
187 3527 261 3575 esse,
285 3508 355 3562 sicut
371 3523 401 3576 x,
420 3514 452 3561 25
471 3517 512 3562 est
533 3509 635 3561 Melea·
669 3506 804 3559 debuimus
841 3515 932 3577 ropter
945 3508 1062 3563 codicum
1076 3509 1272 3563 auctoritatem.

22 3583 66 3650 pri
86 3582 265 3635 temeritatem
287 3579 369 3630 urinis
392 3579 473 3630 ultum
491 3579 529 3630 ire
548 3579 634 3629 decre·
703 3577 726 3642 §-
745 3580 769 3628 5.
836 3578 993 3631 linocerotes
1036 3595 1069 3631 uo
1088 3581 1128 3646 ue]
1170 3578 1272 3632 Iterum

24 3661 117 3704 amnt.
146 3648 314 3715 Eodemque
330 3645 449 3714 pertinet
465 3644 544 3699 lectio
553 3645 634 3697 Bern.
668 3646 841 3697 rinocerontes
859 3645 929 3699 Flor.
948 3647 1022 3699 ABE
1106 3647 1141 3699 id.
1159 3647 1270 3713 Vossl,

24 3717 140 3772 BFlor.
160 3715 220 3770 ΕΗ
244 3715 375 3782 repleturi.
410 3712 475 3768 Dixi
497 3729 528 3766 ea
551 3713 584 3765 do
605 3726 634 3764 m
668 3712 782 3765 2Bern.
800 3713 859 3766 AB.

23 3783 49 3838 in
67 3785 188 3840 Gramm.
209 3782 274 3835 Lat.
293 3784 315 3849 §-
326 3787 384 3835 669.
702 3781 784 3834 beluis
802 3782 913 3836 inditum
930 3800 947 3835 u
968 3783 1090 3850 Graecis]
1116 3781 1207 3852 Vulgo
1224 3781 1271 3834 ad-

56 3857 109 3922 §.t
136 3872 185 3908 eos
205 3851 306 3920 affirm.
325 3852 378 3902 eius
389 3849 536 3920 quellerat]
573 3848 634 3901 Hoc
668 3849 735 3902 dunt
757 3851 838 3903 beluis
857 3853 920 3915 eis,
945 3852 992 3904 sed
1012 3866 1172 3921 pronomen,
1198 3849 1271 3920 quod

22 3925 98 3977 verba
106 3921 211 3977 ordine
221 3917 387 3972 collocantur
399 3917 427 3970 in
439 3918 537 3970 nostris
551 3915 634 3970 omni·
668 3916 744 3970 facile
761 3917 981 3988 subintelligatur,
1000 3919 1126 3973 omittunt
1142 3917 1225 3972 nostri
1242 3925 1271 3970 at

23 3990 67 4044 bus
88 3999 206 4064 praeter
231 3986 306 4040 Flor.
327 3984 396 4039 Get
413 3986 493 4038 Bern.
511 3985 546 4052 A,
571 3984 635 4037 item
669 3985 749 4038 Snak.
776 4002 874 4040 omnes.
915 3985 1039 4040 Ceterum
1064 3985 1092 4039 in
1117 3985 1187 4039 Flor.
1204 3985 1270 4039 DFI

22 4058 48 4112 in
63 4059 91 4114 iis
108 4077 181 4132 quos
202 4053 340 4109 Snakenb.
356 4053 477 4108 contulit.
509 4053 574 4107 Post
592 4070 635 4105 ex·
668 4053 727 4106 Pal.
743 4061 755 4106 1
775 4062 803 4107 et
820 4053 952 4109 Modianis
974 4073 1034 4108 mss.
1057 4072 1074 4107 a
1094 4054 1192 4107 Graeci
1214 4071 1269 4107 ser·

23 4130 158 4197 aed'ylcari
187 4127 259 4178 item
286 4139 375 4176 omnes
400 4140 460 4176 mss.
487 4140 537 4192 pro
562 4120 633 4190 vulg.
668 4124 752 4176 neonis
771 4125 872 4192 ipnaris
890 4122 1000 4191 legitur,
1029 4139 1096 4192 quae
1113 4130 1189 4175 vetus
1213 4140 1269 4177 cor·

23 4199 164 4267 aedpt'cari.
668 4191 749 4245 rectio
767 4210 783 4244 a
799 4191 901 4261 vulgari
919 4191 984 4244 vitio
1001 4191 1145 4260 procedens
1159 4190 1269 4244 Heinsio

53 4283 106 4320 curn
124 4275 215 4320 tatum
235 4259 333 4312 Asiam
347 4260 533 4330 percurrisset]
559 4258 634 4323 Quo·
668 4276 746 4312 causa
762 4259 813 4312 fuit
829 4277 876 4314 cur
893 4259 1033 4312 corniceret
1051 4260 1127 4312 aliud
1139 4259 1202 4312 Indi
1219 4277 1270 4313 suo

21 4331 84 4388 niam
101 4333 235 4405 sequitur
254 4328 384 4394 inviseret,
406 4346 457 4408 pro
477 4345 529 4398 quo
543 4326 634 4448 plura·
669 4330 760 4398 linpua
778 4337 914 4397 usurpant.

21 4399 49 4454 lis
65 4418 196 4458 numerus
217 4412 277 4451 non
294 4394 391 4464 legitur
407 4395 457 4450 nisi
474 4396 501 4449 in
519 4397 590 4450 For.
602 4394 634 4463 0,
703 4402 728 4463 §-
741 4404 764 4451 6.
800 4397 900 4450 duabus
918 4395 1035 4462 urbibus]
1071 4366 1267 4467 Eaedemsunt,
