2926 5174
487 301 536 376 na
564 301 691 354 orsrrs
716 302 825 352 arax.
851 303 887 372 v,
914 301 958 352 ar.
1289 287 1362 358 217

118 487 284 587 captivus
312 509 497 559 servorum
523 510 679 577 suorum,
706 486 744 557 iu
770 484 955 559 sordidum
981 486 1185 561 vehiculum
1210 491 1362 587 pellibus

91 599 276 696 rundique
308 605 513 670 contectum
543 596 748 694 imponitur.
808 596 967 671 Pecunia
1000 598 1095 697 regis
1130 609 1167 672 et
1199 603 1361 698 supellex

116 710 218 808 quasi
245 709 329 782 belli
354 708 432 780 iure
456 707 636 805 diripitur;
666 708 855 805 onustique
880 707 1025 805 praeda,
1052 735 1117 808 per
1142 712 1256 785 scelus
1283 713 1362 786 ulti·

91 843 212 894 smum
238 831 354 918 parta,
379 820 504 917 fugam
528 817 730 891 intendunt.
781 819 986 892 Artabazus
1012 846 1095 896 cum
1119 822 1186 914 his,
1212 823 1273 920 qui
1297 823 1360 896 im·
1455 840 1458 847 '

112 934 212 1032 perio
257 932 434 1030 parebant
473 926 688 1026 Graecisque
729 930 899 1004 militibus
939 927 1157 1006 Parthienen
1199 935 1356 1033 petebat,

91 1046 234 1118 ›omnia
267 1044 404 1116 tutiora
436 1040 695 1139 parricidarum
727 1044 891 1117 contuitu
930 1050 1041 1116 ratus.
1093 1042 1241 1136 Persae,
1276 1070 1357 1144 pro·

109 1157 226 1230 missis
252 1154 357 1230 Bessi
383 1154 539 1242 onerati,
573 1152 728 1258 maxime
755 1154 838 1250 quia
862 1182 968 1232 nemo
1004 1154 1095 1228 alius
1123 1166 1219 1247 erat,
1248 1181 1355 1253 quem

112 1278 358 1365 sequerentur,
386 1266 603 1338 coniunxere
629 1290 668 1338 se
693 1263 910 1359 Bactrianis,
943 1293 1072 1367 agmen
1099 1292 1224 1342 eorum
1249 1268 1356 1341 tertio

91 1379 267 1452 »assecuti
302 1377 368 1450 die.
421 1373 475 1449 Ne
509 1375 631 1450 tamen
664 1377 779 1450 honos
805 1379 882 1477 regi
907 1405 982 1452 non
1007 1378 1211 1468 haberetur,
1237 1380 1356 1453 aureis

111 1488 345 1588 compedibus
371 1487 531 1562 Dareum
557 1488 733 1578 vinciunt,
768 1515 866 1563 nova
891 1489 1046 1564 ludibria
1072 1488 1224 1562 subinde
1237 1482 1355 1564 'exco-

110 1603 244 1700 gitante
280 1600 438 1672 fortuna.
489 1598 538 1672 Et
569 1625 617 1675 ne
651 1601 744 1672 forte
776 1602 875 1673 cultu
910 1601 1009 1700 regio
1043 1611 1168 1697 posset
1199 1604 1354 1700 agnosci,

111 1712 262 1786 sordidis
289 1711 445 1808 pellibus
469 1709 674 1783 vehiculum
699 1710 922 1787 intexerent:
948 1712 1061 1811 ignoti
1087 1712 1247 1787 iumenta
1273 1739 1354 1812 age·

111 1824 205 1915 bant,
224 1849 271 1896 ne
299 1823 597 1920 percontantibus
622 1821 660 1893 iu
687 1823 828 1919 agmine
853 1824 1046 1897 monstrari
1072 1834 1210 1920 posset:
1237 1835 1353 1897 custo

112 1934 171 2008 des
196 1933 328 2034 procul
354 1933 605 2030 sequebantur.

91 2063 127 2111 ur.
220 2042 450 2133 Alexander,
497 2043 621 2116 audito
660 2042 819 2116 Dareum
865 2045 1022 2121 movisse
1061 2047 1108 2119 ab
1147 2043 1401 2134 Ecbatanis,35

112 2158 237 2231 omisso
264 2156 406 2246 itinere,
421 2154 529 2250 'quod
554 2154 704 2253 patebat
728 2154 768 2226 in·
792 2151 964 2246 Mediam,
991 2158 1187 2255 fugientem
1213 2155 1353 2252 insequi

91 2270 221 2367 'pergit
248 2277 408 2340 strenue.
447 2264 565 2338 Tabas
592 2264 780 2364 (oppidum
807 2277 863 2338 est
888 2266 924 2339 in
943 2266 1184 2342 Paraetacene
1210 2263 1350 2363 ultima)

113 2380 289 2476 pervenit:
326 2378 376 2448 ibi
402 2378 609 2474 transfugae
635 2376 817 2467 nuntiant,
853 2380 1083 2478 praecipitem
1109 2381 1195 2478 suga
1219 2378 1352 2451 Bactra

115 2587 156 2640 ope
179 2571 261 2624 habet
288 2569 336 2622 ille
362 2568 469 2640 quidem
494 2569 522 2622 in
546 2576 638 2634 textu,
665 2569 713 2620 sed
748 2566 871 2621 historiae
888 2570 1031 2624 ahhonere
1047 2569 1211 2651 comparatio
1224 2570 1350 2624 historiae

111 2640 262 2693 adscribitur
281 2641 320 2692 ul.
338 2640 378 2703 vi,
397 2646 480 2707 atque
498 2638 548 2692 hoc
565 2636 651 2706 ipsum
668 2653 712 2688 ex·
741 2636 853 2690 Arriani
881 2639 972 2704 docet,
999 2657 1059 2691 nam
1085 2638 1221 2693 Diodorus
1246 2639 1276 2692 in
1301 2640 1351 2693 hac

111 2717 178 2760 terno
193 2711 219 2760 υἱ
236 2708 379 2760 inventum
396 2714 437 2758 est
454 2705 481 2758 in
497 2706 579 2758 Beru.
596 2706 620 2758 B
639 2704 712 2757 Flor.
747 2713 821 2773 parte
839 2706 1011 2776 expeditionis
1028 2707 1097 2760 iusto
1109 2707 1216 2760 brevior
1229 2715 1276 2760 est.
1293 2707 1350 2760 Ne-

110 2775 228 2829 DllFHI.
269 2776 359 2828 Miror
381 2773 547 2827 Gronovium
576 2773 603 2826 in
633 2773 711 2827 Obss.
747 2790 799 2844 que
822 2773 891 2826 enim
918 2775 1071 2828 Alexander
1098 2775 1150 2827 iter
1179 2775 1207 2828 in
1232 2775 1350 2828 Mediam

107 2853 193 2911 11,12
221 2845 259 2898 sic
283 2842 361 2914 quasi
378 2843 412 2895 de
431 2843 581 2897 coniectura
598 2842 711 2897 scribere
747 2841 843 2908 omisit,
861 2843 908 2895 sed
925 2843 997 2895 haud
1013 2842 1107 2913 procul
1125 2842 1187 2913 ipsis
1196 2843 1349 2909 Ecbatanis,

107 2913 224 2967 voluisse.
270 2911 274 2918 ’
746 2910 853 2962 Mediae
872 2911 974 2980 capite,
993 2911 1111 2972 Dareum
1128 2928 1184 2964 non
1200 2911 1303 2991 proelio
1321 2928 1349 2964 se

133 2985 247 3051 pellibus
266 2983 384 3051 audique
401 2980 553 3049 contectam]
575 2978 711 3032 Ooatectus
746 2978 891 3048 accingere,
910 2980 956 3030 sed
973 2979 1065 3048 sugere
1084 2979 1111 3032 lo
1151 2979 1189 3032 ‘us
1206 2979 1349 3033 instituisse

105 3048 133 3104 iu
157 3051 219 3104 edit.
242 3050 366 3121 principe
384 3056 412 3100 et
428 3048 548 3101 Merulae
565 3046 712 3101 codicibus·
746 3046 882 3116 comperit.
900 3046 1042 3100 Ecbatanis
1059 3064 1114 3099 non
1145 3046 1182 3113 iu,
1200 3048 1247 3100 sed
1260 3055 1350 3100 tamen

140 3135 155 3171 e
176 3119 253 3172 Leid.
271 3119 355 3173 Voss.
380 3124 402 3169 1.
421 3124 436 3170 2
455 3117 536 3169 Bern.
554 3117 580 3169 A
597 3115 668 3168 Flor.
686 3116 711 3167 A
745 3114 780 3167 ali
800 3123 849 3167 uot
861 3114 916 3167 dies
930 3124 1113 3181 commoratus,
1123 3131 1219 3185 agmen
1228 3114 1351 3169 celeriter

128 3187 149 3242 O
168 3187 277 3258 legitur,
297 3187 348 3239 sed
364 3185 446 3252 male,
464 3202 525 3237 nam
542 3192 572 3236 ut
589 3183 710 3237 omittam
745 3133 912 3264 quidem,sed
920 3183 1127 3249 nonceleritate,
1134 3201 1186 3253 qua
1192 3183 1250 3254 quis
1256 3184 1348 3252 utitur,

103 3255 177 3338 aequi
199 3256 282 3338 paulo
308 3262 371 3335 post
392 3253 451 3308 illos
467 3255 583 3373 afflictis
597 3253 709 3373 gregibus
744 3270 766 3304 ar
774 3251 854 3372 uuiup
862 3251 969 3304 horulae
979 3252 1090 3373 pmilqsae
1098 3252 1284 3306 detrimentum
1293 3271 1348 3306 ma·

100 3328 581 3469 tltuttlttttt‘lttrptt
596 3337 710 3442 ¹53²er
763 3328 1291 3468 tttdltttpttsttltrttttttss
1300 3329 1349 3444 il?

99 3461 183 3516 Recte
210 3461 295 3515 i'tur
312 3458 426 3527 Aldum,
445 3458 502 3528 qui·
527 3475 608 3511 nmus
625 3467 710 3510 conte-
744 3459 831 3510 decim
844 3457 953 3510 dierum.
972 3459 1046 3512 Haeo
1061 3459 1246 3513 omniaomisit
1259 3468 1349 3514 noster

98 3541 168 3585 carm
183 3532 218 3583 de
238 3530 278 3595 it,
298 3527 384 3582 secuti
401 3536 461 3581 sunt
478 3477 580 3597 reliqui.
681 3592 709 3604 ..
744 3534 879 3606 tamquam
897 3525 981 3580 minus
999 3529 1034 3580 ad
1050 3545 1177 3581 summam
1194 3546 1249 3582 rem
1266 3528 1349 3599 perti·

132 3603 157 3668 5.
176 3607 219 3652 17.
255 3600 320 3651 belli
342 3599 398 3651 iure
424 3613 513 3650 omnes
540 3593 614 3661 mati,
645 3594 711 3646 edrtr
744 3602 843 3660 nentia,
867 3611 915 3647 nec
932 3595 987 3648 eius
1009 3597 1064 3648 dux
1083 3596 1229 3651 Clitarchus
1253 3597 1348 3667 longus

99 3671 158 3722 iure
175 3669 244 3721 belli.
744 3663 849 3716 videtur
866 3663 894 3714 in
912 3663 961 3716 hac
977 3664 1128 3718 narratione
1151 3665 1238 3720 fuisse.
1267 3666 1348 3720 Cete-

131 3740 156 3805 §.
177 3743 219 3790 18.
256 3752 319 3789 cum
345 3734 386 3785 lais
412 3735 456 3803 qui
483 3735 544 3801 hap.
565 3731 711 3850 parebunt}
744 3750 802 3784 rum
820 3730 934 3801 aliquam
943 3732 1049 3786 Mediae
1066 3740 1170 3804 partem
1187 3753 1240 3788 non
1258 3734 1306 3786 atti
1327 3733 1348 3786 't

96 3805 150 3858 Ha
171 3820 265 3858 omnes
289 3801 370 3856 codd
392 3801 476 3855 nostri
499 3808 527 3854 et
544 3800 644 3865 snat,
663 3815 691 3852 se
744 3800 906 3866 Alexander,
924 3818 1003 3870 quarn
1020 3820 1074 3855 non
1092 3802 1187 3856 dubito
1204 3801 1269 3873 quin
1286 3819 1316 3853 su
1335 3832 1348 3845 -

96 3874 190 3943 quitus
221 3871 372 3941 inperabat
399 3869 471 3924 Flor.
506 3869 584 3937 DFI,
616 3869 709 3939 quibus
745 3867 861 3921 iecturus
886 3868 980 3937 firerit,
1016 3870 1043 3922 ni
1076 3870 1193 3923 Dareum
1225 3885 1258 3940 pe
1320 3868 1348 3921 ui

95 3942 321 4012 improperabunt
344 3939 424 3991 Bern.
445 3940 469 3992 B
492 3938 564 3992 Flor.
590 3938 619 3991 H
640 3935 710 3988 etE
745 3937 878 3990 maluisset
896 3952 1004 4009 eamque
1023 3937 1129 3992 Curtius
1150 3954 1255 4009 quoque
1274 3936 1300 3989 vi
1319 3952 1347 3988 e-

95 4028 113 4064 a
128 4029 171 4081 pr.
189 4029 225 4062 m.
743 4013 789 4058 tur
806 4003 937 4074 cogitasse
950 4024 1009 4059 cum
1022 4005 1149 4060 scriberet
1162 4005 1282 4059 omissam
1290 4021 1348 4058 esse

132 4079 201 4148 Cap.
220 4082 270 4143 35,
301 4078 327 4144 §-
346 4081 370 4127 1.
405 4077 496 4128 omisso
523 4077 615 4128 itinere
640 4074 712 4144 quod
743 4073 871 4139 Mediam,
891 4073 1056 4143 Atropatene
1065 4089 1133 4144 quae
1145 4073 1250 4140 dicitur,
1268 4072 1347 4126 armis

91 4149 205 4216 potebat
223 4149 251 4198 in
270 4145 404 4210 Mediam]
431 4143 517 4198 codd.
530 4143 644 4212 petebat,
662 4141 711 4194 sed
744 4141 859 4212 virisque
880 4141 979 4194 florens
1001 4151 1029 4195 et
1053 4141 1104 4194 situ
1126 4141 1242 4196 locorum
1259 4157 1348 4195 amoe-

98 4224 173 4269 recte
183 4215 218 4267 ad
231 4211 324 4268 curtii
342 4220 456 4264 mentem
472 4213 625 4265 emendasse
643 4217 711 4279 puto
744 4209 859 4264 nissima.

99 4282 279 4348 Palmerium,
309 4280 383 4350 quod
410 4298 426 4333 a
456 4280 551 4334 Modio
576 4287 711 4348 receptum
781 4283 803 4347 ς.
826 4287 850 4332 2.
885 4280 1017 4346 pervenit:
1043 4279 1088 4347 iba]
1129 4276 1229 4330 Locum
1257 4277 1347 4330 elide

99 4367 150 4420 per
166 4368 258 4405 ornnes
275 4355 376 4420 postea
391 4346 520 4402 editiones
536 4355 711 4420 propagatum
745 4346 873 4401 librorum
891 4364 951 4398 mss.
970 4345 1104 4411 constitui,
1122 4362 1184 4397 nam
1200 4344 1263 4399 olim
1280 4344 1347 4399 editi

97 4427 151 4472 est
185 4419 253 4472 Eam
277 4415 472 4470 autemeam
487 4426 604 4470 mentem
624 4433 641 4468 a
657 4415 711 4468 fide
749 4416 836 4470 Totus
854 4417 978 4487 oppidum
995 4424 1034 4468 cst
1050 4416 1077 4466 ia
1095 4413 1160 4467 Pur.
1173 4416 1279 4467 alama:
1296 4431 1347 4484 quo
