2926 5174
166 277 238 351 266
636 296 670 359 o.
697 295 820 348 ouarn
844 295 930 349 sum

163 481 299 582 apum,
324 481 425 557 imnio
450 506 537 556 anus
562 481 648 556 vitae
673 506 764 554 meae
788 482 925 584 fisenus
951 493 1006 574 est,
1031 493 1076 556 tot
1089 482 1296 585 fortissima
1318 485 1385 560 nim

162 608 192 666 a
216 594 257 667 da
282 617 334 666 me
360 593 478 692 optinu
503 593 628 668 auritis
653 596 775 695 resenas
806 593 915 666 adine
944 592 1093 692 qratiam
1126 619 1242 692 posse.
1292 595 1407 671 Inter-s

163 705 259 802 rupit
285 703 482 778 orationem
507 705 659 777 militum
683 704 847 801 gemitus,
875 704 1095 800 obortaeque
1123 715 1215 779 sunt
1241 708 1387 783 omnibus

163 816 338 888 lacrimae.
391 813 483 887 Tum
508 840 592 907 reu,
622 810 770 907 Quanto,
795 815 924 913 inquit,
950 814 1113 890 maiman
1139 819 1179 892 in
1205 819 1328 894 animis
1349 845 1387 894 aa·

162 925 240 1001 snn's
278 940 400 1001 motum
432 926 591 1018 enodabo,
633 951 707 999 eum
748 927 831 1000 tanti
862 926 992 1001 seeiems
1026 940 1179 1005 auctores
1215 932 1387 1006 ostendero!

136 1039 303 1138 'quanm
342 1037 534 1112 mamam
572 1037 681 1110 adius
714 1038 911 1139 reformido5
946 1050 977 1111 et
1014 1052 1178 1140 mnpaam
1215 1043 1304 1117 salai
1333 1067 1386 1118 esse

156 1149 304 1250 possim,
337 1147 523 1224 nominibus
557 1149 709 1222 abstineo.
763 1145 835 1224 Sea
867 1147 1029 1224 vincenda
1062 1164 1112 1225 est
1145 1155 1311 1229 mmmm
1328 1153 1408 1254 pri-4

161 1261 265 1336 stinae
290 1260 445 1352 madum,
471 1272 500 1333 et
525 1259 705 1334 coniuratio
730 1259 911 1358 impiorum
936 1260 1059 1335 oinium
1085 1263 1282 1364 detependa.
1319 1262 1386 1348 Quo

162 1371 259 1447 niodo
291 1383 400 1444 autem
435 1383 561 1443 tantum
592 1373 687 1472 nefas
718 1371 860 1445 sileam?
894 1372 1087 1466 Pamunio,
1123 1376 1186 1450 illa
1220 1390 1335 1469 aetate,
1356 1388 1387 1450 tet

161 1484 257 1574 auis,
283 1495 326 1556 tot
345 1480 499 1581 parentis
523 1483 590 1556 mei
623 1482 748 1556 munda
774 1483 956 1577 devinam,
988 1485 1139 1561 annium
1164 1489 1262 1564 nobis
1286 1488 1385 1562 amne

159 1622 236 1670 mam
266 1593 520 1685 uetustissimus,
554 1593 671 1669 ducem
702 1619 737 1668 se
763 1595 878 1670 sceleri
909 1608 995 1671 tanto
1024 1600 1195 1696 praebuit
1250 1599 1403 1674 Menum

160 1707 230 1781 eius
254 1706 402 1782 Pilutus
427 1705 628 1782 Panaetium
654 1718 684 1779 a
707 1705 916 1782 Danuuium
942 1721 972 1781 et
994 1710 1081 1784 iuna
1099 1710 1285 1806 Dimnum,
1309 1712 1383 1786 euius

159 1845 280 1918 empus
304 1816 472 1919 aspicitis,
507 1831 689 1919 ceterosque
713 1816 860 1892 eiusdem
886 1820 1064 1913 annnam,
1100 1821 1140 1896 in
1167 1837 1273 1924 sapen
1295 1848 1382 1898 maun

159 1929 357 2007 sabaniani.

39 2128 44 2139 ¹
109 2046 155 2118 33
260 2041 436 2119 Fremitus
481 2039 637 2139 undique
681 2040 941 2140 indignantium
986 2045 1288 2143 querentiumque
1322 2053 1399 2118 nai

160 2154 324 2228 contione
352 2153 593 2251 obstrepebat,
621 2152 734 2249 qualis
759 2153 851 2227 solet
879 2178 955 2229 esse
981 2154 1244 2251 multitudinis,
1271 2167 1307 2231 et
1328 2179 1379 2228 ms-

158 2267 255 2340 xime
280 2264 452 2354 militarie,
478 2264 540 2336 ubi
566 2273 630 2337 aut
655 2262 773 2337 studio
800 2265 927 2362 agitur,
953 2273 1016 2338 aut
1041 2265 1105 2338 ira.
1161 2265 1397 2343 Nicomachusl

160 2374 287 2449 deinde
323 2384 360 2447 et
384 2371 525 2448 Metron
553 2385 590 2449 et
616 2373 805 2449 Cebalinus
832 2376 1013 2474 producti,
1040 2403 1136 2474 quae
1164 2382 1314 2480 quisque
1337 2378 1377 2451 d·

159 2487 291 2560 tulerat
316 2497 515 2583 exponunt·
560 2486 698 2560 Nullius
725 2511 848 2560 eorum
873 2487 1002 2560 indicio
1028 2487 1196 2564 Philotas
1223 2493 1376 2592 particeps

160 2599 301 2673 sceleris
329 2597 583 2672 destinabatur.
635 2596 775 2696 ltaque,
807 2597 1050 2697 indignatione
1076 2626 1225 2699 pressa,
1252 2629 1322 2679 vox
1343 2603 1376 2673 in·
1421 2670 1423 2691 ,

158 2777 280 2848 quoniam
312 2775 438 2846 spiritus,
468 2781 499 2828 ut
524 2781 553 2828 et
579 2774 641 2828 msti
671 2790 760 2828 omnes
788 2777 927 2845 praebuit,
954 2777 1025 2846 quod
1045 2776 1133 2848 vulgo
1150 2780 1243 2835 editur
1260 2789 1326 2835 tanta
1340 2791 1377 2832 ue·

158 2845 221 2968 finisi
243 2845 313 2917 quod
339 2844 368 2897 in
384 2842 516 2898 nonnullis
534 2851 562 2897 et
580 2842 685 2915 optimis
703 2843 760 2914 qui·
795 2845 844 2896 leri
860 2861 888 2897 se
902 2846 1024 2914 praebuit
1040 2843 1069 2898 in
1086 2846 1164 2902 nullo
1180 2858 1233 2904 est.

177 2921 352 2968 emsxaratur
366 2914 521 2983 quam),sed
539 2914 644 2966 subesse
661 2910 760 2982 aliquid
829 2915 852 2980 ξ.
877 2918 901 2966 t.
937 2923 1082 2983 ceterosque
1114 2917 1235 2971 eiusdan
1262 2911 1375 2981 amentiae]

158 2985 214 3038 vitii
241 2983 310 3036 Phil.
328 2983 463 3035 Rubenius
490 2981 590 3052 primm
613 2980 760 3051 suspicatus
795 2979 839 3034 Sic
856 2998 945 3035 omnes
961 2982 1022 3036 libri
1038 2989 1155 3051 veteres,
1165 2986 1249 3058 vulgo
1264 2979 1376 3054 nuneqd·

158 3049 760 3120 emendandumcensuitsupremus‚Eleotorum
795 3051 855 3102 dem
881 3052 936 3104 eius
958 3069 1024 3117 am.;
1050 3051 1097 3104 sed
1123 3054 1190 3108 olim
1219 3055 1318 3110 nuntius
1339 3065 1375 3105 une

160 3131 191 3191 1,
209 3130 258 3189 33,
276 3122 404 3174 Boethius
431 3119 526 3172 deinde
543 3118 570 3171 in
587 3119 698 3172 Advers.
717 3124 759 3184 28,
794 3119 876 3172 verbo
893 3120 948 3173 aas
965 3121 1094 3173 amentiae
1111 3125 1230 3177 comites.
1256 3117 1376 3192 Haneqni·

159 3200 322 3261 asperatus,
341 3190 467 3242 Heinsius
482 3187 758 3258 deniquepraempuus
793 3187 852 3239 dem
874 3205 964 3242 vooem
989 3188 1153 3244 reoentiores
1171 3191 1304 3260 editores,
1319 3185 1376 3245 urri-

158 3262 234 3312 immo
252 3259 358 3324 unicus,
381 3256 550 3310 similitudine
576 3255 683 3309 alterius
708 3255 759 3309 loei
792 3255 840 3308 bili
857 3255 941 3310 Modii
958 3255 1075 3311 convicio
1093 3259 1230 3329 deterriti,
1247 3261 1375 3319 emanat

158 3343 208 3394 111,
234 3331 264 3379 17
282 3328 429 3395 praecipua
455 3343 514 3395 spes
537 3335 559 3379 el
571 3327 759 3405 propemodum
792 3323 864 3377 illam
880 3325 1022 3380 noluerunt
1038 3325 1167 3398 resipere,
1188 3331 1375 3400 quamvisnen·

158 3397 237 3449 unica
267 3412 329 3447 usus
355 3402 383 3447 et
413 3394 510 3464 partim
544 3401 625 3447 etum
655 3393 759 3446 abusus.
792 3401 874 3447 retur.

158 3462 275 3516 Dubium
297 3479 353 3542 esse
378 3463 471 3542 nequit
494 3462 559 3544 quin
575 3463 684 3531 spiritus
702 3479 759 3515 oon-
828 3460 894 3532 Cap.
912 3469 959 3529 33,
978 3465 1001 3530 §-
1021 3471 1044 3515 7.
1073 3466 1217 3548 panticeps
1239 3469 1299 3521 scel.
1318 3460 1376 3546 desti·

157 3539 468 3655 illiutrllr’ulaial
481 3537 758 3654 tttttttf‘tt:
793 3531 935 3652 tttttt
956 3530 1376 3681 itini-titulatam

158 3687 210 3750 que
227 3687 286 3724 oum
304 3669 368 3723 nihil
385 3667 478 3721 melius
496 3668 574 3723 seiam
587 3685 666 3739 quam
674 3667 758 3720 Hein-
791 3666 831 3719 uti
854 3685 924 3722 nune
965 3676 1008 3721 ost
1025 3669 1147 3724 Medium
1171 3673 1270 3727 editur.
1302 3670 1378 3740 nequ

157 3757 257 3793 sianum
274 3738 355 3804 illud,
378 3737 405 3790 in
428 3745 583 3792 oontextum
604 3736 704 3807 recepi,
720 3735 759 3816 Ι11-
792 3736 842 3816 lsoe
862 3735 947 3807 impro
988 3777 996 3804 ‚
1023 3755 1185 3810 quemquam
1212 3758 1262 3796 neo
1287 3732 1378 3794 Aeffli

156 3810 251 3863 benten
268 3808 289 3862 si
308 3808 367 3879 quis
385 3806 545 3875 excogitant
563 3807 634 3876 quod
651 3822 758 3876 propms
793 3814 861 3858 enta
895 3807 1032 3875 anticipes,
1059 3823 1111 3861 nee
1127 3808 1245 3864 Wnlohii
1266 3819 1294 3864 at
1309 3814 1379 3879 pem

156 3879 191 3931 sd
211 3878 347 3932 literarum
370 3876 465 3929 duetus
490 3876 613 3943 secedat,
638 3880 759 3945 aceeptu·
793 3891 807 3925 c
839 3823 997 3944 adaptet.
1021 3874 1086 3941 (Sed
1103 3875 1140 3929 im
1161 3878 1309 3933 robsndum
1324 3870 1379 3946 quod

155 3964 209 4000 rus.
264 3975 268 3983 =
825 3941 899 3995 odius
925 3942 967 3996 ine
986 3952 1041 3996 tam
1072 3946 1216 4001 brevitatis
1250 3944 1379 4029 opintiorum

156 4012 760 4137 van]annuntiatum
794 3961 1303 4139 alienu>
1325 4012 1379 4121 ¹¹⁶.

157 4124 237 4206 debet
250 4102 337 4222 pisis.
382 4124 390 4151 ³
558 4121 564 4134 .
792 4098 870 4218 duam
891 4098 928 4228 ali
948 4148 1047 4203 Aldine
1067 4100 1172 4206 dditore
1208 4097 1378 4219 medam

191 4224 214 4289 §-
232 4228 256 4274 4.
275 4223 364 4275 ducem
382 4239 409 4274 se
427 4221 521 4272 sceleri
538 4226 609 4271 tanto
621 4218 756 4288 praebuit]
792 4216 818 4270 in
841 4218 960 4271 ommbus
981 4217 1054 4271 libris
1076 4218 1112 4273 sit
1129 4239 1267 4291 expressa,
1284 4238 1333 4275 non
1346 4224 1378 4270 ts·

156 4289 216 4342 Hoe
233 4289 325 4342 ordine
346 4290 428 4343 verba
455 4289 616 4342 collocantur
637 4284 665 4337 in
687 4284 758 4339 Flor.
792 4301 852 4337 men
868 4285 960 4339 addunt
978 4303 1093 4356 possum,
1110 4296 1143 4342 ut
1161 4290 1331 4346 sbiioiendnm
1340 4302 1379 4358 pu·

156 4355 234 4410 ABG
251 4357 330 4409 Bern.
345 4359 369 4410 A
386 4355 462 4410 Leid.
481 4357 558 4410 Voss.
576 4361 698 4424 utroque,
716 4371 757 4407 re-
792 4361 854 4406 mn.
889 4354 960 4408 Nam
981 4356 1052 4425 quod
1075 4356 1203 4412 Heinsius
1228 4357 1310 4414 voluit
1328 4371 1377 4410 eon·

156 4424 223 4495 liqui
244 4424 305 4479 libri
329 4444 390 4480 mss.
413 4427 553 4479 ducemne
578 4433 649 4477 tuneo
667 4425 759 4479 sceleri
792 4422 900 4493 iungere
925 4424 1040 4477 indicam
1069 4442 1119 4479 von
1144 4428 1322 4499 insinuatione
1343 4438 1377 4477 ee·
