2926 5174
155 290 229 364 280
641 312 675 374 u.
695 309 818 363 cuam
843 310 928 363 aum

155 495 296 571 sceleris
329 495 496 593 impellat.
563 495 665 594 Ipsos
700 496 871 568 nussuros
905 494 952 567 ad
987 493 1184 585 oraculum,
1216 520 1279 569 nou
1304 492 1352 592 qui

153 608 277 683 lovem
302 607 533 705 interrogent,
560 606 657 705 quod
683 633 729 680 ox
755 632 839 705 rego
866 606 1109 705 cognoverint,
1136 605 1199 679 sed
1223 608 1276 705 qui
1295 631 1353 705 gra-

155 722 223 795 tias
256 729 381 817 agant,
414 719 474 815 qui
507 730 593 793 vota
618 745 684 818 pro
719 719 961 792 incolumitate
987 720 1082 819 regis
1108 719 1230 817 optimi
1251 718 1356 818 persol-

154 841 252 905 vant.
292 829 385 904 Tum
411 856 497 905 vero
523 832 691 906 universa
716 831 835 904 contio
862 856 1011 906 accensa
1037 841 1102 922 est,
1120 840 1158 904 et
1183 830 1358 930 acorpotis

157 940 365 1015 custodibus
392 942 531 1015 initium
556 945 705 1033 factum,
732 943 984 1035 clamantibus,
1012 941 1280 1040 discerpendmn
1301 966 1359 1016 esse

156 1053 369 1153 parricidam
403 1053 566 1128 manibus
599 1079 732 1128 eorum.
784 1053 827 1127 Id
854 1054 996 1152 quidem
1021 1055 1202 1146 Philotas,
1228 1055 1283 1151 qui
1304 1078 1359 1152 gra·

155 1167 257 1240 viora
282 1165 455 1265 supplicia
480 1176 666 1257 metueret,
683 1163 781 1238 haud
807 1191 893 1240 sane
918 1167 1038 1264 iniquo
1066 1166 1185 1239 animo
1212 1164 1359 1239 audiebat.

105 1282 152 1353 42
257 1278 338 1353 Rex
369 1278 406 1350 in
439 1278 641 1352 contionem
675 1302 856 1368 reversus,
888 1279 964 1351 sive
990 1289 1031 1351 ut
1055 1279 1093 1350 in
1121 1277 1278 1350 custodia
1301 1300 1359 1373 quo·

157 1417 226 1490 que
252 1399 446 1490 torqueret,
473 1391 549 1464 sive
576 1399 618 1463 ut
643 1388 845 1488 diligentius
872 1400 999 1464 cuncta
1025 1400 1272 1488 cognosceret,
1304 1413 1359 1460 con·

157 1503 275 1577 cilium
306 1503 343 1574 in
374 1513 559 1599 posterum
594 1501 689 1575 diem
715 1500 867 1577 distulit:
902 1514 939 1577 et
964 1524 1192 1600 quamquam·
1207 1501 1243 1572 iu
1267 1523 1359 1598 vespe

156 1642 234 1689 ram
271 1613 464 1687 inclinabat
497 1612 588 1705 dieu,
629 1622 749 1686 tamen
785 1616 916 1688 amicos
957 1613 1149 1688 convocari
1179 1612 1283 1685 iubet.
1327 1609 1359 1682 u

157 1725 283 1801 ceteris
310 1724 453 1824 quidem
478 1726 653 1825 placebat,
679 1723 915 1800 Macedonum
940 1750 1038 1799 more
1066 1724 1172 1798 obmi
1197 1724 1298 1814 saxis,
1314 1721 1359 1794 He

159 1837 349 1938 phaestion
376 1847 497 1912 autem
523 1848 560 1914 et
574 1834 741 1911 Craterus
769 1850 806 1913 et
825 1837 965 1912 Coenus
990 1836 1180 1911 tormentis
1206 1837 1359 1909 veritatcn

158 1949 428 2050 exprimendam
454 1976 533 2025 csse
560 1951 737 2042 dixenmt,
760 1960 797 2025 et
821 1951 870 2022 illi
897 1975 1047 2049 quoque,
1068 1950 1129 2047 qui
1156 1946 1251 2021 ahud
1275 1969 1359 2020 suase

157 2073 258 2153 rant,
292 2063 329 2135 in
360 2064 489 2135 horum
523 2063 736 2138 sententiam
776 2072 973 2135 transemit.
1034 2059 1192 2135 Consilio
1227 2085 1306 2158 ergo
1331 2055 1360 2127 di

159 2177 287 2265 misso,
313 2172 559 2272 Hephaestion
585 2200 667 2249 cum
693 2172 841 2250 Cratero
868 2185 905 2247 et
931 2172 1051 2249 Coeno
1079 2173 1126 2246 ad
1153 2172 1358 2270 quaestione

160 2287 205 2360 de
232 2285 374 2359 Philota
404 2285 608 2359 habendam
643 2296 872 2385 consurgunt.
924 2285 1004 2358 Rex
1031 2283 1180 2360 Cratero
1214 2282 1360 2357 accersito

160 2407 197 2470 et
223 2421 387 2470 sermone
413 2396 546 2487 habito,
574 2398 673 2471 cuius
701 2424 839 2473 summa
864 2424 936 2470 non
963 2396 1060 2472 edita
1085 2397 1360 2488 est,inintimu1

159 2507 345 2582 diversorii
379 2517 520 2605 partem
551 2511 712 2602 secessit,
749 2521 785 2586 et
819 2511 964 2584 remotis
997 2511 1139 2584 arbitris
1175 2511 1213 2582 in
1247 2509 1360 2581 multon

159 2630 302 2693 noctem
333 2621 550 2717 quaestionis
586 2623 793 2720 expectavit
825 2630 1003 2695 eventum.
1057 2622 1227 2695 Tortores
1252 2623 1359 2694 incon

160 2741 323 2829 spectum
335 2730 498 2807 Philotae
525 2735 646 2809 omnia
672 2734 893 2809 crudehtatis
919 2733 1158 2809 instrumenta
1183 2737 1360 2833 proponunt

159 2842 208 2916 Et
233 2843 291 2917 ille
318 2845 423 2935 ultro,
453 2842 545 2927 Quid
569 2847 711 2939 resumis,
737 2847 866 2944 inquit,
892 2849 980 2946 repis
1005 2849 1196 2939 ricimirum,
1222 2847 1360 2947 tmepore

160 2981 245 3048 reue,
278 2957 475 3053 corpttcutern
507 2959 673 3033 emulare?
704 2959 788 3059 quid
818 2960 1002 3059 quaestione
1035 2985 1121 3058 opus
1152 2959 1220 3035 cst?
1252 2954 1360 3054 aaut

161 3068 259 3145 uolui.
313 3067 482 3142 Craterus
509 3070 662 3168 exigere,
689 3080 739 3161 ut,
767 3096 859 3168 quac
885 3072 1124 3163 confiteretur,
1151 3072 1189 3144 in
1214 3061 1360 3145 tormenti

196 3345 219 3420 §-
238 3348 262 3393 t.
284 3357 336 3392 nou
354 3340 399 3408 qui
416 3339 511 3392 lovan.
538 3339 609 3393 Aldo
627 3348 764 3411 acceptum
799 3341 875 3395 codd.
899 3358 948 3396 nec
969 3341 1021 3396 scio
1043 3341 1085 3395 cui
1106 3342 1188 3396 bono.
1228 3341 1280 3396 Sed

160 3411 280 3475 ferimus,
305 3409 376 3478 quod
397 3426 449 3461 uon
467 3424 499 3462 eo
517 3408 575 3461 loeo
639 3410 706 3462 itum
724 3418 765 3462 est
799 3410 924 3477 offendit,
942 3418 973 3463 ut
990 3411 1047 3464 loco
1064 3428 1120 3464 nou
1137 3429 1185 3465 suo
1202 3411 1323 3483 positum.

163 3496 215 3548 quo
242 3477 335 3544 debet,
361 3493 423 3530 uam
448 3478 523 3531 codd.
547 3476 591 3547 qui
611 3494 652 3530 em
675 3495 764 3531 omues
798 3481 874 3532 beret
900 3478 970 3532 enim
995 3489 1124 3550 torqueret
1145 3498 1252 3550 quoque.
1285 3475 1361 3532 sar

161 3552 267 3600 vetusto
296 3561 384 3600 errore
411 3552 472 3616 post
502 3547 659 3616 iuterropent
685 3546 765 3601 collo-
800 3565 879 3618 supra
896 3549 930 3601 ad
948 3566 1003 3619 cap.
1021 3555 1064 3613 20,
1083 3553 1107 3600 5.

165 3623 236 3670 cant.
833 3619 862 3669 in
880 3631 1019 3687 uesperum.
1054 3616 1132 3670 Unus
1145 3615 1253 3670 moen
1269 3617 1295 3668 iu
1310 3625 1361 3679 resp!

198 3688 221 3754 ξ.
241 3689 265 3739 8.
300 3683 419 3736 manibus
438 3701 534 3736 eorum.
570 3683 676 3738 Medius
694 3686 765 3754 ipso·
799 3704 865 3738 rum.
892 3686 962 3738 Tum
978 3687 1121 3755 Ερήαοεῑὶο
1139 3695 1225 3738 autem
1242 3680 1361 3737 sinentur

162 3773 221 3808 rum
243 3771 296 3806 non
321 3751 404 3818 male,
427 3752 473 3804 sed
492 3752 567 3804 codd.
593 3771 648 3807 nou
674 3754 765 3807 suffra-
800 3755 877 3808 Voss.
898 3760 949 3811 1.2
968 3760 997 3807 et
1014 3753 1085 3807 Flor.
1103 3770 1193 3806 omnes
1230 3748 1361 3823 raeterB}

162 3831 268 3895 gantur.
304 3820 399 3892 Neque
411 3821 462 3874 hoc
475 3820 579 3874 rarofit
593 3840 609 3874 a
623 3822 765 3890 veteribus,
803 3822 842 3890 G,
869 3824 1027 3893 Hephaestio
1055 3821 1136 3874 etiam
1158 3772 1234 3874 Laid.
1266 3817 1361 3890 Aup'uatt

162 3901 194 3945 ut
212 3909 270 3945 cum
281 3906 429 3962 pronomen
437 3887 591 3942 rcflexivum
605 3891 768 3961 nonpossint
804 3892 909 3963 quidem
927 3893 982 3944 fere
999 3889 1129 3944 omittitur
1146 3890 1175 3943 in
1192 3890 1264 3944 libris
1279 3904 1331 3942 msa

163 3960 290 4015 adhibere
317 3959 352 4012 ob
382 3957 496 4029 aliquam
523 3973 640 4025 causam,
675 3960 769 4013 malint
838 3963 860 4029 ξ.
886 3968 926 4015 13.
965 3961 993 4012 in
1019 3968 1180 4029 conspectum
1197 3991 1233 3999 —
1244 3968 1360 4029 proponitt

164 4033 233 4096 eius,
257 4030 294 4096 ei,
317 4046 373 4080 cum
391 4034 434 4081 cet
450 4041 561 4096 ponere,
579 4045 657 4098 quam
674 4030 768 4096 priter,
802 4030 891 4099 Vulgo
909 4031 937 4081 in
955 4037 1089 4108 conspectu
1108 4028 1179 4097 quod
1196 4045 1251 4082 non
1266 4030 1361 4080 coetu

164 4099 226 4168 ipsi,
244 4099 339 4165 ipsum.
373 4095 443 4149 Vide
460 4109 502 4146 ex.
520 4112 559 4164 gr.
576 4111 639 4159 vm,
659 4102 689 4148 11
709 4096 768 4167 Spi-
802 4098 950 4162 nendum,
968 4095 1016 4149 nisi
1026 4103 1145 4149 auctores
1159 4097 1308 4150 haberemus
1321 4088 1361 4144 nu

164 4177 283 4219 tamenes
300 4166 518 4244 obireconspectu
537 4163 673 4231 (uxorem)
691 4166 768 4233 iubet,
802 4116 875 4220 Alce
895 4174 923 4219 ct
940 4165 1021 4218 Snalt.
1038 4181 1136 4218 omnes.
1171 4165 1209 4233 (E
1225 4157 1361 4218 Remum

164 4237 254 4288 addito
278 4243 346 4287 metu
368 4242 472 4298 mortu,
499 4233 571 4285 st'se
593 4235 676 4286 oculis
699 4235 768 4287 eius
802 4234 867 4288 nihil
884 4235 917 4288 ab
935 4233 997 4287 olim
1014 4233 1236 4304 vulgaturum
1256 4236 1361 4287 euotttut·

165 4304 305 4356 obtulisset.
804 4304 858 4358 cic.
875 4302 984 4356 iuRull.
1001 4309 1067 4356 orat.
1085 4309 1111 4371 2,
1130 4308 1145 4357 5
1164 4310 1233 4357 extr.
1250 4304 1289 4356 lea
1303 4300 1327 4352 iu
1335 4308 1361 4363 pt

201 4370 268 4440 Cap.
290 4376 337 4438 42,
367 4373 391 4438 ς.
415 4377 438 4423 9.
474 4370 502 4421 iu
525 4372 644 4423 custodia
670 4388 768 4441 quoquc
803 4375 896 4426 tticum
917 4373 1093 4442 proponitur,
1127 4371 1174 4425 ubi
1201 4372 1288 4426 credes
1310 4364 1361 4419 (Μ

167 4448 302 4508 torqueret.
354 4437 461 4492 Modius
491 4447 651 4508 torqueretur
677 4447 769 4494 contra
803 4441 886 4495 tonio.
