2926 5174
395 310 442 360 nr
471 309 599 360 ausus
627 309 737 365 Anus.
765 310 816 378 1v,
843 308 886 356 42.
924 375 929 386 ι
1220 295 1291 365 123

27 493 201 572 audacio
235 491 433 568 maesse?
458 505 619 566 terrena
645 493 716 566 iam
741 494 795 567 hic
819 505 931 566 eruut:
957 493 1018 567 sed
1041 519 1082 567 ue
1107 509 1293 593 eepeaaue·

29 609 154 706 asper
188 606 297 696 deos,
324 604 358 677 si
381 603 463 703 quid
487 603 546 676 riht
570 604 621 676 tur‘
644 605 736 702 repe's
760 604 960 677 revereatur
986 617 1052 678 est:
1087 630 1178 698 uum,
1204 609 1294 706 quod

32 718 157 794 ascire
190 727 326 814 capeto
353 726 383 787 et
405 739 562 813 quaerere
580 714 706 812 pudet,
733 740 837 788 ausus
864 727 912 788 est
935 729 966 788 et
990 715 1163 808 aarum,
1189 730 1219 791 et
1243 717 1293 791 iu

15 827 134 905 trab?
179 826 261 900 Ille
298 824 499 922 quaestioni
526 847 659 920 corpus
687 825 833 915 offerre,
860 823 948 899 deos
974 835 1086 898 testes
1112 827 1291 920 invocare,

15 953 115 1016 laste
151 947 374 1033 sancteque
396 934 565 1007 -habitam
597 958 679 1007 esse
710 936 880 1032 reginam.
941 934 1102 1012 Tandem
1135 949 1176 1010 ut
1201 938 1291 1013 fides

37 1054 113 1125 iacta
151 1060 237 1139 est,
276 1072 370 1120 vera
403 1071 480 1119 esse
512 1070 604 1141 quae
640 1045 838 1118 affirmaret
864 1047 994 1144 spade,
1027 1048 1143 1145 capite
1169 1051 1290 1123 velato

41 1163 87 1236 diu
109 1162 237 1249 flevit,
268 1156 574 1252 manantibusque
600 1154 733 1229 adhuc'
746 1157 919 1247 lacrimis,
946 1169 1049 1231 veste
1075 1161 1121 1233 ab
1149 1185 1211 1233 ore
1236 1187 1290 1234 re·

42 1273 124 1364 lecta,
151 1270 208 1344 ad
239 1270 391 1343 coelum
414 1292 541 1340 manus
567 1265 732 1357 tendens,
757 1267 827 1341 De'e‘
844 1268 964 1365 patrii,
989 1267 1115 1365 inquit,
1135 1273 1292 1370 primurn

46 1385 109 1457 aab
137 1381 300 1457 stabilite
335 1404 492 1477 requam:
526 1377 665 1470 demde,
698 1380 730 1453 se‘
763 1379 805 1453 de
831 1404 884 1452 rae
910 1378 981 1451 iarn
1007 1393 1210 1456 oausactura
1235 1396 1291 1475 est,

46 1520 148 1591 perer,
176 1518 227 1566 ue
259 1491 344 1591 queis
363 1490 476 1588 petius
501 1480 608 1581 Astus
630 1514 692 1563 ree
717 1491 768 1582 sit,
795 1515 900 1589 quare
926 1491 987 1565 iste
1012 1504 1081 1564 tara
1106 1492 1212 1568 iustus
1237 1494 1291 1569 ta

48 1605 96 1695 ui,
116 1617 189 1677 tam
219 1601 421 1674 munuera
444 1601 556 1674 uictor.

12 1728 41 1777 n
127 1715 273 1810 Itaque
310 1735 544 1807 quamquam,
578 1709 712 1782 frustra
745 1736 834 1808 pace
864 1711 922 1784 bis
949 1714 1081 1811 petita,
1109 1715 1229 1789 omnia
1254 1717 1341 1815 iu43

44 1823 157 1898 bellum
186 1821 356 1896 consilia
381 1828 617 1908 converterat,
639 1821 756 1894 victus
782 1832 904 1894 tamen
919 1823 1139 1896 continentia
1164 1825 1290 1917 hostis,

43 1934 76 2006 ad
97 1960 221 2009 novas
254 1932 362 2031 pacis
390 1931 614 2004 condiciones
640 1931 806 2004 ferendas
833 1931 958 2004 decem
984 1933 1133 2030 legatos,
1161 1960 1290 2033 cogna

42 2055 143 2118 torum
170 2043 382 2143 principes
408 2043 523 2114 misit:
560 2067 650 2137 quos
675 2042 900 2131 Alexander,
927 2042 1074 2114 consilio
1090 2044 1289 2138 advocato,

21 2155 210 2230 riui-oduei
240 2153 365 2226 iussit.
416 2151 448 2223 E
474 2152 602 2248 quibus
629 2153 806 2225 maximus
832 2161 939 2242 natu,
965 2151 1137 2248 Dareum,
1164 2157 1290 2254 inquit,

42 2280 66 2338 ut
98 2293 235 2367 pacem
275 2290 302 2337 a
340 2276 369 2336 te
406 2264 477 2336 iure
514 2264 574 2336 hoe
617 2264 708 2337 tertie
747 2276 890 2361 peteret,
934 2253 1050 2337 nulla
1065 2266 1117 2340 oe's
1155 2269 1290 2366 subepit,

62 2435 104 2486 titt
120 2437 173 2502 tue]
195 2431 250 2486 Sic
271 2437 304 2482 et
323 2429 383 2481 edd.
400 2436 466 2481 vett.
485 2436 514 2482 et
531 2428 652 2499 plerique
686 2428 740 2480 lum
757 2443 781 2481 11
799 2430 833 2481 ad
852 2428 1003 2483 Corinthios
1023 2437 1068 2498 13,
1093 2438 1106 2484 1
1126 2439 1213 2486 τοῦτο
1232 2441 1290 2507 τρί-

40 2503 97 2555 codd.
112 2501 217 2556 nostri.
259 2498 298 2550 In
316 2497 508 2551 recentioribus
530 2497 651 2550 editioni-
685 2518 738 2550 τον
762 2504 825 2562 toxo
849 2519 878 2549 ae
900 2498 970 2570 πρὸς
994 2497 1075 2566 ὑμᾶς.
1110 2500 1223 2570 Legitur
1240 2503 1291 2558 hoo

40 2568 74 2622 bus
90 2575 164 2641 (post
183 2569 340 2622 Raderum
352 2565 460 2645 opinor)
480 2567 519 2621 tui
535 2567 584 2621 titi
600 2573 652 2634 est,
686 2547 793 2645 quidem
810 2520 867 2619 aliis
885 2583 990 2636 quoque
1016 2567 1081 2621 locis
1106 2577 1186 2639 atque
1209 2570 1291 2626 etiam

40 2641 95 2706 qaod
109 2641 266 2692 inventum
286 2643 332 2688 est
350 2652 377 2685 ru
393 2634 464 2687 Flor.
481 2632 515 2689 u.
684 2651 788 2688 inverso
811 2634 903 2689 ordine
929 2657 945 2687 τ
964 2641 1027 2688 ι’τον
1050 2643 1136 2689 τοῦτο
1168 2638 1196 2691 in
1218 2657 1291 2693 sacra

63 2711 82 2775 §.
97 2716 139 2762 34.
177 2725 216 2760 ne
238 2706 308 2784 quis
323 2704 413 2772 potius
433 2705 518 2756 Asiae
533 2719 582 2757 m
603 2702 651 2773 sit]
686 2703 825 2784 scriptura,
845 2711 876 2755 ut
892 2656 993 2757 videbis
1010 2703 1038 2755 in
1055 2703 1154 2758 lexico
1165 2705 1290 2761 Schleus·

39 2772 104 2829 ileost
129 2776 159 2830 in
195 2773 290 2827 editis
325 2769 519 2839 exemplaribus
638 2790 653 2825 r
686 2788 802 2825 neriano.
838 2770 927 2823 Livius
945 2771 973 2836 I,
999 2779 1046 2837 29,
1073 2779 1089 2825 3
1115 2774 1202 2827 domos
1225 2793 1289 2829 suas

39 2841 176 2898 llodiauum
189 2844 311 2913 potius,
330 2839 402 2918 quod
419 2838 471 2891 iam
484 2838 544 2891 addi
564 2839 648 2892 iBer·
682 2842 800 2893 altimum
818 2841 887 2891 illud
903 2841 995 2905 visuri,
1014 2856 1114 2909 nosque
1132 2843 1203 2909 apud
1221 2841 1289 2896 Cur-

39 2913 142 2967 nensibus
161 2921 193 2965 et
211 2907 391 2964 Florentinis
413 2908 446 2959 ad
467 2925 549 2959 unum
565 2907 647 2961 omui·
682 2907 838 2973 tiumx',14,
853 2913 868 2960 3
887 2910 967 2959 donee
985 2925 1002 2959 a
1021 2917 1071 2959 toto
1090 2912 1204 2961 euerritu
1222 2911 1291 2965 ittae

41 2979 78 3032 bus
92 2979 315 3051 postulantibus,
335 2992 384 3029 nec
401 2974 541 3046 quicquam
557 2984 648 3045 potest
681 2978 800 3028 ultimum
821 2976 1004 3043 persalutatus
1043 2985 1081 3026 est
1116 2975 1289 3032 restituimus.

44 3062 88 3100 esse
101 3049 191 3119 apthas.
225 3045 324 3101 Snak.
343 3061 424 3095 unum
433 3044 536 3097 Voss.2
556 3052 647 3098 aucto-
681 3043 768 3107 Quem
785 3043 873 3095 locum
883 3040 1016 3095 Ciceronis
1032 3042 1059 3093 in
1076 3047 1152 3113 epist.
1171 3045 1291 3098 adAtti·

45 3130 91 3167 rem
104 3117 254 3186 scripturae
277 3112 361 3166 huius
379 3111 460 3177 citat,
484 3128 534 3164 nec
557 3120 646 3165 tamen
682 3127 742 3163 cum
759 3125 829 3177 xm,
848 3116 881 3162 46
901 3108 1051 3162 Gronovius
1068 3110 1096 3162 in
1113 3111 1183 3164 notis
1200 3112 1289 3167 Livia-
1391 3159 1398 3171 .

46 3182 97 3237 uiti
111 3185 183 3238 fidem
192 3184 271 3239 facit
283 3179 387 3234 aLeid.
401 3187 430 3232 et
444 3180 521 3234 Voss.
532 3187 544 3233 l
556 3182 646 3234 abesse
680 3179 720 3232 nis
738 3179 829 3232 laudat
848 3181 921 3246 (ereo
938 3180 985 3232 trac
997 3179 1138 3248 patrum),
1157 3196 1218 3232 eum
1235 3199 1290 3236 uon

41 3254 121 3318 petius.
683 3256 756 3301 recte
773 3249 824 3301 huc
841 3246 947 3311 referri,
966 3253 1070 3299 mutata
1087 3247 1231 3316 scriptura,
1249 3250 1291 3302 in.

70 3320 124 3393 Cap.
141 3330 186 3391 43,
209 3326 239 3390 ξ.
264 3328 293 3371 l.
323 3318 433 3386 frustra
452 3334 521 3385 paee
544 3318 583 3369 bis
600 3335 650 3386 pe·
684 3315 799 3386 quirenti
818 3316 970 3386 apparebit,
999 3323 1122 3386 erratque
1140 3316 1291 3372 Gronovius

40 3390 86 3457 tite]
114 3391 177 3446 Hoc
205 3380 367 3444 verborum
393 3384 484 3437 ordine
502 3403 554 3438 non
572 3387 650 3439 modo
685 3385 765 3437 etiam
782 3385 810 3437 in
828 3385 938 3453 eoquod
946 3382 1050 3436 Livium
1059 3384 1193 3454 explicans
1210 3388 1290 3456 hunc,

38 3454 95 3511 leid.
112 3477 197 3531 quem
218 3471 317 3510 unum
335 3452 500 3518 citatsnak,
515 3453 651 3506 sedBeru.
686 3470 765 3523 quem
782 3461 940 3516 tractamus,
959 3451 1046 3506 Curtii
1064 3453 1150 3507 locum
1168 3454 1207 3508 ita
1224 3456 1291 3510 citat

37 3533 163 3584 etomnes
190 3527 279 3581 Flor.
311 3520 362 3573 nisi
389 3522 460 3600 quod
485 3521 513 3573 iu
538 3521 650 3575 nouo
685 3521 760 3591 quasi
778 3521 813 3574 sit
830 3524 876 3574 hec
894 3523 1005 3574 tertium.
1026 3522 1141 3576 Omnino
1155 3526 1202 3578 lter
1214 3527 1290 3578 tertio

29 3596 120 3661 frustra
147 3593 322 3656 omittitur3
359 3589 424 3643 editi
447 3597 555 3659 praeter
577 3590 651 3643 Mod.
686 3590 714 3642 iu
739 3599 831 3644 nostro
857 3590 916 3644 loco
943 3589 1076 3659 singulare
1101 3600 1142 3644 est
1165 3591 1193 3645 in
1219 3593 1291 3646 omui

31 3669 212 3736 pucefrustra
238 3663 285 3714 bis
301 3660 396 3726 petita.
683 3658 844 3725 Latinitate,
876 3661 922 3712 sed
955 3675 1015 3711 cum
1047 3658 1233 3715 adverbialiter
1262 3669 1291 3715 et

59 3735 78 3800 ἕ.
93 3742 116 3788 2.
136 3738 200 3788 iam
222 3733 280 3784 hoc
301 3728 377 3778 tertio
389 3729 498 3795 peteret]
518 3725 651 3780 Omiserat
684 3729 786 3781 tertium
812 3734 841 3780 et
867 3730 941 3780 tertio
977 3727 1126 3797 promiscue
1157 3729 1292 3782 diceretur

34 3796 122 3857 liodius
137 3806 210 3866 troc,
234 3805 327 3866 atque
345 3795 420 3847 abest
436 3811 499 3846 sane
517 3812 534 3846 a
547 3795 649 3848 Voss.2
684 3813 734 3864 pro
751 3813 783 3850 eo
800 3795 871 3866 quod
889 3795 992 3849 Graece
1009 3804 1051 3848 est
1068 3803 1166 3866 τρίτον
1184 3797 1239 3850 sivo
1256 3797 1290 3849 τὸ

34 3865 97 3924 Btru
114 3872 140 3925 B
161 3877 196 3923 et
218 3865 306 3920 Flor.
324 3861 413 3928 CEH,
431 3862 459 3914 in
476 3861 570 3932 quibus
587 3862 651 3915 item
685 3870 783 3935 τρίτον
800 3871 828 3916 et
847 3863 1003 3918 Gennanice
1029 3880 1083 3932 tum
1101 3868 1188 3918 tritten
1207 3865 1287 3926 illuit,

33 3935 74 3990 iam
93 3939 286 3993 desideratur
312 3929 322 3982 l
357 3930 462 4000 'turque
491 3949 508 3983 a
530 3941 553 3983 te
577 3935 652 3984 tertio
685 3940 791 4002 poterat
809 3931 922 4002 scriptor
939 3939 1000 3985 tuto
1017 3930 1098 3984 etiam
1115 3933 1162 3983 hoc
1179 3939 1226 3983 aut
1244 3933 1290 3984 etto

34 4018 176 4070 quaeret:
198 4003 256 4057 sed
276 3998 320 4053 illi
356 3998 397 4050 bri
414 4006 475 4051 sunt
492 4015 526 4051 ex
540 3999 652 4052 deterri·
686 4003 760 4053 tertio
779 4000 873 4053 dicere.
908 4001 1004 4079 Neque
1029 3997 1143 4051 enimin
1161 3998 1200 4051 his
1218 3997 1291 4051 locu·

33 4072 78 4126 nis.
109 4076 212 4129 Recte
233 4068 327 4140 igitur
345 4065 460 4120 Gronov.
486 4066 652 4133 Obss.11,8
687 4068 802 4123 tionibus
829 4071 903 4122 tertio
926 4065 1085 4121 adrectivum
1118 4074 1160 4118 est
1195 4065 1291 4121 omisso

68 4149 111 4199 212
132 4145 180 4200 ed.
204 4138 291 4208 Lips.
320 4136 373 4187 iam
395 4137 441 4187 tac
463 4137 552 4202 tertio,
581 4138 653 4205 quod
687 4139 741 4190 loco
764 4149 811 4190 aut
832 4155 938 4190 numero
962 4142 1004 4202 (ut
1026 4133 1143 4187 Gronov.
1165 4132 1194 4186 in
1212 4134 1290 4188 Obss.

33 4156 117 4266 duum
136 4216 221 4264 esset
243 4221 299 4276 pro
317 4203 367 4255 bac
383 4202 461 4255 tertis
477 4202 543 4270 vice,
563 4204 653 4256 defen·
687 4205 831 4274 significat)
854 4206 899 4257 sed
922 4219 1016 4257 nomen
1038 4201 1128 4281 potius
1145 4202 1291 4256 substanti·

35 4275 73 4344 dit,
88 4281 256 4346 laudatque
266 4270 406 4325 Valerium
414 4270 537 4323 Flaccum
552 4274 652 4342 Argon.
686 4291 748 4326 vum
766 4272 884 4326 neutrius
902 4270 1017 4342 generis,
1040 4271 1068 4322 rd
1085 4271 1155 4339 quod
1173 4271 1291 4323 declara·

37 4355 71 4411 u,
84 4356 133 4404 253
161 4356 327 4400 extremum
344 4341 389 4391 too
414 4341 507 4391 riaetis
525 4340 652 4395 innectere
687 4349 732 4395 tur
758 4343 842 4407 altera
868 4339 1003 4394 locutione
1024 4341 1071 4391 tac
1089 4345 1135 4390 aut
1153 4341 1222 4392 illud
1239 4348 1291 4391 ter·

33 4415 122 4476 rotun
144 4419 200 4470 dat
210 4408 353 4483 famuli&
370 4415 399 4460 et
415 4406 438 4459 P
439 4407 527 4459 aulum
535 4408 651 4477 Aposto-
687 4412 751 4466 tium
770 4411 922 4480 (ultanum).
