2926 5174
201 287 247 357 57
253 289 275 357 4
718 303 918 354 Arrrnmx.

284 488 354 566 Cap.
373 491 423 563 28,
441 494 466 560 §.
486 489 536 546 32.
570 498 596 546 et
612 491 672 564 eqo]
692 499 717 545 et
734 490 763 547 ta
781 489 857 546 Flor.
870 488 961 562 DFI,
981 496 1012 546 et
1023 487 1076 549 DI
1095 489 1216 565 quidem
1233 491 1333 550 omisso
1348 492 1417 550 emen

198 577 336 637 vocabulo
354 576 440 651 paulo
457 583 530 650 post.

283 665 307 736 ὃ.
327 663 376 719 33.
420 662 498 735 nibil]
523 663 563 717 nil
585 661 663 718 Flor.
682 660 814 719 DEFHI
830 660 919 718 Bern.
945 661 983 717 Β.
1031 664 1095 718 sine
1113 664 1178 719 risu
1198 665 1324 739 aliorum]
1347 662 1419 722 omitt.

199 750 314 805 aliorum
331 748 361 803 in
378 748 456 804 Flor.
475 747 607 803 DEFHI
625 747 712 804 Bern.
730 747 774 819 B,
791 749 848 803 sine
864 748 990 804 aliorum
1009 750 1073 805 risu
1093 748 1179 806 Flcr.
1199 747 1234 809 C.

283 835 307 905 §.
327 834 376 890 34.
420 835 582 889 interemerit
598 836 690 907 semet]
709 835 841 889 interemit
858 833 941 889 Flcr.
964 829 1008 903 C,
1033 836 1210 894 interimeret
1228 836 1306 894 Flor.
1322 836 1421 894 DEFHl

198 919 284 975 Bern.
303 918 338 990 B,
356 937 385 975 se
403 921 492 991 ipsum
510 918 588 975 Flor.
606 917 632 990 I,
650 927 730 975 semet
748 920 910 974 interemerit
928 918 1013 976 Flos.
1035 917 1078 977 G.
1122 923 1237 994 crrlpam
1254 924 1347 978 alentii
1361 932 1422 977 tamer

196 1023 250 1060 non
260 1007 335 1077 farti
356 1006 448 1076 ulli-us]
469 1013 556 1060 tamen
575 1004 666 1060 omitt.
690 1004 716 1060 F
718 1003 768 1060 lor.
787 1002 875 1073 DFI,
902 1005 1021 1077 culpam
1048 1007 1158 1062 silentii
1182 1016 1209 1064 et
1234 1010 1347 1064 animum
1362 1017 1422 1064 tam

197 1109 250 1145 nou
263 1091 369 1165 sactum
386 1091 459 1146 illius
478 1088 555 1146 Flor.
575 1087 613 1147 G.
658 1088 764 1162 obtulit]
784 1091 878 1162 optulit
895 1088 990 1146 Bcrn.
1010 1090 1044 1147 A
1063 1089 1153 1149 Leid.
1173 1092 1311 1154 Voss..1.

285 1173 355 1250 Cap.
385 1175 440 1246 29,
470 1177 494 1248 §.
525 1176 554 1231 2.
612 1176 643 1231 ob
672 1174 894 1248 aemulationem]
927 1176 965 1231 ab
997 1180 1191 1235 aemulatione
1220 1179 1298 1236 Flor.
1325 1178 1423 1237 DEFHI

197 1261 284 1318 Bern.
301 1262 337 1317 B.

284 1349 309 1421 §.
328 1349 356 1403 4.
401 1349 462 1405 odio
479 1365 528 1403 suo
551 1348 661 1421 pietatis
678 1342 782 1423 praef]
808 1345 869 1401 odio
886 1363 938 1401 suo
960 1349 1086 1422 pietatis
1105 1367 1178 1406 suae
1196 1353 1287 1426 praef.
1304 1352 1373 1408 Flor.
1386 1349 1424 1409 ΕΗ

198 1433 285 1490 Bern.
304 1432 340 1503 Β,
363 1434 424 1490 odio
442 1450 507 1489 suae
520 1435 587 1506 piet.
605 1435 693 1506 praef.
711 1432 789 1489 Flor.
807 1431 845 1493 F.

284 1520 309 1591 §.
335 1517 363 1574 b.
405 1537 510 1593 semiper
528 1519 608 1574 insid.
626 1515 689 1594 tibi]
706 1519 788 1574 insili.
806 1534 911 1591 semper
929 1517 983 1573 tibi
1006 1518 1093 1577 Flor.
1115 1519 1158 1595 C,
1185 1524 1270 1581 incid.
1294 1524 1338 1580 tibi
1352 1539 1426 1595 sarpa

197 1605 276 1662 Flor.
301 1604 434 1661 DEFIII
455 1604 541 1661 Bern.
566 1604 602 1659 B.
653 1622 707 1658 noa
734 1621 817 1677 semp.
846 1601 991 1678 Philotae]
1025 1625 1085 1662 non
1112 1608 1221 1681 plrilote
1250 1628 1349 1684 semper
1372 1608 1426 1664 Flor.

201 1689 360 1748 CDEFHI
377 1690 463 1746 ch.
481 1691 518 1749 B.
1119 1754 1129 1769 .

284 1776 309 1848 §.
333 1776 361 1832 7.
405 1786 477 1849 patr.
496 1778 553 1832 eius
574 1775 684 1847 Parm]
704 1775 925 1847 Porri..,patrem
943 1776 1007 1830 eius
1026 1776 1116 1834 Flor.
1138 1777 1305 1838 CDEFHI
1320 1778 1425 1838 Berr.B.

201 1870 226 1918 et
243 1863 333 1934 iuuet]
354 1862 396 1918 Et
413 1861 504 1919 omitt.
522 1861 551 1918 in
569 1861 647 1918 Flor.
666 1859 798 1918 DEFHI
814 1858 900 1915 Bern.
918 1858 957 1915 Β.

285 1946 357 2022 Cap.
376 1948 426 2019 30,
450 1952 473 2018 §-
498 1949 547 2005 10.
589 1949 638 2004 sed
655 1965 688 2003 eu
705 1946 767 2020 alt]
787 1941 888 2002 omia.
905 1946 1048 2026 eaFlor.
1068 1947 1190 2010 DFHI
1208 1953 1297 2012 Bern.
1314 1953 1346 2026 B,
1363 1950 1425 2008 omitt

200 2035 249 2091 sed
265 2033 344 2090 Flor.
361 2033 396 2089 E.

285 2122 309 2192 §.
335 2119 384 2176 11.
428 2138 461 2175 ne
481 2118 572 2177 Oebal.
590 2118 709 2192 atridam]
735 2116 795 2175 Neo
814 2115 877 2174 aa.
901 2117 1017 2190 quidem
1042 2121 1115 2178 edd.
1137 2143 1186 2198 pr.
1207 2125 1280 2183 Ald.
1303 2124 1361 2182 Iun.
1374 2119 1426 2178 Mod.

199 2205 249 2262 sed
266 2203 363 2261 nullus
381 2205 480 2261 codex.
508 2205 638 2278 omnium]
668 2203 758 2260 omitt.
776 2202 854 2260 Flor.
872 2201 1013 2261 DEFHI
1033 2206 1134 2266 Bern.
1155 2210 1195 2268 B.
1228 2209 1364 2284 arbitrum]
1379 2206 1426 2266 arbi·

199 2294 281 2346 trium
299 2290 377 2347 Flor.
397 2287 538 2348 CEFGH
556 2290 642 2346 Bern.
660 2290 696 2346 Β.

286 2372 356 2448 Cap.
382 2376 437 2446 31,
461 2378 485 2448 ς.
506 2377 554 2431 19.
589 2374 750 2447 Atbarrias]
771 2372 892 2431 Aturrus
908 2372 994 2432 Leia.
1016 2376 1118 2437 Bcrn.
1141 2382 1177 2440 A
1196 2384 1279 2444 Flor.
1296 2376 1392 2441 ABCG
1405 2395 1427 2433 ex

199 2476 270 2516 corr.
288 2477 352 2515 cum
369 2459 471 2517 fuisset
488 2457 639 2531 Artarras,
664 2459 792 2517 atbareas
814 2459 893 2516 F'or'.
911 2459 1006 2534 DFI,
1034 2473 1162 2525 atareas
1190 2470 1274 2528 Flor.
1291 2470 1332 2541 E,
1353 2475 1427 2525 alatur

199 2543 286 2600 Bern.
303 2543 339 2615 B,
357 2544 489 2603 Attarras
506 2546 585 2603 Flor.
603 2546 634 2602 H
653 2547 696 2603 cd.
714 2545 779 2602 Iun.
797 2544 877 2606 Mod.
896 2553 925 2602 et
943 2546 1040 2622 vulgo
1057 2551 1158 2628 aditi,
1179 2554 1311 2614 Auernas
1326 2554 1380 2611 edit.
1394 2569 1426 2626 pr,

204 2630 231 2685 Τ
228 2632 321 2686 arrius
334 2630 405 2688 Ald.

284 2717 309 2788 §.
330 2717 380 2775 20.
417 2719 556 2774 distributi
571 2720 646 2791 sunt]
678 2715 778 2775 omitt.
796 2718 904 2773 suntin
923 2716 1006 2774 Flor.
1028 2717 1216 2785 CDEFHI
1234 2727 1364 2786 Bernss.
1395 2722 1425 2778 bl·

198 2804 269 2875 mus]
290 2802 429 2861 omittitur
446 2804 476 2860 in
492 2804 572 2861 Flos.
589 2802 724 2861 DEFHI
740 2802 827 2859 Bern.
845 2803 882 2860 B.

283 2889 307 2961 §.
327 2890 376 2947 22.
411 2893 447 2964 ei]
467 2890 557 2948 omitt.
575 2890 605 2946 in
628 2889 706 2947 Flos.
727 2885 885 2945 CDEFHI
902 2889 989 2946 Bern.
1010 2890 1051 2950 B.

283 2973 356 3050 Cap.
377 2977 428 3049 32,
446 2978 470 3049 §.
489 2977 539 3033 25.
574 2977 654 3033 rebus
671 2983 772 3032 uetusto
792 3009 830 3018 --
849 2975 1019 3051 inquirebat]
1041 2980 1136 3038 rebus
1156 2994 1265 3043 vetusto
1286 3017 1321 3027 -
1338 2982 1425 3056 inquire·

196 3060 260 3117 bant
277 3062 355 3117 Flor.
374 3061 404 3120 G
429 3062 525 3133 sedin
542 3081 633 3138 marg.
651 3060 821 3118 adscribitur
838 3079 913 3133 reyes
931 3061 1017 3134 quasi
1037 3066 1197 3127 omissum
1216 3080 1285 3146 post
1299 3071 1381 3139 rebus,
1396 3081 1423 3119 u-

196 3146 245 3203 bus
263 3166 339 3222 reyes
355 3157 455 3205 uetusto
474 3183 513 3190 —
532 3148 705 3221 inquirebant
721 3146 747 3202 F
749 3146 800 3202 lor.
818 3145 951 3202 DEFHI
969 3147 1063 3205 Bern.
1084 3151 1129 3216 Β,
1182 3156 1263 3215 Tum
1281 3157 1395 3212 mettas
1406 3150 1423 3203 ir

192 3242 276 3306 parte
294 3242 352 3289 erat
369 3235 443 3308 millai
458 3235 545 3291 Bern.
564 3235 590 3290 Β
608 3234 652 3290 cd.
671 3252 714 3306 pr.
734 3231 816 3303 Mer,
835 3248 921 3288 eaerc.
939 3233 967 3286 in
984 3243 1132 3304 potestate
1153 3251 1218 3298 erat
1234 3243 1309 3315 aulai
1322 3241 1346 3298 F
1348 3240 1389 3297 lor.
1398 3232 1423 3292 G·

195 3319 241 3374 De
262 3317 432 3391 Capitolibus
449 3340 524 3394 reyes
541 3328 641 3377 vetusto
659 3319 735 3374 Mac.
754 3319 832 3374 moelo
849 3317 1031 3391 iuquirebant.
1071 3323 1240 3384 Exercitus
1257 3329 1286 3384 in
1299 3335 1372 3401 parte
1384 3326 1423 3378 aot

195 3405 269 3475 oulqi
286 3403 356 3460 Ald.
376 3406 442 3462 edit.
485 3407 530 3462 De
553 3404 714 3478 capitalibus
732 3403 811 3460 rebus
834 3420 908 3477 reyes
931 3410 1037 3460 uetusto
1057 3406 1147 3467 Mac.
1174 3409 1421 3487 monoloquium

195 3487 300 3543 Eaerc.
319 3491 346 3543 in
364 3500 444 3563 parte
461 3500 520 3547 erat
536 3493 610 3564 uului
629 3489 694 3545 Iun.
713 3489 778 3545 edit.

282 3574 307 3646 §.
327 3576 354 3629 1.
390 3579 545 3650 contionem]
574 3575 622 3634 Sic
644 3573 776 3635 scribitur
798 3574 827 3632 in
852 3573 938 3631 Bern.
956 3571 1036 3648 AB,
1066 3577 1192 3640 eFlor,
1211 3582 1286 3642 nihil
1300 3587 1421 3642 notaturi

195 3657 336 3734 scriptura
354 3650 675 3718 concionem'diversum.

283 3747 307 3818 §.
327 3745 355 3801 2.
391 3747 439 3802 diu
457 3766 507 3803 reu
525 3748 638 3804 demisso
661 3747 822 3821 interram]
849 3744 1033 3802 demissorum
1057 3747 1112 3806 eliu
1140 3754 1171 3809 in
1197 3763 1302 3812 terram
1317 3753 1383 3810 Flor.
1397 3741 1419 3816 (¹,

194 3831 310 3887 demisso
327 3849 376 3885 reu
394 3833 422 3886 in
441 3842 542 3888 terram
560 3828 682 3912 (omisso
700 3827 763 3910 eliu)
789 3831 868 3888 Flor.
885 3828 1020 3886 DEFHI
1039 3830 1135 3893 Bern.
1155 3837 1195 3897 B.
1242 3846 1419 3914 conspectuque

194 3918 286 3989 vestri]
308 3926 515 3992 conspectusque
532 3927 617 3975 uester
634 3916 702 3973 odit.
720 3917 790 3973 Ald.
809 3916 874 3973 Iun.
909 3915 1073 3990 Traditque
1093 3917 1192 3981 Snak.
1212 3924 1300 3984 sicin
1317 3916 1416 3981 Vasti·

195 4000 212 4054 2
232 4019 304 4072 esse,
330 4001 405 4073 quod
422 4021 476 4077 ego
493 4021 530 4058 cx
547 4004 627 4060 nullo
643 4021 770 4059 meorum
788 4009 931 4060 enotatum
948 3999 1059 4062 inveni.
1109 4009 1223 4086 adimo]
1242 4011 1282 4066 ad
1300 4009 1347 4066 lina
1360 4003 1416 4063 Flor-

194 4082 231 4156 E,
249 4087 288 4143 ab
304 4086 370 4143 berec
387 4087 465 4145 Flos.
482 4088 590 4146 DFHI
607 4089 692 4157 Rern.
710 4088 737 4145 B
757 4086 844 4146 Voss.
863 4089 892 4144 2.

284 4173 308 4242 §.
330 4171 358 4226 3.
393 4174 556 4248 Interrupit]
576 4175 780 4248 interrupitque
798 4173 876 4230 Flor.
895 4170 1059 4230 ODEFHI
1078 4175 1175 4236 Bern.
1190 4179 1219 4237 B
1237 4179 1324 4238 Voss.
1336 4177 1352 4233 2
1366 4168 1414 4230 eiii·

195 4271 237 4325 pr.
254 4255 324 4310 Ala.
342 4254 421 4317 Mod.
443 4254 514 4335 (non
531 4260 622 4336 Iun).
665 4277 715 4317 rea
733 4268 833 4333 quanto
851 4257 952 4335 inquit]
974 4276 1025 4315 rea
1044 4262 1144 4336 inquit
1162 4275 1268 4341 quanto
1285 4263 1351 4323 Ata.
1364 4258 1412 4316 1¹¹⁰·

195 4337 305 4408 (nullus
324 4341 413 4398 codex
431 4347 509 4416 ms).

279 4424 305 4495 δ.
325 4426 353 4481 4.
388 4430 477 4504 nesus]
492 4433 606 4506 facinus
622 4430 701 4488 Flor.
721 4425 881 4486 CDEFHI
898 4428 984 4484 Bcrn.
1004 4428 1031 4483 B
1050 4429 1149 4492 Vostr.
1170 4436 1201 4496 2.
