<?xml version="1.0" encoding="UTF-8"?>
<!DOCTYPE html PUBLIC "-//W3C//DTD XHTML 1.0 Transitional//EN"
    "http://www.w3.org/TR/xhtml1/DTD/xhtml1-transitional.dtd">
<html xmlns="http://www.w3.org/1999/xhtml" xml:lang="en" lang="en">
 <head>
  <title>
</title>
<meta http-equiv="Content-Type" content="text/html;charset=utf-8" />
  <meta name='ocr-system' content='tesseract 3.04.00' />
  <meta name='ocr-capabilities' content='ocr_page ocr_carea ocr_par ocr_line ocrx_word'/>
</head>
<body>
  <div class='ocr_page' id='page_1' title='image "./qcurtiirufidege01rufugoog_0414.png"; bbox 0 0 2926 5174; ppageno 0'>
   <div class='ocr_carea' id='block_1_1' title="bbox 406 256 1287 364">
    <p class='ocr_par' dir='ltr' id='par_1_1' title="bbox 406 256 1287 364">
     <span class='ocr_line' id='line_1_1' title="bbox 406 256 1287 364; baseline 0.002 -19"><span class='ocrx_word' id='word_1_1' title='bbox 406 256 459 345; x_wconf 76' lang='lat' dir='ltr'>nr&#39;</span> <span class='ocrx_word' id='word_1_2' title='bbox 485 292 611 345; x_wconf 83' lang='lat' dir='ltr'>crsrrs</span> <span class='ocrx_word' id='word_1_3' title='bbox 638 292 749 344; x_wconf 79' lang='lat' dir='ltr'>Anax.</span> <span class='ocrx_word' id='word_1_4' title='bbox 781 294 858 364; x_wconf 86' lang='lat' dir='ltr'>rm,</span> <span class='ocrx_word' id='word_1_5' title='bbox 887 293 926 341; x_wconf 81' lang='lat' dir='ltr'>ro.</span> <span class='ocrx_word' id='word_1_6' title='bbox 1213 266 1287 347; x_wconf 70' lang='lat'>383</span> 
     </span>
    </p>
   </div>
   <div class='ocr_carea' id='block_1_2' title="bbox 79 470 1341 2473">
    <p class='ocr_par' dir='ltr' id='par_1_2' title="bbox 79 470 1341 2473">
     <span class='ocr_line' id='line_1_2' title="bbox 79 470 1289 581; baseline 0 -28"><span class='ocrx_word' id='word_1_7' title='bbox 79 492 137 553; x_wconf 80' lang='lat' dir='ltr'>tem</span> <span class='ocrx_word' id='word_1_8' title='bbox 165 490 364 576; x_wconf 72' lang='lat' dir='ltr'>accepturam</span> <span class='ocrx_word' id='word_1_9' title='bbox 389 491 438 552; x_wconf 81' lang='lat' dir='ltr'>est</span> <span class='ocrx_word' id='word_1_10' title='bbox 461 480 544 552; x_wconf 84' lang='lat' dir='ltr'>rea!</span> <span class='ocrx_word' id='word_1_11' title='bbox 577 476 762 576; x_wconf 79' lang='lat' dir='ltr'>potemiam</span> <span class='ocrx_word' id='word_1_12' title='bbox 796 491 888 552; x_wconf 82' lang='lat' dir='ltr'>mam</span> <span class='ocrx_word' id='word_1_13' title='bbox 922 470 1069 577; x_wconf 75' lang='lat' dir='ltr'>experiri</span> <span class='ocrx_word' id='word_1_14' title='bbox 1102 479 1193 553; x_wconf 78' lang='lat' dir='ltr'>lebet:</span> <span class='ocrx_word' id='word_1_15' title='bbox 1224 483 1289 581; x_wconf 76' lang='lat' dir='ltr'>sac</span> 
     </span>
     <span class='ocr_line' id='line_1_3' title="bbox 79 589 1289 688; baseline 0.001 -26"><span class='ocrx_word' id='word_1_16' title='bbox 79 591 189 688; x_wconf 76' lang='lat' dir='ltr'>ipuem</span> <span class='ocrx_word' id='word_1_17' title='bbox 206 614 327 688; x_wconf 65' lang='lat' dir='ltr'>recem,</span> <span class='ocrx_word' id='word_1_18' title='bbox 353 591 385 663; x_wconf 81' lang='lat' dir='ltr'>si</span> <span class='ocrx_word' id='word_1_19' title='bbox 400 589 500 663; x_wconf 87' lang='lat' dir='ltr'>deum</span> <span class='ocrx_word' id='word_1_20' title='bbox 519 601 615 686; x_wconf 78' lang='lat' dir='ltr'>potes</span> <span class='ocrx_word' id='word_1_21' title='bbox 630 591 758 688; x_wconf 84' lang='lat' dir='ltr'>fucere.</span> <span class='ocrx_word' id='word_1_22' title='bbox 801 589 953 665; x_wconf 72' lang='lat' dir='ltr'>Facilius</span> <span class='ocrx_word' id='word_1_23' title='bbox 978 604 1027 664; x_wconf 82' lang='lat' dir='ltr'>cst</span> <span class='ocrx_word' id='word_1_24' title='bbox 1049 591 1174 665; x_wconf 82' lang='lat' dir='ltr'>coelun</span> <span class='ocrx_word' id='word_1_25' title='bbox 1197 589 1289 680; x_wconf 84' lang='lat' dir='ltr'>dere,</span> 
     </span>
     <span class='ocr_line' id='line_1_4' title="bbox 79 699 1290 803; baseline -0.001 -28"><span class='ocrx_word' id='word_1_26' title='bbox 79 727 145 775; x_wconf 80' lang='lat' dir='ltr'>ram</span> <span class='ocrx_word' id='word_1_27' title='bbox 177 699 370 798; x_wconf 79' lang='lat' dir='ltr'>imperium.</span> <span class='ocrx_word' id='word_1_28' title='bbox 421 699 491 776; x_wconf 87' lang='lat' dir='ltr'>Dii</span> <span class='ocrx_word' id='word_1_29' title='bbox 513 699 659 798; x_wconf 80' lang='lat' dir='ltr'>propitii</span> <span class='ocrx_word' id='word_1_30' title='bbox 687 705 760 775; x_wconf 81' lang='lat' dir='ltr'>siue</span> <span class='ocrx_word' id='word_1_31' title='bbox 790 701 937 794; x_wconf 82' lang='lat' dir='ltr'>inuidia,</span> <span class='ocrx_word' id='word_1_32' title='bbox 975 728 1061 803; x_wconf 81' lang='lat' dir='ltr'>puae</span> <span class='ocrx_word' id='word_1_33' title='bbox 1088 699 1166 779; x_wconf 75' lang='lat' dir='ltr'>ouo</span> <span class='ocrx_word' id='word_1_34' title='bbox 1195 699 1290 791; x_wconf 73' lang='lat' dir='ltr'>dicet,</span> 
     </span>
     <span class='ocr_line' id='line_1_5' title="bbox 79 813 1289 912; baseline -0.001 -25"><span class='ocrx_word' id='word_1_35' title='bbox 79 813 224 904; x_wconf 72' lang='lat' dir='ltr'>adumar,</span> <span class='ocrx_word' id='word_1_36' title='bbox 252 813 425 912; x_wconf 78' lang='lat' dir='ltr'>eodemque</span> <span class='ocrx_word' id='word_1_37' title='bbox 453 837 561 902; x_wconf 85' lang='lat' dir='ltr'>cursu,</span> <span class='ocrx_word' id='word_1_38' title='bbox 587 835 651 910; x_wconf 81' lang='lat' dir='ltr'>quo</span> <span class='ocrx_word' id='word_1_39' title='bbox 666 813 801 908; x_wconf 72' lang='lat' dir='ltr'>fluxere</span> <span class='ocrx_word' id='word_1_40' title='bbox 826 813 937 886; x_wconf 79' lang='lat' dir='ltr'>adbuc</span> <span class='ocrx_word' id='word_1_41' title='bbox 952 840 1015 906; x_wconf 83' lang='lat' dir='ltr'>res,</span> <span class='ocrx_word' id='word_1_42' title='bbox 1041 813 1091 887; x_wconf 89' lang='lat' dir='ltr'>ire</span> <span class='ocrx_word' id='word_1_43' title='bbox 1105 814 1289 912; x_wconf 81' lang='lat' dir='ltr'>patiamur.</span> 
     </span>
     <span class='ocr_line' id='line_1_6' title="bbox 79 922 1289 1023; baseline 0 -25"><span class='ocrx_word' id='word_1_44' title='bbox 79 923 180 998; x_wconf 71' lang='lat' dir='ltr'>barma</span> <span class='ocrx_word' id='word_1_45' title='bbox 208 923 355 996; x_wconf 80' lang='lat' dir='ltr'>moribus</span> <span class='ocrx_word' id='word_1_46' title='bbox 379 922 480 997; x_wconf 82' lang='lat' dir='ltr'>velim</span> <span class='ocrx_word' id='word_1_47' title='bbox 503 946 658 996; x_wconf 80' lang='lat' dir='ltr'>maesse</span> <span class='ocrx_word' id='word_1_48' title='bbox 685 936 855 1000; x_wconf 77' lang='lat' dir='ltr'>contectos.</span> <span class='ocrx_word' id='word_1_49' title='bbox 906 923 990 1000; x_wconf 88' lang='lat' dir='ltr'>Noa</span> <span class='ocrx_word' id='word_1_50' title='bbox 1008 925 1289 1023; x_wconf 62' lang='lat' dir='ltr'>pudetopatriue,</span> 
     </span>
     <span class='ocr_line' id='line_1_7' title="bbox 79 1033 1289 1134; baseline 0 -26"><span class='ocrx_word' id='word_1_51' title='bbox 79 1060 101 1108; x_wconf 67' lang='lat' dir='ltr'>tc</span> <span class='ocrx_word' id='word_1_52' title='bbox 126 1033 299 1125; x_wconf 83' lang='lat' dir='ltr'>desidero,</span> <span class='ocrx_word' id='word_1_53' title='bbox 333 1035 380 1108; x_wconf 85' lang='lat' dir='ltr'>ud</span> <span class='ocrx_word' id='word_1_54' title='bbox 404 1060 501 1134; x_wconf 82' lang='lat' dir='ltr'>quem</span> <span class='ocrx_word' id='word_1_55' title='bbox 526 1034 663 1108; x_wconf 88' lang='lat' dir='ltr'>modum</span> <span class='ocrx_word' id='word_1_56' title='bbox 687 1060 749 1108; x_wconf 83' lang='lat' dir='ltr'>rec</span> <span class='ocrx_word' id='word_1_57' title='bbox 773 1036 858 1109; x_wconf 82' lang='lat' dir='ltr'>mibi</span> <span class='ocrx_word' id='word_1_58' title='bbox 881 1036 1035 1109; x_wconf 75' lang='lat' dir='ltr'>cubadus</span> <span class='ocrx_word' id='word_1_59' title='bbox 1065 1037 1122 1127; x_wconf 83' lang='lat' dir='ltr'>cit,</span> <span class='ocrx_word' id='word_1_60' title='bbox 1155 1037 1289 1112; x_wconf 78' lang='lat' dir='ltr'>discere.</span> 
     </span>
     <span class='ocr_line' id='line_1_8' title="bbox 79 1145 1290 1246; baseline 0.002 -26"><span class='ocrx_word' id='word_1_61' title='bbox 79 1171 137 1222; x_wconf 80' lang='lat' dir='ltr'>uos</span> <span class='ocrx_word' id='word_1_62' title='bbox 162 1146 320 1245; x_wconf 79' lang='lat' dir='ltr'><em>equidem</em></span> <span class='ocrx_word' id='word_1_63' title='bbox 345 1147 481 1222; x_wconf 81' lang='lat' dir='ltr'>uictores</span> <span class='ocrx_word' id='word_1_64' title='bbox 507 1169 576 1220; x_wconf 82' lang='lat' dir='ltr'>ease</span> <span class='ocrx_word' id='word_1_65' title='bbox 604 1145 763 1242; x_wconf 75' lang='lat' dir='ltr'>cmpitcor,</span> <span class='ocrx_word' id='word_1_66' title='bbox 789 1147 821 1221; x_wconf 82' lang='lat' dir='ltr'>ci</span> <span class='ocrx_word' id='word_1_67' title='bbox 837 1147 878 1220; x_wconf 84' lang='lat' dir='ltr'>ab</span> <span class='ocrx_word' id='word_1_68' title='bbox 895 1146 961 1221; x_wconf 78' lang='lat' dir='ltr'>illis</span> <span class='ocrx_word' id='word_1_69' title='bbox 985 1146 1079 1246; x_wconf 71' lang='lat' dir='ltr'>depes,</span> <span class='ocrx_word' id='word_1_70' title='bbox 1105 1148 1180 1246; x_wconf 76' lang='lat' dir='ltr'>quis</span> <span class='ocrx_word' id='word_1_71' title='bbox 1197 1148 1290 1222; x_wconf 87' lang='lat' dir='ltr'>uiuu-</span> 
     </span>
     <span class='ocr_line' id='line_1_9' title="bbox 79 1257 1338 1356; baseline -0.011 -23"><span class='ocrx_word' id='word_1_72' title='bbox 79 1285 126 1350; x_wconf 86' lang='lat' dir='ltr'>us,</span> <span class='ocrx_word' id='word_1_73' title='bbox 151 1257 351 1356; x_wconf 80' lang='lat' dir='ltr'>accipimus.</span> <span class='ocrx_word' id='word_1_74' title='bbox 1334 1312 1338 1319; x_wconf 87' lang='grc'><em>,</em></span> 
     </span>
     <span class='ocr_line' id='line_1_10' title="bbox 144 1367 1341 1467; baseline 0.001 -26"><span class='ocrx_word' id='word_1_75' title='bbox 144 1368 286 1465; x_wconf 89' lang='lat' dir='ltr'>Aequis</span> <span class='ocrx_word' id='word_1_76' title='bbox 310 1369 454 1442; x_wconf 89' lang='lat' dir='ltr'>auribus</span> <span class='ocrx_word' id='word_1_77' title='bbox 474 1367 708 1443; x_wconf 75' lang='lat' dir='ltr'>Callisthenes</span> <span class='ocrx_word' id='word_1_78' title='bbox 725 1370 839 1442; x_wconf 88' lang='lat' dir='ltr'>veluti</span> <span class='ocrx_word' id='word_1_79' title='bbox 856 1369 991 1443; x_wconf 87' lang='lat' dir='ltr'>vindex</span> <span class='ocrx_word' id='word_1_80' title='bbox 1008 1369 1171 1467; x_wconf 85' lang='lat' dir='ltr'>publicae</span> <span class='ocrx_word' id='word_1_81' title='bbox 1187 1368 1341 1442; x_wconf 79' lang='lat' dir='ltr'>liber-20</span> 
     </span>
     <span class='ocr_line' id='line_1_11' title="bbox 79 1478 1291 1580; baseline -0.002 -26"><span class='ocrx_word' id='word_1_82' title='bbox 79 1481 125 1554; x_wconf 79' lang='lat' dir='ltr'>tis</span> <span class='ocrx_word' id='word_1_83' title='bbox 153 1479 381 1554; x_wconf 85' lang='lat' dir='ltr'>audiebatur.</span> <span class='ocrx_word' id='word_1_84' title='bbox 433 1479 674 1580; x_wconf 82' lang='lat' dir='ltr'>Expresserat</span> <span class='ocrx_word' id='word_1_85' title='bbox 698 1506 771 1553; x_wconf 93' lang='lat' dir='ltr'>non</span> <span class='ocrx_word' id='word_1_86' title='bbox 798 1481 1041 1554; x_wconf 82' lang='lat' dir='ltr'>assensionem</span> <span class='ocrx_word' id='word_1_87' title='bbox 1066 1480 1190 1572; x_wconf 91' lang='lat' dir='ltr'>modo,</span> <span class='ocrx_word' id='word_1_88' title='bbox 1226 1478 1291 1555; x_wconf 86' lang='lat' dir='ltr'>sed</span> 
     </span>
     <span class='ocr_line' id='line_1_12' title="bbox 79 1591 1290 1691; baseline -0.003 -24"><span class='ocrx_word' id='word_1_89' title='bbox 79 1593 149 1667; x_wconf 85' lang='lat' dir='ltr'>iam</span> <span class='ocrx_word' id='word_1_90' title='bbox 162 1617 306 1683; x_wconf 89' lang='lat' dir='ltr'>vocem,</span> <span class='ocrx_word' id='word_1_91' title='bbox 319 1593 498 1666; x_wconf 90' lang='lat' dir='ltr'>seniorum</span> <span class='ocrx_word' id='word_1_92' title='bbox 515 1593 714 1691; x_wconf 85' lang='lat' dir='ltr'>praecipue,</span> <span class='ocrx_word' id='word_1_93' title='bbox 734 1593 862 1690; x_wconf 92' lang='lat' dir='ltr'>quibus</span> <span class='ocrx_word' id='word_1_94' title='bbox 875 1593 996 1690; x_wconf 58' lang='lat' dir='ltr'>mavis</span> <span class='ocrx_word' id='word_1_95' title='bbox 1010 1602 1088 1665; x_wconf 89' lang='lat' dir='ltr'>erat</span> <span class='ocrx_word' id='word_1_96' title='bbox 1100 1591 1290 1665; x_wconf 87' lang='lat' dir='ltr'>inveterati</span> 
     </span>
     <span class='ocr_line' id='line_1_13' title="bbox 79 1702 1291 1801; baseline -0.004 -23"><span class='ocrx_word' id='word_1_97' title='bbox 79 1707 150 1778; x_wconf 73' lang='lat' dir='ltr'>roris</span> <span class='ocrx_word' id='word_1_98' title='bbox 177 1714 335 1776; x_wconf 90' lang='lat' dir='ltr'>externa</span> <span class='ocrx_word' id='word_1_99' title='bbox 359 1705 519 1777; x_wconf 87' lang='lat' dir='ltr'>mutatio.</span> <span class='ocrx_word' id='word_1_100' title='bbox 571 1702 646 1778; x_wconf 91' lang='lat' dir='ltr'>Nec</span> <span class='ocrx_word' id='word_1_101' title='bbox 664 1705 852 1801; x_wconf 91' lang='lat' dir='ltr'>quicquam</span> <span class='ocrx_word' id='word_1_102' title='bbox 869 1718 1003 1794; x_wconf 84' lang='lat' dir='ltr'>eorurn,</span> <span class='ocrx_word' id='word_1_103' title='bbox 1029 1727 1120 1799; x_wconf 91' lang='lat' dir='ltr'>quae</span> <span class='ocrx_word' id='word_1_104' title='bbox 1137 1703 1291 1776; x_wconf 83' lang='lat' dir='ltr'>invicem</span> 
     </span>
     <span class='ocr_line' id='line_1_14' title="bbox 79 1813 1295 1913; baseline -0.004 -23"><span class='ocrx_word' id='word_1_105' title='bbox 79 1827 172 1890; x_wconf 87' lang='lat' dir='ltr'>ctata</span> <span class='ocrx_word' id='word_1_106' title='bbox 201 1826 323 1907; x_wconf 88' lang='lat' dir='ltr'>erant,</span> <span class='ocrx_word' id='word_1_107' title='bbox 357 1841 423 1889; x_wconf 86' lang='lat' dir='ltr'>rex</span> <span class='ocrx_word' id='word_1_108' title='bbox 448 1815 655 1913; x_wconf 78' lang='lat' dir='ltr'>ignorabat,</span> <span class='ocrx_word' id='word_1_109' title='bbox 687 1840 768 1888; x_wconf 91' lang='lat' dir='ltr'>cum</span> <span class='ocrx_word' id='word_1_110' title='bbox 794 1826 879 1913; x_wconf 89' lang='lat' dir='ltr'>post</span> <span class='ocrx_word' id='word_1_111' title='bbox 904 1816 1045 1905; x_wconf 88' lang='lat' dir='ltr'>aulaea,</span> <span class='ocrx_word' id='word_1_112' title='bbox 1072 1839 1164 1912; x_wconf 88' lang='lat' dir='ltr'>quae</span> <span class='ocrx_word' id='word_1_113' title='bbox 1189 1813 1295 1887; x_wconf 88' lang='lat' dir='ltr'>lectis-</span> 
     </span>
     <span class='ocr_line' id='line_1_15' title="bbox 79 1925 1291 2024; baseline -0.004 -23"><span class='ocrx_word' id='word_1_114' title='bbox 79 1929 270 2018; x_wconf 84' lang='lat' dir='ltr'>bduxerat,</span> <span class='ocrx_word' id='word_1_115' title='bbox 311 1938 431 2000; x_wconf 90' lang='lat' dir='ltr'>staret.</span> <span class='ocrx_word' id='word_1_116' title='bbox 484 1926 599 2024; x_wconf 83' lang='lat' dir='ltr'>Igitur</span> <span class='ocrx_word' id='word_1_117' title='bbox 631 1925 678 1998; x_wconf 90' lang='lat' dir='ltr'>ad</span> <span class='ocrx_word' id='word_1_118' title='bbox 704 1926 800 2023; x_wconf 89' lang='lat' dir='ltr'>Agin</span> <span class='ocrx_word' id='word_1_119' title='bbox 832 1938 869 1999; x_wconf 92' lang='lat' dir='ltr'>et</span> <span class='ocrx_word' id='word_1_120' title='bbox 895 1925 1064 2000; x_wconf 83' lang='lat' dir='ltr'>Cleonem</span> <span class='ocrx_word' id='word_1_121' title='bbox 1094 1925 1210 2016; x_wconf 86' lang='lat' dir='ltr'>misit,</span> <span class='ocrx_word' id='word_1_122' title='bbox 1250 1935 1291 1997; x_wconf 91' lang='lat' dir='ltr'>ut</span> 
     </span>
     <span class='ocr_line' id='line_1_16' title="bbox 79 2038 1292 2135; baseline -0.002 -23"><span class='ocrx_word' id='word_1_123' title='bbox 79 2065 210 2114; x_wconf 71' lang='lat' dir='ltr'>srmone</span> <span class='ocrx_word' id='word_1_124' title='bbox 237 2039 339 2112; x_wconf 89' lang='lat' dir='ltr'>finito</span> <span class='ocrx_word' id='word_1_125' title='bbox 364 2039 539 2114; x_wconf 88' lang='lat' dir='ltr'>barbaros</span> <span class='ocrx_word' id='word_1_126' title='bbox 566 2039 717 2129; x_wconf 87' lang='lat' dir='ltr'>tantum,</span> <span class='ocrx_word' id='word_1_127' title='bbox 744 2063 826 2111; x_wconf 88' lang='lat' dir='ltr'>cum</span> <span class='ocrx_word' id='word_1_128' title='bbox 850 2039 1030 2128; x_wconf 89' lang='lat' dir='ltr'>intrasset,</span> <span class='ocrx_word' id='word_1_129' title='bbox 1056 2038 1292 2135; x_wconf 86' lang='lat' dir='ltr'>procumbere</span> 
     </span>
     <span class='ocr_line' id='line_1_17' title="bbox 79 2146 1292 2250; baseline -0.002 -27"><span class='ocrx_word' id='word_1_130' title='bbox 79 2176 113 2224; x_wconf 84' lang='lat' dir='ltr'>ro</span> <span class='ocrx_word' id='word_1_131' title='bbox 128 2177 230 2226; x_wconf 93' lang='lat' dir='ltr'>more</span> <span class='ocrx_word' id='word_1_132' title='bbox 258 2160 485 2249; x_wconf 88' lang='lat' dir='ltr'>paterentur:</span> <span class='ocrx_word' id='word_1_133' title='bbox 514 2163 552 2226; x_wconf 92' lang='lat' dir='ltr'>et</span> <span class='ocrx_word' id='word_1_134' title='bbox 576 2151 684 2250; x_wconf 89' lang='lat' dir='ltr'>paulo</span> <span class='ocrx_word' id='word_1_135' title='bbox 709 2161 802 2248; x_wconf 91' lang='lat' dir='ltr'>post,</span> <span class='ocrx_word' id='word_1_136' title='bbox 829 2150 930 2247; x_wconf 87' lang='lat' dir='ltr'>quasi</span> <span class='ocrx_word' id='word_1_137' title='bbox 955 2149 1097 2247; x_wconf 87' lang='lat' dir='ltr'>potiora</span> <span class='ocrx_word' id='word_1_138' title='bbox 1115 2146 1292 2245; x_wconf 87' lang='lat' dir='ltr'>quaedam</span> 
     </span>
     <span class='ocr_line' id='line_1_18' title="bbox 79 2257 1292 2360; baseline -0.003 -25"><span class='ocrx_word' id='word_1_139' title='bbox 79 2262 187 2358; x_wconf 84' lang='lat' dir='ltr'>gisset,</span> <span class='ocrx_word' id='word_1_140' title='bbox 216 2262 421 2336; x_wconf 83' lang='lat' dir='ltr'>convivium</span> <span class='ocrx_word' id='word_1_141' title='bbox 447 2263 587 2360; x_wconf 89' lang='lat' dir='ltr'>repetit.</span> <span class='ocrx_word' id='word_1_142' title='bbox 635 2257 749 2349; x_wconf 80' lang='lat' dir='ltr'>Quem</span> <span class='ocrx_word' id='word_1_143' title='bbox 766 2261 1020 2335; x_wconf 88' lang='lat' dir='ltr'>venerantibus</span> <span class='ocrx_word' id='word_1_144' title='bbox 1038 2258 1168 2351; x_wconf 91' lang='lat' dir='ltr'>Persis,</span> <span class='ocrx_word' id='word_1_145' title='bbox 1186 2258 1292 2358; x_wconf 88' lang='lat' dir='ltr'>Poly·</span> 
     </span>
     <span class='ocr_line' id='line_1_19' title="bbox 79 2371 1292 2473; baseline -0.005 -25"><span class='ocrx_word' id='word_1_146' title='bbox 79 2398 187 2466; x_wconf 88' lang='lat' dir='ltr'>ercon,</span> <span class='ocrx_word' id='word_1_147' title='bbox 217 2373 279 2472; x_wconf 89' lang='lat' dir='ltr'>qui</span> <span class='ocrx_word' id='word_1_148' title='bbox 305 2374 460 2447; x_wconf 87' lang='lat' dir='ltr'>cubabat</span> <span class='ocrx_word' id='word_1_149' title='bbox 485 2399 593 2473; x_wconf 92' lang='lat' dir='ltr'>super</span> <span class='ocrx_word' id='word_1_150' title='bbox 618 2397 751 2472; x_wconf 84' lang='lat' dir='ltr'>regem,</span> <span class='ocrx_word' id='word_1_151' title='bbox 777 2399 889 2446; x_wconf 93' lang='lat' dir='ltr'>unum</span> <span class='ocrx_word' id='word_1_152' title='bbox 916 2398 963 2446; x_wconf 87' lang='lat' dir='ltr'>ex</span> <span class='ocrx_word' id='word_1_153' title='bbox 988 2371 1044 2445; x_wconf 93' lang='lat' dir='ltr'>his</span> <span class='ocrx_word' id='word_1_154' title='bbox 1069 2380 1192 2444; x_wconf 92' lang='lat' dir='ltr'>mento</span> <span class='ocrx_word' id='word_1_155' title='bbox 1210 2395 1292 2443; x_wconf 87' lang='lat' dir='ltr'>con·</span> 
     </span>
    </p>
   </div>
   <div class='ocr_carea' id='block_1_3' title="bbox 79 2625 1296 4482">
    <p class='ocr_par' dir='ltr' id='par_1_3' title="bbox 79 2625 1293 3659">
     <span class='ocr_line' id='line_1_20' title="bbox 80 2625 1293 2707; baseline 0 -28"><span class='ocrx_word' id='word_1_156' title='bbox 80 2641 155 2679; x_wconf 76' lang='lat' dir='ltr'>orere</span> <span class='ocrx_word' id='word_1_157' title='bbox 177 2625 291 2694; x_wconf 84' lang='lat' dir='ltr'>dicitur,</span> <span class='ocrx_word' id='word_1_158' title='bbox 314 2644 392 2698; x_wconf 86' lang='lat' dir='ltr'>quam</span> <span class='ocrx_word' id='word_1_159' title='bbox 414 2627 484 2680; x_wconf 85' lang='lat' dir='ltr'>fama</span> <span class='ocrx_word' id='word_1_160' title='bbox 502 2628 610 2682; x_wconf 87' lang='lat' dir='ltr'>eosdem</span> <span class='ocrx_word' id='word_1_161' title='bbox 626 2625 655 2680; x_wconf 91' lang='lat' dir='ltr'>in</span> <span class='ocrx_word' id='word_1_162' title='bbox 688 2627 778 2698; x_wconf 86' lang='lat' dir='ltr'>Vulgo</span> <span class='ocrx_word' id='word_1_163' title='bbox 786 2626 857 2681; x_wconf 87' lang='lat' dir='ltr'>enim</span> <span class='ocrx_word' id='word_1_164' title='bbox 870 2626 994 2682; x_wconf 85' lang='lat' dir='ltr'>scribitur</span> <span class='ocrx_word' id='word_1_165' title='bbox 1006 2636 1068 2707; x_wconf 78' lang='lat' dir='ltr'>pose</span> <span class='ocrx_word' id='word_1_166' title='bbox 1087 2628 1209 2680; x_wconf 84' lang='lat' dir='ltr'>aulaeum</span> <span class='ocrx_word' id='word_1_167' title='bbox 1226 2641 1293 2696; x_wconf 81' lang='lat' dir='ltr'>quae</span> 
     </span>
     <span class='ocr_line' id='line_1_21' title="bbox 79 2694 1292 2750; baseline -0.001 -3"><span class='ocrx_word' id='word_1_168' title='bbox 79 2694 202 2749; x_wconf 73' lang='lat' dir='ltr'>clauum</span> <span class='ocrx_word' id='word_1_169' title='bbox 222 2695 334 2749; x_wconf 89' lang='lat' dir='ltr'>concilio</span> <span class='ocrx_word' id='word_1_170' title='bbox 351 2696 470 2750; x_wconf 90' lang='lat' dir='ltr'>collocet.</span> <span class='ocrx_word' id='word_1_171' title='bbox 688 2698 766 2750; x_wconf 79' lang='lat' dir='ltr'>lectos</span> <span class='ocrx_word' id='word_1_172' title='bbox 788 2699 940 2750; x_wconf 77' lang='lat' dir='ltr'>obduceret.</span> <span class='ocrx_word' id='word_1_173' title='bbox 975 2696 1093 2749; x_wconf 78' lang='lat' dir='ltr'>Primum</span> <span class='ocrx_word' id='word_1_174' title='bbox 1114 2699 1211 2750; x_wconf 86' lang='lat' dir='ltr'>aulaea</span> <span class='ocrx_word' id='word_1_175' title='bbox 1232 2695 1292 2748; x_wconf 86' lang='lat' dir='ltr'>fem.</span> 
     </span>
     <span class='ocr_line' id='line_1_22' title="bbox 88 2763 1293 2835; baseline 0.002 -19"><span class='ocrx_word' id='word_1_176' title='bbox 88 2770 155 2830; x_wconf 71' lang='lat' dir='ltr'>§.lit</span> <span class='ocrx_word' id='word_1_177' title='bbox 187 2766 308 2818; x_wconf 80' lang='lat' dir='ltr'>Facilius</span> <span class='ocrx_word' id='word_1_178' title='bbox 325 2775 362 2818; x_wconf 81' lang='lat' dir='ltr'>est</span> <span class='ocrx_word' id='word_1_179' title='bbox 379 2768 476 2818; x_wconf 85' lang='lat' dir='ltr'>coelum</span> <span class='ocrx_word' id='word_1_180' title='bbox 494 2768 558 2818; x_wconf 90' lang='lat' dir='ltr'>dare</span> <span class='ocrx_word' id='word_1_181' title='bbox 576 2783 654 2834; x_wconf 88' lang='lat' dir='ltr'>quum</span> <span class='ocrx_word' id='word_1_182' title='bbox 688 2781 748 2835; x_wconf 86' lang='lat' dir='ltr'>gen.</span> <span class='ocrx_word' id='word_1_183' title='bbox 767 2764 855 2818; x_wconf 83' lang='lat' dir='ltr'>latinis</span> <span class='ocrx_word' id='word_1_184' title='bbox 873 2764 1044 2835; x_wconf 85' lang='lat' dir='ltr'>scriptoribus</span> <span class='ocrx_word' id='word_1_185' title='bbox 1060 2782 1113 2818; x_wconf 89' lang='lat' dir='ltr'>non</span> <span class='ocrx_word' id='word_1_186' title='bbox 1130 2773 1172 2817; x_wconf 87' lang='lat' dir='ltr'>est</span> <span class='ocrx_word' id='word_1_187' title='bbox 1189 2763 1217 2816; x_wconf 92' lang='lat' dir='ltr'>in</span> <span class='ocrx_word' id='word_1_188' title='bbox 1234 2781 1293 2830; x_wconf 89' lang='lat' dir='ltr'>usu,</span> 
     </span>
     <span class='ocr_line' id='line_1_23' title="bbox 79 2831 1292 2903; baseline -0.002 -17"><span class='ocrx_word' id='word_1_189' title='bbox 79 2834 193 2903; x_wconf 71' lang='lat' dir='ltr'>meritam]</span> <span class='ocrx_word' id='word_1_190' title='bbox 205 2833 663 2887; x_wconf 72' lang='lat' dir='ltr'>Revocaveratbanomssomnium</span> <span class='ocrx_word' id='word_1_191' title='bbox 688 2850 738 2887; x_wconf 87' lang='lat' dir='ltr'>nec</span> <span class='ocrx_word' id='word_1_192' title='bbox 754 2834 781 2888; x_wconf 91' lang='lat' dir='ltr'>h.</span> <span class='ocrx_word' id='word_1_193' title='bbox 793 2833 810 2886; x_wconf 93' lang='lat' dir='ltr'>l.</span> <span class='ocrx_word' id='word_1_194' title='bbox 833 2836 955 2887; x_wconf 82' lang='lat' dir='ltr'>aulaeum</span> <span class='ocrx_word' id='word_1_195' title='bbox 976 2833 1001 2886; x_wconf 92' lang='lat' dir='ltr'>le</span> <span class='ocrx_word' id='word_1_196' title='bbox 1022 2831 1075 2886; x_wconf 88' lang='lat' dir='ltr'>&#39;tur</span> <span class='ocrx_word' id='word_1_197' title='bbox 1096 2831 1146 2885; x_wconf 89' lang='lat' dir='ltr'>nisi</span> <span class='ocrx_word' id='word_1_198' title='bbox 1167 2832 1195 2885; x_wconf 89' lang='lat' dir='ltr'>in</span> <span class='ocrx_word' id='word_1_199' title='bbox 1217 2831 1292 2884; x_wconf 87' lang='lat' dir='ltr'>dete·</span> 
     </span>
     <span class='ocr_line' id='line_1_24' title="bbox 79 2899 1292 2973; baseline -0.002 -18"><span class='ocrx_word' id='word_1_200' title='bbox 79 2899 189 2956; x_wconf 86' lang='lat' dir='ltr'>ctionem</span> <span class='ocrx_word' id='word_1_201' title='bbox 206 2901 324 2956; x_wconf 88' lang='lat' dir='ltr'>Modius.</span> <span class='ocrx_word' id='word_1_202' title='bbox 358 2901 429 2955; x_wconf 83' lang='lat' dir='ltr'>Nam</span> <span class='ocrx_word' id='word_1_203' title='bbox 445 2901 577 2973; x_wconf 86' lang='lat' dir='ltr'>principes</span> <span class='ocrx_word' id='word_1_204' title='bbox 595 2902 663 2955; x_wconf 66' lang='lat' dir='ltr'>edi-⁴</span> <span class='ocrx_word' id='word_1_205' title='bbox 688 2900 802 2955; x_wconf 88' lang='lat' dir='ltr'>rioribus</span> <span class='ocrx_word' id='word_1_206' title='bbox 820 2901 893 2955; x_wconf 88' lang='lat' dir='ltr'>libris</span> <span class='ocrx_word' id='word_1_207' title='bbox 911 2902 982 2956; x_wconf 86' lang='lat' dir='ltr'>Flor.</span> <span class='ocrx_word' id='word_1_208' title='bbox 1022 2901 1060 2953; x_wconf 77' lang='grc' dir='ltr'>ΕΙ</span> <span class='ocrx_word' id='word_1_209' title='bbox 1077 2909 1104 2953; x_wconf 91' lang='lat' dir='ltr'>et</span> <span class='ocrx_word' id='word_1_210' title='bbox 1121 2918 1137 2954; x_wconf 83' lang='lat' dir='ltr'>a</span> <span class='ocrx_word' id='word_1_211' title='bbox 1154 2918 1194 2970; x_wconf 91' lang='lat' dir='ltr'>pr.</span> <span class='ocrx_word' id='word_1_212' title='bbox 1213 2899 1292 2953; x_wconf 83' lang='lat' dir='ltr'>min</span> 
     </span>
     <span class='ocr_line' id='line_1_25' title="bbox 79 2967 1292 3050; baseline -0.001 -27"><span class='ocrx_word' id='word_1_213' title='bbox 79 2985 122 3023; x_wconf 84' lang='lat' dir='ltr'>ues</span> <span class='ocrx_word' id='word_1_214' title='bbox 153 2988 205 3024; x_wconf 93' lang='lat' dir='ltr'>non</span> <span class='ocrx_word' id='word_1_215' title='bbox 235 2972 387 3040; x_wconf 71' lang='grc' dir='ltr'><strong><em>εἰρωνικῶς</em></strong></span> <span class='ocrx_word' id='word_1_216' title='bbox 412 2972 478 3024; x_wconf 84' lang='lat' dir='ltr'>haec</span> <span class='ocrx_word' id='word_1_217' title='bbox 503 2969 654 3042; x_wconf 84' lang='lat' dir='ltr'>accipienda</span> <span class='ocrx_word' id='word_1_218' title='bbox 689 2969 728 3037; x_wconf 57' lang='grc' dir='ltr'>(ἒς</span> <span class='ocrx_word' id='word_1_219' title='bbox 750 2972 875 3023; x_wconf 80' lang='lat' dir='ltr'>obducere</span> <span class='ocrx_word' id='word_1_220' title='bbox 893 2977 983 3024; x_wconf 87' lang='lat' dir='ltr'>autem</span> <span class='ocrx_word' id='word_1_221' title='bbox 1001 2968 1099 3050; x_wconf 80' lang='lat' dir='ltr'>aliquid</span> <span class='ocrx_word' id='word_1_222' title='bbox 1120 2967 1231 3021; x_wconf 85' lang='lat' dir='ltr'>tertium</span> <span class='ocrx_word' id='word_1_223' title='bbox 1248 2985 1292 3022; x_wconf 81' lang='lat' dir='ltr'>ca-</span> 
     </span>
     <span class='ocr_line' id='line_1_26' title="bbox 79 3036 1291 3110; baseline 0.001 -21"><span class='ocrx_word' id='word_1_224' title='bbox 79 3036 112 3105; x_wconf 78' lang='lat' dir='ltr'>ai,</span> <span class='ocrx_word' id='word_1_225' title='bbox 129 3038 239 3092; x_wconf 84' lang='lat' dir='ltr'>mutatis</span> <span class='ocrx_word' id='word_1_226' title='bbox 256 3038 319 3092; x_wconf 90' lang='lat' dir='ltr'>locis</span> <span class='ocrx_word' id='word_1_227' title='bbox 341 3041 476 3108; x_wconf 80' lang='lat' dir='ltr'>imperium</span> <span class='ocrx_word' id='word_1_228' title='bbox 494 3043 559 3092; x_wconf 89' lang='lat' dir='ltr'>dure</span> <span class='ocrx_word' id='word_1_229' title='bbox 576 3057 654 3110; x_wconf 78' lang='lat' dir='ltr'>quom</span> <span class='ocrx_word' id='word_1_230' title='bbox 689 3056 747 3091; x_wconf 88' lang='lat' dir='ltr'>sum</span> <span class='ocrx_word' id='word_1_231' title='bbox 772 3038 913 3106; x_wconf 82' lang='lat' dir='ltr'>adsciscit,</span> <span class='ocrx_word' id='word_1_232' title='bbox 945 3038 986 3090; x_wconf 90' lang='lat' dir='ltr'>cui</span> <span class='ocrx_word' id='word_1_233' title='bbox 1012 3055 1050 3091; x_wconf 85' lang='lat' dir='ltr'>rer</span> <span class='ocrx_word' id='word_1_234' title='bbox 1077 3037 1221 3090; x_wconf 89' lang='lat' dir='ltr'>obductum</span> <span class='ocrx_word' id='word_1_235' title='bbox 1248 3036 1291 3090; x_wconf 85' lang='lat' dir='ltr'>sit.</span> 
     </span>
     <span class='ocr_line' id='line_1_27' title="bbox 79 3104 1292 3178; baseline -0.002 -18"><span class='ocrx_word' id='word_1_236' title='bbox 79 3109 147 3175; x_wconf 67' lang='lat' dir='ltr'>velum</span> <span class='ocrx_word' id='word_1_237' title='bbox 173 3115 365 3178; x_wconf 79' lang='lat' dir='ltr'>propagarunt.</span> <span class='ocrx_word' id='word_1_238' title='bbox 408 3107 466 3160; x_wconf 88' lang='lat' dir='ltr'>Iam</span> <span class='ocrx_word' id='word_1_239' title='bbox 497 3125 580 3171; x_wconf 53' lang='lat' dir='ltr'>nemo¹</span> <span class='ocrx_word' id='word_1_240' title='bbox 602 3108 654 3161; x_wconf 88' lang='lat' dir='ltr'>erit</span> <span class='ocrx_word' id='word_1_241' title='bbox 688 3106 773 3160; x_wconf 90' lang='lat' dir='ltr'>Miror</span> <span class='ocrx_word' id='word_1_242' title='bbox 795 3115 882 3160; x_wconf 84' lang='lat' dir='ltr'>autem</span> <span class='ocrx_word' id='word_1_243' title='bbox 900 3123 915 3159; x_wconf 85' lang='lat' dir='ltr'>e</span> <span class='ocrx_word' id='word_1_244' title='bbox 933 3107 1008 3161; x_wconf 90' lang='lat' dir='ltr'>oodd.</span> <span class='ocrx_word' id='word_1_245' title='bbox 1026 3106 1097 3159; x_wconf 88' lang='lat' dir='ltr'>Flor.</span> <span class='ocrx_word' id='word_1_246' title='bbox 1120 3104 1186 3158; x_wconf 93' lang='lat' dir='ltr'>nihil</span> <span class='ocrx_word' id='word_1_247' title='bbox 1207 3105 1292 3171; x_wconf 45' lang='lat' dir='ltr'>varie,</span> 
     </span>
     <span class='ocr_line' id='line_1_28' title="bbox 79 3174 1291 3241; baseline -0.002 -13"><span class='ocrx_word' id='word_1_248' title='bbox 79 3174 97 3228; x_wconf 80' lang='lat' dir='ltr'>ri</span> <span class='ocrx_word' id='word_1_249' title='bbox 130 3193 236 3229; x_wconf 88' lang='lat' dir='ltr'>omnem</span> <span class='ocrx_word' id='word_1_250' title='bbox 265 3177 344 3229; x_wconf 88' lang='lat' dir='ltr'>fidem</span> <span class='ocrx_word' id='word_1_251' title='bbox 374 3185 494 3229; x_wconf 84' lang='lat' dir='ltr'>veterum</span> <span class='ocrx_word' id='word_1_252' title='bbox 525 3176 654 3231; x_wconf 88' lang='lat' dir='ltr'>librorum</span> <span class='ocrx_word' id='word_1_253' title='bbox 687 3180 751 3228; x_wconf 87' lang='lat' dir='ltr'>tatis</span> <span class='ocrx_word' id='word_1_254' title='bbox 777 3176 810 3229; x_wconf 82' lang='lat' dir='ltr'>ad</span> <span class='ocrx_word' id='word_1_255' title='bbox 833 3192 927 3229; x_wconf 82' lang='lat' dir='ltr'>vocem</span> <span class='ocrx_word' id='word_1_256' title='bbox 955 3177 1034 3229; x_wconf 81' lang='lat' dir='ltr'>lectos</span> <span class='ocrx_word' id='word_1_257' title='bbox 1060 3181 1198 3228; x_wconf 87' lang='lat' dir='ltr'>enotatum</span> <span class='ocrx_word' id='word_1_258' title='bbox 1223 3190 1291 3241; x_wconf 85' lang='lat' dir='ltr'>esse,</span> 
     </span>
     <span class='ocr_line' id='line_1_29' title="bbox 79 3242 1292 3316; baseline -0.001 -19"><span class='ocrx_word' id='word_1_259' title='bbox 79 3258 176 3297; x_wconf 65' lang='lat' dir='ltr'>munere</span> <span class='ocrx_word' id='word_1_260' title='bbox 199 3244 274 3298; x_wconf 85' lang='lat' dir='ltr'>velit.</span> <span class='ocrx_word' id='word_1_261' title='bbox 308 3243 486 3315; x_wconf 76' lang='lat' dir='ltr'>subintellige</span> <span class='ocrx_word' id='word_1_262' title='bbox 503 3245 586 3316; x_wconf 86' lang='lat' dir='ltr'>igitur</span> <span class='ocrx_word' id='word_1_263' title='bbox 603 3247 656 3299; x_wconf 81' lang='lat' dir='ltr'>sci-</span> <span class='ocrx_word' id='word_1_264' title='bbox 690 3246 737 3296; x_wconf 88' lang='lat' dir='ltr'>sed</span> <span class='ocrx_word' id='word_1_265' title='bbox 755 3245 890 3316; x_wconf 82' lang='lat' dir='ltr'>acquiesco</span> <span class='ocrx_word' id='word_1_266' title='bbox 908 3244 936 3297; x_wconf 89' lang='lat' dir='ltr'>in</span> <span class='ocrx_word' id='word_1_267' title='bbox 954 3243 1112 3298; x_wconf 82' lang='lat' dir='ltr'>auctoritate</span> <span class='ocrx_word' id='word_1_268' title='bbox 1130 3260 1146 3297; x_wconf 94' lang='lat' dir='ltr'>o</span> <span class='ocrx_word' id='word_1_269' title='bbox 1167 3242 1292 3298; x_wconf 89' lang='lat' dir='ltr'>timorum</span> 
     </span>
     <span class='ocr_line' id='line_1_30' title="bbox 79 3261 1292 3383; baseline -0.002 -17"><span class='ocrx_word' id='word_1_270' title='bbox 79 3322 125 3375; x_wconf 75' lang='lat' dir='ltr'>ret,</span> <span class='ocrx_word' id='word_1_271' title='bbox 151 3313 218 3366; x_wconf 84' lang='lat' dir='ltr'>sicut</span> <span class='ocrx_word' id='word_1_272' title='bbox 237 3312 369 3383; x_wconf 86' lang='lat' dir='ltr'>aptissime</span> <span class='ocrx_word' id='word_1_273' title='bbox 386 3313 519 3367; x_wconf 84' lang='lat' dir='ltr'>Snakenb.</span> <span class='ocrx_word' id='word_1_274' title='bbox 538 3313 655 3368; x_wconf 83' lang='lat' dir='ltr'>animad-</span> <span class='ocrx_word' id='word_1_275' title='bbox 690 3312 816 3367; x_wconf 87' lang='lat' dir='ltr'>librorum</span> <span class='ocrx_word' id='word_1_276' title='bbox 833 3313 907 3366; x_wconf 86' lang='lat' dir='ltr'>Leid.</span> <span class='ocrx_word' id='word_1_277' title='bbox 925 3313 1003 3367; x_wconf 89' lang='lat' dir='ltr'>Voss.</span> <span class='ocrx_word' id='word_1_278' title='bbox 1019 3320 1032 3366; x_wconf 92' lang='lat'>1</span> <span class='ocrx_word' id='word_1_279' title='bbox 1050 3261 1170 3365; x_wconf 64' lang='lat' dir='ltr'>Bernl</span> <span class='ocrx_word' id='word_1_280' title='bbox 1187 3311 1215 3364; x_wconf 90' lang='lat' dir='ltr'>iu</span> <span class='ocrx_word' id='word_1_281' title='bbox 1233 3311 1292 3382; x_wconf 89' lang='lat' dir='ltr'>qni·</span> 
     </span>
     <span class='ocr_line' id='line_1_31' title="bbox 79 3379 1292 3452; baseline 0.001 -18"><span class='ocrx_word' id='word_1_282' title='bbox 79 3380 143 3434; x_wconf 76' lang='lat' dir='ltr'>mie.</span> <span class='ocrx_word' id='word_1_283' title='bbox 170 3381 256 3436; x_wconf 86' lang='lat' dir='ltr'>Paulo</span> <span class='ocrx_word' id='word_1_284' title='bbox 272 3391 335 3452; x_wconf 89' lang='lat' dir='ltr'>post</span> <span class='ocrx_word' id='word_1_285' title='bbox 352 3381 448 3448; x_wconf 88' lang='lat' dir='ltr'>addidi,</span> <span class='ocrx_word' id='word_1_286' title='bbox 467 3380 531 3434; x_wconf 90' lang='lat' dir='ltr'>item</span> <span class='ocrx_word' id='word_1_287' title='bbox 548 3392 656 3437; x_wconf 84' lang='lat' dir='ltr'>auctore</span> <span class='ocrx_word' id='word_1_288' title='bbox 690 3383 738 3435; x_wconf 88' lang='lat' dir='ltr'>bus</span> <span class='ocrx_word' id='word_1_289' title='bbox 756 3384 829 3435; x_wconf 79' lang='lat' dir='ltr'>lectis</span> <span class='ocrx_word' id='word_1_290' title='bbox 846 3382 982 3435; x_wconf 87' lang='lat' dir='ltr'>inventum</span> <span class='ocrx_word' id='word_1_291' title='bbox 1000 3389 1040 3434; x_wconf 87' lang='lat' dir='ltr'>est</span> <span class='ocrx_word' id='word_1_292' title='bbox 1058 3380 1222 3449; x_wconf 78' lang='lat' dir='ltr'>(inBern.A</span> <span class='ocrx_word' id='word_1_293' title='bbox 1233 3379 1292 3452; x_wconf 88' lang='lat' dir='ltr'>qui·</span> 
     </span>
     <span class='ocr_line' id='line_1_32' title="bbox 79 3446 1291 3517; baseline 0.002 -17"><span class='ocrx_word' id='word_1_294' title='bbox 79 3446 158 3517; x_wconf 87' lang='lat' dir='ltr'>lodio,</span> <span class='ocrx_word' id='word_1_295' title='bbox 176 3454 276 3516; x_wconf 77' lang='lat' dir='ltr'>adhuc,</span> <span class='ocrx_word' id='word_1_296' title='bbox 300 3459 340 3503; x_wconf 86' lang='lat' dir='ltr'>est</span> <span class='ocrx_word' id='word_1_297' title='bbox 358 3450 426 3504; x_wconf 88' lang='lat' dir='ltr'>enim</span> <span class='ocrx_word' id='word_1_298' title='bbox 443 3468 476 3503; x_wconf 84' lang='lat' dir='ltr'>ea</span> <span class='ocrx_word' id='word_1_299' title='bbox 491 3469 545 3504; x_wconf 87' lang='lat' dir='ltr'>vox</span> <span class='ocrx_word' id='word_1_300' title='bbox 563 3450 591 3505; x_wconf 90' lang='lat' dir='ltr'>in</span> <span class='ocrx_word' id='word_1_301' title='bbox 608 3470 656 3505; x_wconf 93' lang='lat' dir='ltr'>no·</span> <span class='ocrx_word' id='word_1_302' title='bbox 690 3451 749 3503; x_wconf 92' lang='lat' dir='ltr'>dem</span> <span class='ocrx_word' id='word_1_303' title='bbox 767 3469 826 3504; x_wconf 90' lang='lat' dir='ltr'>cum</span> <span class='ocrx_word' id='word_1_304' title='bbox 843 3460 955 3505; x_wconf 88' lang='lat' dir='ltr'>correct.</span> <span class='ocrx_word' id='word_1_305' title='bbox 964 3449 1073 3504; x_wconf 80' lang='lat' dir='ltr'>alterius</span> <span class='ocrx_word' id='word_1_306' title='bbox 1086 3466 1178 3504; x_wconf 82' lang='lat' dir='ltr'>manus</span> <span class='ocrx_word' id='word_1_307' title='bbox 1191 3453 1291 3517; x_wconf 78' lang='lat' dir='ltr'>lectos).</span> 
     </span>
     <span class='ocr_line' id='line_1_33' title="bbox 79 3517 1291 3586; baseline 0.001 -15"><span class='ocrx_word' id='word_1_308' title='bbox 79 3517 113 3571; x_wconf 84' lang='lat' dir='ltr'>ris</span> <span class='ocrx_word' id='word_1_309' title='bbox 130 3527 158 3571; x_wconf 85' lang='lat' dir='ltr'>et</span> <span class='ocrx_word' id='word_1_310' title='bbox 174 3518 308 3572; x_wconf 79' lang='lat' dir='ltr'>Snakenb.</span> <span class='ocrx_word' id='word_1_311' title='bbox 325 3519 397 3573; x_wconf 87' lang='lat' dir='ltr'>libris</span> <span class='ocrx_word' id='word_1_312' title='bbox 414 3518 543 3574; x_wconf 89' lang='lat' dir='ltr'>omnibus.</span> <span class='ocrx_word' id='word_1_313' title='bbox 690 3517 731 3571; x_wconf 80' lang='lat' dir='ltr'>ef.</span> <span class='ocrx_word' id='word_1_314' title='bbox 749 3534 790 3586; x_wconf 81' lang='lat' dir='ltr'>rx,</span> <span class='ocrx_word' id='word_1_315' title='bbox 809 3527 841 3573; x_wconf 82' lang='grc'>28</span> <span class='ocrx_word' id='word_1_316' title='bbox 866 3522 937 3573; x_wconf 77' lang='lat' dir='ltr'>lectis</span> <span class='ocrx_word' id='word_1_317' title='bbox 965 3521 1170 3573; x_wconf 80' lang='lat' dir='ltr'>circumdederat</span> <span class='ocrx_word' id='word_1_318' title='bbox 1196 3519 1291 3572; x_wconf 83' lang='lat' dir='ltr'>aulaea</span> 
     </span>
     <span class='ocr_line' id='line_1_34' title="bbox 88 3588 1094 3659; baseline 0.001 -20"><span class='ocrx_word' id='word_1_319' title='bbox 88 3593 110 3654; x_wconf 59' lang='grc' dir='ltr'>ᾖ.</span> <span class='ocrx_word' id='word_1_320' title='bbox 129 3594 170 3640; x_wconf 85' lang='grc'>19.</span> <span class='ocrx_word' id='word_1_321' title='bbox 208 3589 277 3648; x_wconf 80' lang='lat' dir='ltr'>Quos</span> <span class='ocrx_word' id='word_1_322' title='bbox 299 3590 415 3659; x_wconf 83' lang='lat' dir='ltr'>equidem</span> <span class='ocrx_word' id='word_1_323' title='bbox 436 3590 556 3655; x_wconf 78' lang='lat' dir='ltr'>uictores]</span> <span class='ocrx_word' id='word_1_324' title='bbox 592 3588 654 3642; x_wconf 93' lang='lat' dir='ltr'>Non</span> <span class='ocrx_word' id='word_1_325' title='bbox 685 3605 809 3658; x_wconf 81' lang='lat' dir='ltr'>purpura</span> <span class='ocrx_word' id='word_1_326' title='bbox 826 3607 891 3642; x_wconf 90' lang='lat' dir='ltr'>auro</span> <span class='ocrx_word' id='word_1_327' title='bbox 910 3606 941 3643; x_wconf 92' lang='lat' dir='ltr'>ue</span> <span class='ocrx_word' id='word_1_328' title='bbox 949 3590 1094 3659; x_wconf 67' lang='lat' dir='ltr'>fulgentia.</span> 
     </span>
    </p>

    <p class='ocr_par' dir='ltr' id='par_1_4' title="bbox 79 3607 1296 4482">
     <span class='ocr_line' id='line_1_35' title="bbox 79 3607 1291 3736; baseline 0.002 -31"><span class='ocrx_word' id='word_1_329' title='bbox 79 3669 207 3725; x_wconf 79' lang='lat' dir='ltr'>rpressum</span> <span class='ocrx_word' id='word_1_330' title='bbox 225 3663 266 3708; x_wconf 89' lang='lat' dir='ltr'>est</span> <span class='ocrx_word' id='word_1_331' title='bbox 279 3657 655 3727; x_wconf 81' lang='lat' dir='ltr'>nomenquoreferaturquor,</span> <span class='ocrx_word' id='word_1_332' title='bbox 724 3664 745 3724; x_wconf 69' lang='grc'>5.</span> <span class='ocrx_word' id='word_1_333' title='bbox 761 3663 803 3710; x_wconf 77' lang='lat'>22.</span> <span class='ocrx_word' id='word_1_334' title='bbox 829 3607 939 3711; x_wconf 75' lang='lat' dir='ltr'>cubalut</span> <span class='ocrx_word' id='word_1_335' title='bbox 956 3675 1036 3726; x_wconf 83' lang='lat' dir='ltr'>super</span> <span class='ocrx_word' id='word_1_336' title='bbox 1053 3659 1149 3736; x_wconf 69' lang='lat' dir='ltr'>repam]</span> <span class='ocrx_word' id='word_1_337' title='bbox 1184 3655 1291 3715; x_wconf 87' lang='lat' dir='ltr'>Modius</span> 
     </span>
     <span class='ocr_line' id='line_1_36' title="bbox 79 3725 1292 3795; baseline 0.002 -21"><span class='ocrx_word' id='word_1_338' title='bbox 79 3735 141 3793; x_wconf 73' lang='lat' dir='ltr'>eque</span> <span class='ocrx_word' id='word_1_339' title='bbox 157 3733 247 3776; x_wconf 83' lang='lat' dir='ltr'>tamen</span> <span class='ocrx_word' id='word_1_340' title='bbox 264 3742 328 3794; x_wconf 91' lang='lat' dir='ltr'>opus</span> <span class='ocrx_word' id='word_1_341' title='bbox 345 3725 475 3791; x_wconf 83' lang='lat' dir='ltr'>existimo,</span> <span class='ocrx_word' id='word_1_342' title='bbox 497 3733 530 3778; x_wconf 90' lang='lat' dir='ltr'>ut</span> <span class='ocrx_word' id='word_1_343' title='bbox 546 3742 604 3777; x_wconf 85' lang='lat' dir='ltr'>cam</span> <span class='ocrx_word' id='word_1_344' title='bbox 621 3727 655 3779; x_wconf 93' lang='lat' dir='ltr'>ob</span> <span class='ocrx_word' id='word_1_345' title='bbox 689 3742 771 3794; x_wconf 82' lang='lat' dir='ltr'>supra</span> <span class='ocrx_word' id='word_1_346' title='bbox 795 3725 889 3793; x_wconf 88' lang='lat' dir='ltr'>edidit,</span> <span class='ocrx_word' id='word_1_347' title='bbox 917 3734 1020 3780; x_wconf 88' lang='lat' dir='ltr'>secutus</span> <span class='ocrx_word' id='word_1_348' title='bbox 1044 3743 1137 3795; x_wconf 78' lang='lat' dir='ltr'>opinor</span> <span class='ocrx_word' id='word_1_349' title='bbox 1162 3742 1216 3777; x_wconf 94' lang='lat' dir='ltr'>non</span> <span class='ocrx_word' id='word_1_350' title='bbox 1237 3731 1292 3776; x_wconf 80' lang='lat' dir='ltr'>tum</span> 
     </span>
     <span class='ocr_line' id='line_1_37' title="bbox 79 3792 1290 3863; baseline 0 -19"><span class='ocrx_word' id='word_1_351' title='bbox 79 3805 159 3844; x_wconf 76' lang='lat' dir='ltr'>msam</span> <span class='ocrx_word' id='word_1_352' title='bbox 176 3809 236 3844; x_wconf 90' lang='lat' dir='ltr'>cum</span> <span class='ocrx_word' id='word_1_353' title='bbox 246 3792 365 3847; x_wconf 80' lang='lat' dir='ltr'>Acidalio</span> <span class='ocrx_word' id='word_1_354' title='bbox 383 3811 400 3846; x_wconf 90' lang='lat' dir='ltr'>u</span> <span class='ocrx_word' id='word_1_355' title='bbox 413 3795 528 3846; x_wconf 82' lang='lat' dir='ltr'>Persis</span> <span class='ocrx_word' id='word_1_356' title='bbox 547 3796 654 3860; x_wconf 79' lang='lat' dir='ltr'>discere,</span> <span class='ocrx_word' id='word_1_357' title='bbox 690 3793 793 3847; x_wconf 87' lang='lat' dir='ltr'>codices</span> <span class='ocrx_word' id='word_1_358' title='bbox 812 3797 886 3863; x_wconf 84' lang='lat' dir='ltr'>(nam</span> <span class='ocrx_word' id='word_1_359' title='bbox 907 3802 1058 3848; x_wconf 91' lang='lat' dir='ltr'>nostrorum</span> <span class='ocrx_word' id='word_1_360' title='bbox 1074 3811 1142 3846; x_wconf 85' lang='lat' dir='ltr'>nnus</span> <span class='ocrx_word' id='word_1_361' title='bbox 1160 3792 1186 3846; x_wconf 89' lang='lat' dir='ltr'><strong>G</strong></span> <span class='ocrx_word' id='word_1_362' title='bbox 1207 3808 1290 3860; x_wconf 79' lang='lat' dir='ltr'>supra</span> 
     </span>
     <span class='ocr_line' id='line_1_38' title="bbox 79 3857 1291 3932; baseline 0.001 -22"><span class='ocrx_word' id='word_1_363' title='bbox 79 3857 101 3912; x_wconf 77' lang='lat' dir='ltr'>sl</span> <span class='ocrx_word' id='word_1_364' title='bbox 123 3878 182 3913; x_wconf 90' lang='lat' dir='ltr'>eum</span> <span class='ocrx_word' id='word_1_365' title='bbox 198 3859 376 3916; x_wconf 84' lang='lat' dir='ltr'>Freinshemio</span> <span class='ocrx_word' id='word_1_366' title='bbox 396 3880 413 3915; x_wconf 88' lang='lat' dir='ltr'>o</span> <span class='ocrx_word' id='word_1_367' title='bbox 435 3864 532 3915; x_wconf 81' lang='lat' dir='ltr'>uictis</span> <span class='ocrx_word' id='word_1_368' title='bbox 557 3864 655 3915; x_wconf 78' lang='lat' dir='ltr'>discere</span> <span class='ocrx_word' id='word_1_369' title='bbox 689 3862 779 3929; x_wconf 87' lang='lat' dir='ltr'>habet)</span> <span class='ocrx_word' id='word_1_370' title='bbox 794 3880 872 3932; x_wconf 90' lang='lat' dir='ltr'>quam</span> <span class='ocrx_word' id='word_1_371' title='bbox 882 3862 1084 3916; x_wconf 82' lang='lat' dir='ltr'>Ciceronianam</span> <span class='ocrx_word' id='word_1_372' title='bbox 1093 3859 1198 3913; x_wconf 87' lang='lat' dir='ltr'>dicendi</span> <span class='ocrx_word' id='word_1_373' title='bbox 1206 3877 1291 3912; x_wconf 88' lang='lat' dir='ltr'>usum.</span> 
     </span>
     <span class='ocr_line' id='line_1_39' title="bbox 79 3927 1292 4002; baseline -0.001 -21"><span class='ocrx_word' id='word_1_374' title='bbox 79 3927 205 3983; x_wconf 69' lang='lat' dir='ltr'>cibamus.</span> <span class='ocrx_word' id='word_1_375' title='bbox 248 3929 318 3982; x_wconf 87' lang='lat' dir='ltr'>Nam</span> <span class='ocrx_word' id='word_1_376' title='bbox 342 3931 476 3985; x_wconf 90' lang='lat' dir='ltr'>hominum</span> <span class='ocrx_word' id='word_1_377' title='bbox 501 3929 655 3999; x_wconf 84' lang='lat' dir='ltr'>significatio</span> <span class='ocrx_word' id='word_1_378' title='bbox 689 3931 738 3984; x_wconf 86' lang='lat' dir='ltr'>Ille</span> <span class='ocrx_word' id='word_1_379' title='bbox 756 3931 826 3984; x_wconf 91' lang='lat' dir='ltr'>enim</span> <span class='ocrx_word' id='word_1_380' title='bbox 843 3931 920 4002; x_wconf 89' lang='lat' dir='ltr'>epist.</span> <span class='ocrx_word' id='word_1_381' title='bbox 929 3947 970 3999; x_wconf 82' lang='lat' dir='ltr'>rx,</span> <span class='ocrx_word' id='word_1_382' title='bbox 988 3938 1021 3984; x_wconf 77' lang='grc'>26</span> <span class='ocrx_word' id='word_1_383' title='bbox 1040 3930 1210 3982; x_wconf 85' lang='lat' dir='ltr'>accubueram</span> <span class='ocrx_word' id='word_1_384' title='bbox 1227 3930 1292 3980; x_wconf 81' lang='lat' dir='ltr'>bora</span> 
     </span>
     <span class='ocr_line' id='line_1_40' title="bbox 91 3995 1294 4079; baseline -0.002 -30"><span class='ocrx_word' id='word_1_385' title='bbox 91 3996 185 4066; x_wconf 87' lang='lat' dir='ltr'>quibus</span> <span class='ocrx_word' id='word_1_386' title='bbox 202 3996 266 4050; x_wconf 84' lang='lat' dir='ltr'>disci</span> <span class='ocrx_word' id='word_1_387' title='bbox 287 3999 368 4068; x_wconf 86' lang='lat' dir='ltr'>possit</span> <span class='ocrx_word' id='word_1_388' title='bbox 389 3999 459 4052; x_wconf 88' lang='lat' dir='ltr'>inest</span> <span class='ocrx_word' id='word_1_389' title='bbox 481 3999 509 4052; x_wconf 92' lang='lat' dir='ltr'>in</span> <span class='ocrx_word' id='word_1_390' title='bbox 531 4016 563 4052; x_wconf 90' lang='lat' dir='ltr'>eo</span> <span class='ocrx_word' id='word_1_391' title='bbox 583 3999 655 4079; x_wconf 80' lang='lat' dir='ltr'>quod</span> <span class='ocrx_word' id='word_1_392' title='bbox 689 4019 758 4054; x_wconf 88' lang='lat' dir='ltr'>uoaa</span> <span class='ocrx_word' id='word_1_393' title='bbox 773 4011 796 4054; x_wconf 85' lang='lat' dir='ltr'>et</span> <span class='ocrx_word' id='word_1_394' title='bbox 810 4002 913 4071; x_wconf 83' lang='lat' dir='ltr'>quidem</span> <span class='ocrx_word' id='word_1_395' title='bbox 927 4018 1009 4071; x_wconf 82' lang='lat' dir='ltr'>supro</span> <span class='ocrx_word' id='word_1_396' title='bbox 1027 4016 1066 4051; x_wconf 92' lang='lat' dir='ltr'>me</span> <span class='ocrx_word' id='word_1_397' title='bbox 1085 3998 1200 4065; x_wconf 80' lang='lat' dir='ltr'>Atticus,</span> <span class='ocrx_word' id='word_1_398' title='bbox 1216 3995 1294 4064; x_wconf 85' lang='lat' dir='ltr'>iufra</span> 
     </span>
     <span class='ocr_line' id='line_1_41' title="bbox 79 4065 1294 4137; baseline -0.002 -20"><span class='ocrx_word' id='word_1_399' title='bbox 79 4065 204 4133; x_wconf 72' lang='lat' dir='ltr'>raecedit,</span> <span class='ocrx_word' id='word_1_400' title='bbox 223 4068 260 4118; x_wconf 89' lang='lat' dir='ltr'>ad</span> <span class='ocrx_word' id='word_1_401' title='bbox 276 4085 347 4136; x_wconf 83' lang='lat' dir='ltr'>quem</span> <span class='ocrx_word' id='word_1_402' title='bbox 364 4072 479 4134; x_wconf 88' lang='lat' dir='ltr'>modum,</span> <span class='ocrx_word' id='word_1_403' title='bbox 498 4069 569 4137; x_wconf 88' lang='lat' dir='ltr'>quod</span> <span class='ocrx_word' id='word_1_404' title='bbox 586 4068 655 4120; x_wconf 79' lang='lat' dir='ltr'>idem</span> <span class='ocrx_word' id='word_1_405' title='bbox 695 4070 812 4124; x_wconf 84' lang='lat' dir='ltr'>Verrius.</span> <span class='ocrx_word' id='word_1_406' title='bbox 839 4069 1034 4123; x_wconf 80' lang='lat' dir='ltr'>verumetiam</span> <span class='ocrx_word' id='word_1_407' title='bbox 1052 4082 1130 4134; x_wconf 83' lang='lat' dir='ltr'>super</span> <span class='ocrx_word' id='word_1_408' title='bbox 1146 4065 1199 4120; x_wconf 90' lang='lat' dir='ltr'>hoc</span> <span class='ocrx_word' id='word_1_409' title='bbox 1217 4080 1294 4116; x_wconf 84' lang='lat' dir='ltr'>sensu</span> 
     </span>
     <span class='ocr_line' id='line_1_42' title="bbox 79 4132 1295 4207; baseline 0 -21"><span class='ocrx_word' id='word_1_410' title='bbox 79 4137 103 4183; x_wconf 69' lang='lat' dir='ltr'>tt</span> <span class='ocrx_word' id='word_1_411' title='bbox 119 4141 194 4204; x_wconf 81' lang='lat' dir='ltr'>atque</span> <span class='ocrx_word' id='word_1_412' title='bbox 211 4150 320 4204; x_wconf 87' lang='lat' dir='ltr'>quorum</span> <span class='ocrx_word' id='word_1_413' title='bbox 336 4137 370 4189; x_wconf 88' lang='lat' dir='ltr'>ad</span> <span class='ocrx_word' id='word_1_414' title='bbox 386 4136 544 4207; x_wconf 87' lang='lat' dir='ltr'>exemplum.</span> <span class='ocrx_word' id='word_1_415' title='bbox 690 4138 799 4194; x_wconf 89' lang='lat' dir='ltr'>dieitur:</span> <span class='ocrx_word' id='word_1_416' title='bbox 818 4140 913 4194; x_wconf 85' lang='lat' dir='ltr'>Horat.</span> <span class='ocrx_word' id='word_1_417' title='bbox 931 4139 976 4193; x_wconf 92' lang='lat' dir='ltr'>lib.</span> <span class='ocrx_word' id='word_1_418' title='bbox 986 4151 1019 4202; x_wconf 91' lang='lat'>11,</span> <span class='ocrx_word' id='word_1_419' title='bbox 1038 4135 1121 4189; x_wconf 84' lang='lat' dir='ltr'>Serm-</span> <span class='ocrx_word' id='word_1_420' title='bbox 1140 4139 1166 4201; x_wconf 85' lang='lat'>8,</span> <span class='ocrx_word' id='word_1_421' title='bbox 1184 4140 1217 4188; x_wconf 74' lang='lat'>28</span> <span class='ocrx_word' id='word_1_422' title='bbox 1236 4132 1295 4184; x_wconf 50' lang='lat' dir='ltr'>No&lt;-</span> 
     </span>
     <span class='ocr_line' id='line_1_43' title="bbox 95 4198 1295 4276; baseline -0.003 -22"><span class='ocrx_word' id='word_1_423' title='bbox 95 4198 212 4270; x_wconf 78' lang='lat' dir='ltr'>Oop.20,</span> <span class='ocrx_word' id='word_1_424' title='bbox 230 4209 300 4269; x_wconf 80' lang='lat'>§.21.</span> <span class='ocrx_word' id='word_1_425' title='bbox 326 4216 388 4275; x_wconf 79' lang='lat' dir='ltr'>post</span> <span class='ocrx_word' id='word_1_426' title='bbox 405 4208 509 4271; x_wconf 85' lang='lat' dir='ltr'>aulaea,</span> <span class='ocrx_word' id='word_1_427' title='bbox 528 4223 594 4276; x_wconf 87' lang='lat' dir='ltr'>quoe</span> <span class='ocrx_word' id='word_1_428' title='bbox 611 4206 655 4257; x_wconf 80' lang='lat' dir='ltr'>ob·</span> <span class='ocrx_word' id='word_1_429' title='bbox 688 4218 824 4262; x_wconf 81' lang='lat' dir='ltr'>meutuaur</span> <span class='ocrx_word' id='word_1_430' title='bbox 856 4216 913 4260; x_wconf 79' lang='lat' dir='ltr'>erat</span> <span class='ocrx_word' id='word_1_431' title='bbox 945 4227 975 4261; x_wconf 83' lang='lat' dir='ltr'>cu</span> <span class='ocrx_word' id='word_1_432' title='bbox 994 4221 1023 4257; x_wconf 88' lang='lat' dir='ltr'>er</span> <span class='ocrx_word' id='word_1_433' title='bbox 1052 4205 1153 4272; x_wconf 64' lang='lat' dir='ltr'>ursum,</span> <span class='ocrx_word' id='word_1_434' title='bbox 1184 4201 1295 4256; x_wconf 79' lang='lat' dir='ltr'>Porcius</span> 
     </span>
     <span class='ocr_line' id='line_1_44' title="bbox 79 4225 1296 4349; baseline -0.002 -25"><span class='ocrx_word' id='word_1_435' title='bbox 79 4271 184 4349; x_wconf 59' lang='lat' dir='ltr'>Merui]</span> <span class='ocrx_word' id='word_1_436' title='bbox 217 4270 262 4324; x_wconf 86' lang='lat' dir='ltr'>Sic</span> <span class='ocrx_word' id='word_1_437' title='bbox 281 4273 433 4328; x_wconf 73' lang='lat' dir='ltr'>restituerat</span> <span class='ocrx_word' id='word_1_438' title='bbox 450 4273 557 4327; x_wconf 92' lang='lat' dir='ltr'>Modius</span> <span class='ocrx_word' id='word_1_439' title='bbox 578 4289 656 4344; x_wconf 91' lang='lat' dir='ltr'>quem</span> <span class='ocrx_word' id='word_1_440' title='bbox 689 4277 774 4347; x_wconf 83' lang='lat' dir='ltr'>iufra.</span> <span class='ocrx_word' id='word_1_441' title='bbox 812 4277 881 4331; x_wconf 86' lang='lat' dir='ltr'>Mox</span> <span class='ocrx_word' id='word_1_442' title='bbox 908 4292 939 4328; x_wconf 81' lang='lat' dir='ltr'>ec</span> <span class='ocrx_word' id='word_1_443' title='bbox 965 4225 1006 4328; x_wconf 72' lang='lat' dir='ltr'>iis</span> <span class='ocrx_word' id='word_1_444' title='bbox 1032 4289 1082 4343; x_wconf 91' lang='lat' dir='ltr'>pro</span> <span class='ocrx_word' id='word_1_445' title='bbox 1107 4270 1180 4341; x_wconf 84' lang='lat' dir='ltr'>vulg.</span> <span class='ocrx_word' id='word_1_446' title='bbox 1205 4286 1236 4322; x_wconf 82' lang='lat' dir='ltr'>ea</span> <span class='ocrx_word' id='word_1_447' title='bbox 1262 4269 1296 4320; x_wconf 78' lang='lat' dir='ltr'>iia</span> 
     </span>
     <span class='ocr_line' id='line_1_45' title="bbox 79 4337 1268 4411; baseline 0.005 -22"><span class='ocrx_word' id='word_1_448' title='bbox 79 4341 148 4406; x_wconf 60' lang='lat' dir='ltr'>mn</span> <span class='ocrx_word' id='word_1_449' title='bbox 171 4338 282 4393; x_wconf 80' lang='lat' dir='ltr'>editores</span> <span class='ocrx_word' id='word_1_450' title='bbox 302 4360 355 4396; x_wconf 90' lang='lat' dir='ltr'>non</span> <span class='ocrx_word' id='word_1_451' title='bbox 375 4343 509 4397; x_wconf 83' lang='lat' dir='ltr'>debebant</span> <span class='ocrx_word' id='word_1_452' title='bbox 536 4343 655 4395; x_wconf 84' lang='lat' dir='ltr'>deserere</span> <span class='ocrx_word' id='word_1_453' title='bbox 690 4363 781 4400; x_wconf 86' lang='lat' dir='ltr'>omnes</span> <span class='ocrx_word' id='word_1_454' title='bbox 799 4346 886 4411; x_wconf 79' lang='lat' dir='ltr'>codd,</span> <span class='ocrx_word' id='word_1_455' title='bbox 903 4361 972 4396; x_wconf 86' lang='lat' dir='ltr'>unus</span> <span class='ocrx_word' id='word_1_456' title='bbox 990 4338 1062 4394; x_wconf 79' lang='lat' dir='ltr'>Flor.</span> <span class='ocrx_word' id='word_1_457' title='bbox 1080 4337 1104 4390; x_wconf 87' lang='lat' dir='ltr'><strong>B</strong></span> <span class='ocrx_word' id='word_1_458' title='bbox 1124 4340 1185 4393; x_wconf 76' lang='lat' dir='ltr'>biis.</span> <span class='ocrx_word' id='word_1_459' title='bbox 1265 4390 1268 4395; x_wconf 83' lang='lat'>.</span> 
     </span>
     <span class='ocr_line' id='line_1_46' title="bbox 79 4404 1021 4482; baseline 0.012 -25"><span class='ocrx_word' id='word_1_460' title='bbox 79 4415 85 4448; x_wconf 63' lang='lat' dir='ltr'>t</span> <span class='ocrx_word' id='word_1_461' title='bbox 115 4404 187 4459; x_wconf 75' lang='lat' dir='ltr'>edero</span> <span class='ocrx_word' id='word_1_462' title='bbox 219 4407 315 4464; x_wconf 78' lang='lat' dir='ltr'>vellent</span> <span class='ocrx_word' id='word_1_463' title='bbox 349 4412 420 4482; x_wconf 90' lang='lat' dir='ltr'>quod</span> <span class='ocrx_word' id='word_1_464' title='bbox 452 4410 654 4482; x_wconf 87' lang='lat' dir='ltr'>intelligeretur.</span> <span class='ocrx_word' id='word_1_465' title='bbox 1019 4417 1021 4423; x_wconf 87' lang='lat'>&#39;</span> 
     </span>
    </p>
   </div>
   <div class='ocr_carea' id='block_1_4' title="bbox 0 0 1470 5174">
    <p class='ocr_par' dir='ltr' id='par_1_5' title="bbox 0 0 1470 5174">
     <span class='ocr_line' id='line_1_47' title="bbox 0 0 1470 5174; baseline 0 0"><span class='ocrx_word' id='word_1_466' title='bbox 0 0 1470 5174; x_wconf 95' lang='lat' dir='ltr'> </span> 
     </span>
    </p>
   </div>
  </div>
 </body>
</html>
