2926 5174
90 264 95 273 '
194 271 269 342 184
665 286 700 351 o.
727 286 853 345 ¹ouurn
877 287 964 339 auru

191 485 280 549 tunc
312 471 516 563 haesitabat
549 469 773 570 deprehensa
805 469 954 543 felicitas
961 525 971 560 ,
1004 495 1072 543 nec
1106 468 1206 543 aliud
1239 467 1425 545 remedium

194 596 290 676 erat,
330 608 439 680 quam
471 582 605 656 reverti
639 605 711 677 qua
747 592 908 653 venerat.
973 579 1099 677 Itaque
1133 581 1239 679 signo
1277 586 1426 681 receptui
1438 605 1455 654 a

193 696 297 786 datu,
333 694 492 768 densatis
527 693 726 784 ordinibus,
767 694 947 790 scutisque
973 718 1081 791 super
1107 692 1227 790 capita
1254 696 1425 786 consertis,

192 817 291 881 retro
324 805 477 880 evadere
510 830 557 878 ex
588 804 762 903 angustiis
797 804 907 876 iubet
959 830 1041 877 xxx
1065 805 1164 878 fuere
1190 802 1322 895 stadia,
1348 831 1426 902 quae

193 918 347 993 remensi
372 926 467 989 sunt.
1218 917 1220 921 ’

144 1033 193 1102 13
298 1028 391 1101 Tum
417 1028 543 1100 castris
570 1024 727 1122 undique
754 1036 880 1122 aperto
914 1027 1162 1125 locopositis,
1195 1052 1274 1109 non
1302 1028 1455 1101 consul-u.

193 1152 272 1215 tare
298 1137 407 1213 modo
434 1138 520 1235 quid
546 1135 726 1236 agendum
752 1146 857 1228 esset,
877 1137 940 1210 sed
967 1149 1070 1211 vates
1097 1163 1242 1235 quoque
1269 1138 1423 1211 adhibere

192 1253 311 1350 coepit
343 1277 364 1324 a
398 1249 651 1348 superstitione
692 1248 809 1320 animi.
879 1246 951 1322 Sed
986 1250 1072 1346 quid
1114 1261 1193 1323 tum
1232 1249 1442 1348 praediceret

190 1361 422 1451 Aristander,
461 1361 518 1432 cui
554 1360 747 1457 plurimum
787 1358 958 1433 credebat
989 1387 1037 1434 ex
1068 1361 1230 1452 vatibus,
1271 1359 1420 1460 poterat?

190 1474 318 1571 Itaque
359 1466 536 1544 damnatis
576 1470 838 1569 intempestivis
880 1472 1073 1563 sacrificiis,
1108 1473 1246 1570 peritos
1278 1474 1418 1545 locorm

191 1582 384 1658 convocari
409 1581 517 1655 iubet
561 1580 632 1654 Per
648 1580 804 1654 Mediam
829 1583 898 1655 iter
925 1582 1164 1657 ostendebant
1188 1593 1315 1656 tutum
1339 1606 1416 1679 aper·

192 1708 360 1792 tumque:
398 1691 463 1766 scd
482 1718 567 1770 ,rex
602 1691 766 1768 deserere
797 1694 928 1768 milites
960 1695 1157 1794 insepultos
1190 1693 1433 1779 erubescebat

192 1808 243 1880 ita
268 1804 403 1878 tradito
429 1829 539 1894 more,
567 1812 608 1876 ut
634 1804 698 1876 vix
724 1805 837 1877 ullum
864 1806 1009 1880 militiae
1041 1816 1116 1879 tam
1143 1806 1319 1880 sollemne
1343 1811 1413 1876 esset

190 1944 338 2009 munus,
375 1941 483 2015 quam
514 1914 686 1988 humandi
721 1941 816 1988 suos.
871 1915 1041 2016 Captivos
1069 1941 1171 2014 erg0,
1206 1942 1299 2013 quos
1324 1927 1431 2011 nupert

190 2039 399 2127 exceperat,
431 2028 553 2101 vocari
587 2027 704 2101 iubet:
739 2028 832 2100 inter
868 2054 957 2125 quos
993 2038 1071 2101 erat
1103 2026 1253 2124 quidam
1280 2024 1411 2102 Graecae

189 2141 427 2236 Persicaeque
459 2140 602 2235 linguae
633 2138 786 2234 peritus,
822 2141 882 2236 qui
913 2141 1047 2211 frustra
1079 2165 1161 2212 eum
1186 2140 1226 2211 in
1253 2127 1410 2212 Persidem

192 2251 368 2323 montium
403 2249 511 2321 dorso
544 2250 742 2321 exercitum
774 2248 904 2323 ducere
936 2250 1108 2323 affirmat:
1140 2250 1326 2323 silvestres
1354 2269 1409 2320 esse

191 2361 314 2450 calles,
347 2360 411 2432 vix
446 2358 593 2455 singulis
619 2360 780 2457 pervios;
817 2361 937 2433 omnia
968 2361 1109 2458 contegi
1133 2359 1325 2434 frondibus
1332 2416 1340 2451 ,
1366 2359 1409 2430 in·

189 2472 388 2570 plexosque
414 2470 583 2541 arborum
608 2496 728 2543 ramos
755 2471 864 2544 silvas
891 2473 1122 2545 connnittere.

294 2577 457 2678 Namque
497 2580 616 2654 Persis
658 2583 703 2655 ab
740 2584 853 2657 altero
888 2585 1000 2657 latere
1034 2581 1218 2681 perpetuis
1260 2582 1428 2656 monticuli

190 2693 282 2792 iugis
310 2691 502 2783 clauditur,
538 2691 635 2789 quod
661 2693 698 2764 in
723 2693 983 2791 longitudinem
1008 2716 1103 2785 nme,
1135 2694 1172 2764 in
1208 2694 1408 2767 latitudinem

225 2951 247 3016 §.
267 2954 308 3002 23.
338 2947 456 2999 densatis
474 2946 623 3016 ordinibus]
651 2945 696 3000 Sic
714 2945 796 2999 nostri
830 2952 965 3016 tempore,
996 2964 1075 3017 quam
1097 2947 1176 2999 rebus
1201 2945 1243 2999 ita
1268 2939 1407 3016 comparetis

189 3024 218 3070 et
241 3015 323 3070 Snak.
349 3032 409 3068 mss.
434 3015 468 3067 ad
496 3033 578 3066 unum
607 3032 712 3080 omnes,
741 3033 795 3067 non
830 3033 883 3068 non
902 3017 1010 3077 tumult,
1030 3016 1076 3068 sed
1095 3019 1221 3077 uuumrbr.

188 3087 356 3154 openinibus,
390 3092 420 3135 ut
445 3082 473 3135 in
500 3082 577 3136 editis
602 3082 795 3154 exemplaribus
858 3100 910 3152 per
929 3085 1048 3151 Medium
1066 3083 1126 3152 iter]
1150 3084 1221 3136 Edd.
1240 3090 1305 3136 vett.
1323 3079 1407 3135 medium

188 3162 295 3225 praeter
311 3152 466 3205 Modianum
485 3152 672 3205 circumfertur.
829 3153 879 3204 iter
897 3151 966 3220 (sine
983 3154 1119 3232 praepos.)
1144 3168 1179 3204 ex
1196 3152 1275 3205 codd.
1293 3148 1367 3222 qualis
1380 3147 1425 3221 esi,

224 3222 291 3291 Cap.
303 3227 344 3285 13,
364 3225 387 3288 ξ.
401 3227 425 3272 2.
444 3222 487 3272 cui
500 3222 644 3289 plurimum
663 3220 794 3340 credebutq
828 3219 899 3273 Flor.
917 3221 951 3286 E,
970 3238 1030 3273 curn
1046 3239 1074 3273 m
1091 3218 1198 3300 reliquis
1217 3221 1297 3275 codd.
1315 3215 1407 3274 omnibu

187 3289 278 3359 Vulgo
302 3291 345 3342 cui
372 3299 424 3340 tum
447 3290 520 3355 plur.
553 3290 720 3355 credebatur,
748 3305 775 3340 se
828 3287 932 3358 legatur
943 3306 995 3356 per
1012 3292 1124 3341 medium
1146 3299 1203 3342 tter.
1240 3289 1301 3344 Hoc
1317 3280 1407 3341 animad-

188 3359 309 3411 credebat
326 3356 387 3408 msti
404 3363 432 3408 et
449 3357 642 3427 snakenburgii
665 3364 693 3410 ct
710 3356 794 3409 nostri
828 3373 904 3409 verso
922 3356 982 3409 Bon
1001 3357 1083 3409 arsius
1095 3375 1148 3426 per
1164 3358 1287 3410 Medium
1305 3359 1350 3410 iter
1363 3367 1406 3405 oon·

187 3432 296 3495 praeter
318 3423 389 3477 Flor.
416 3422 442 3476 G
466 3441 573 3492 omnes,
599 3436 651 3478 tum
678 3443 694 3477 a
719 3423 793 3477 libris
827 3425 889 3478 iecit
898 3375 1145 3495 Freinslremiusque
1163 3425 1191 3478 in
1205 3434 1312 3479 textum
1324 3417 1406 3498 recepit

189 3493 296 3563 quidem
314 3491 378 3544 satis
396 3500 483 3544 tutum
501 3500 554 3558 est,
579 3495 625 3546 sed
643 3511 720 3546 sensu
738 3510 794 3545 cas-
827 3501 900 3547 recte
926 3493 982 3546 sine
1006 3494 1100 3559 dubie,
1125 3512 1187 3547 nam
1204 3511 1237 3547 ea
1253 3494 1305 3547 fuit
1321 3492 1406 3545 illam·

187 3579 253 3614 sum.
287 3560 384 3630 Neque
406 3560 476 3613 enim
492 3560 537 3614 illo
548 3561 709 3632 potissimum
726 3569 794 3614 tem·
828 3560 908 3615 cuitio
927 3562 1070 3615 multorum
1079 3562 1190 3630 dicrum,
1209 3581 1290 3634 quem
1298 3560 1406 3618 Diodorus

187 3646 253 3700 pore
285 3628 441 3683 Aristandro
473 3629 552 3682 tidem
586 3647 634 3683 rex
668 3631 792 3697 habebat,
825 3630 1110 3700 xv11,68eignilioat

187 3698 235 3752 sed
259 3713 309 3768 per
340 3705 427 3751 totum
460 3698 635 3767 expeditionis
670 3699 791 3769 spatium.
861 3702 885 3766 §-
898 3706 923 3753 3.
942 3703 1059 3753 deserere
1077 3701 1171 3753 milites
1189 3701 1342 3770 insepultos]
1357 3691 1405 3748 Vll·

188 3767 268 3821 Certe
286 3783 365 3836 supra
382 3765 427 3819 lib.
436 3781 478 3832 1v,
498 3774 532 3820 24
550 3767 578 3820 in
596 3767 673 3821 simili
691 3785 720 3820 re
737 3785 791 3820 non
823 3775 904 3888 fiatur
922 3769 1049 3821 dimittere
1066 3768 1109 3820 ine
1128 3776 1163 3820 te.
1198 3771 1328 3822 Deserere
1343 3760 1403 3818 estin

186 3835 278 3889 addita
301 3834 365 3889 certi
389 3834 524 3888 cuiusdam
547 3836 673 3906 temporis
691 3835 790 3904 signifi·
850 3854 905 3889 ern.
931 3838 957 3889 A
979 3836 1051 3891 Flor,
1129 3836 1179 3890 OG
1205 3837 1280 3890 Leid.
1308 3835 1403 3889 v0sc1·

160 3945 162 3949 .
186 3904 273 3969 catio,
298 3921 347 3957 nec
370 3903 440 3956 infra
462 3903 506 3957 lib.
529 3920 586 3969 vn,
612 3912 654 3958 30.
696 3905 790 3974 Itaque
824 3904 878 3959 Sed
895 3923 957 3960 mox
975 3907 1013 3959 ita
1031 3924 1085 3959 non
1101 3913 1142 3959 est
1158 3905 1209 3958 nisi
1226 3905 1254 3959 in
1271 3904 1340 3958 Flor.
1354 3900 1373 3954 F
1384 3902 1402 3976 tl

185 3972 271 4026 delevi
288 3972 444 4043 particulam
466 3971 542 4025 unius
566 3973 626 4026 libri
644 3972 789 4038 Leidensis,
824 3991 891 4027 am.
915 3974 1030 4027 secunda
1051 3974 1079 4027 in
1106 3973 1132 4028 G
1154 3974 1278 4041 (sortasse
1300 3972 1368 4025 etiam
1383 3980 1401 4017 1¹1

185 4043 233 4095 sed
250 4040 358 4111 optimi,
384 4040 541 4093 auctoritate
563 4059 578 4094 e
600 4041 690 4112 priore
711 4058 790 4094 versu
823 4042 1036 4113 Voss.1quippe
1055 4043 1100 4123 qui
1117 4061 1171 4096 non
1184 4035 1401 4101 commemoreturli

184 4110 238 4162 buc
253 4117 394 4164 retractam
411 4117 492 4175 ratus,
512 4127 572 4162 nam
590 4117 617 4163 et
634 4118 713 4163 antea
728 4120 789 4172 tum,
823 4110 851 4163 in
874 4111 982 4181 reliquis
1004 4113 1123 4165 omnibus
1147 4114 1234 4191 itaque
1259 4109 1361 4180 legitur,
1377 4114 1400 4153 ⁶¹

185 4196 239 4231 non
258 4187 333 4242 tunc,
357 4185 387 4229 ut
410 4185 451 4229 est
469 4176 604 4246 ineditis,
623 4179 790 4232 scribendum
824 4186 889 4232 nota
905 4180 973 4232 male
990 4178 1139 4246 intellecta,
1157 4198 1174 4233 o
1192 4198 1259 4235 mor.

186 4244 237 4298 suit
263 4253 375 4315 propter
403 4246 477 4298 codd.
510 4263 671 4300 consensum.
716 4245 789 4312 Quin
859 4251 881 4316 ξ.
901 4254 925 4303 5.
963 4250 1076 4317 quodie
1094 4198 1271 4317 localem&
1289 4242 1397 4302 tautu-

185 4313 266 4366 etiam
292 4323 352 4365 tanc
379 4312 456 4366 scribi
482 4316 599 4383 potuerit
615 4334 669 4369 non
687 4314 789 4379 dubito,
825 4318 910 4368 dinem
931 4317 1035 4370 CLXX
1050 4319 1138 4370 stadio
1156 4319 1302 4385 procurrit]
1333 4313 1395 4367 Mlti

183 4382 232 4434 sed
249 4387 342 4434 auctor
358 4380 463 4434 videtur
480 4382 591 4436 voluisse
608 4403 663 4437 non
675 4391 730 4437 tam
743 4383 789 4437 illo
823 4384 928 4438 videtur
949 4385 1196 4456 subintelligendum
1218 4403 1274 4440 esse
1297 4384 1328 4436 ad
1340 4391 1394 4451 prot·
