2926 5174
224 314 295 385 116
698 330 732 394 a.
760 328 885 382 cnara
909 328 996 381 surr

217 517 293 590 sive
319 540 385 589 sua
411 525 549 614 sponte,
576 514 687 587 filium
712 515 856 588 obviam
881 514 996 604 misit,
1022 512 1241 586 traditurum
1268 535 1309 586 se
1335 511 1402 584 urb

216 628 439 725 promittens.
491 626 652 725 Benigne
676 626 844 699 iuvenem
870 625 1014 723 excepit
1039 650 1121 716 reX,
1148 634 1186 698 et
1212 624 1345 698 eodem
1369 622 1402 696 dr

218 738 265 811 ad
292 737 473 837 Choaspin
500 763 640 811 amnem
665 737 849 836 pervenit,
882 735 1090 828 delicatam,
1116 746 1159 809 ut
1184 737 1284 810 sama
1312 746 1375 827 est,
1400 763 1402 772 ⁴

217 850 362 922 hentem
389 875 528 946 aquarn.
567 847 636 921 Hic
660 849 832 923 Abulites
854 873 936 921 cum
962 847 1065 921 donis
1098 850 1229 948 regalis
1257 851 1402 948 opulent

217 962 379 1033 occurrit.
448 958 648 1034 Dromades
690 961 815 1033 cameli
855 962 949 1035 inter
983 959 1080 1033 dona
1119 971 1224 1033 erant
1260 961 1402 1035 velocita

217 1073 383 1164 eximiae,
418 1095 473 1145 ΧΠ
505 1073 686 1170 elephanti
715 1097 737 1144 a
762 1070 883 1145 Dareo
916 1097 962 1144 ex
993 1070 1096 1144 India
1128 1071 1251 1163 acciti,
1285 1072 1359 1145 iam
1387 1099 1402 1145 r

216 1193 342 1274 terror,
368 1195 410 1258 ut
436 1191 655 1283 speraverat,
682 1181 930 1276 Macedonum,
959 1182 1023 1256 sed
1050 1185 1234 1276 auxilium,
1262 1211 1351 1283 opes
1376 1189 1402 1259 v]

217 1294 263 1368 ad
288 1297 462 1370 victorem
477 1294 716 1368 transferente
747 1295 901 1367 fortuna.
954 1295 1004 1369 Ut
1029 1321 1117 1369 vero
1150 1296 1280 1369 urbem
1305 1298 1402 1371 intra*

215 1407 458 1481 incredibilem
485 1433 532 1481 ex
558 1406 737 1479 thesauris
765 1431 942 1481 summam
973 1410 1145 1508 pecuniae
1171 1411 1325 1508 egessit,
1351 1433 1373 1482 1.
1397 1435 1402 1480 ι

214 1521 262 1592 lia
287 1521 463 1593 talentum
489 1516 631 1616 argenti
656 1542 729 1590 non
756 1517 886 1616 signati
911 1520 1026 1594 forma
1051 1578 1060 1613 ,
1089 1520 1154 1595 sed
1179 1521 1265 1595 rudi
1291 1521 1402 1621 ponde

215 1631 319 1705 Multi
353 1657 456 1730 reges
495 1641 616 1704 tantas
644 1653 731 1726 opes
757 1631 865 1727 longa
897 1642 1016 1707 aetate
1042 1635 1318 1707 cumulaverant
1342 1635 1402 1708 libe

213 1745 448 1844 posterisque,
476 1754 517 1816 ut
543 1743 821 1833 arbitrabantur,
848 1768 936 1839 quas
963 1771 1035 1818 una
1060 1747 1150 1819 hora
1175 1747 1214 1818 in
1242 1746 1381 1820 externi

215 1857 268 1954 gis
303 1881 433 1929 manus
464 1854 593 1928 intulit.
648 1853 820 1929 Consedit
855 1854 984 1930 deinde
1018 1858 1055 1929 in
1089 1857 1190 1955 regia
1226 1858 1318 1932 sella
1347 1883 1402 1930 mu

215 1970 408 2043 excelsiore
445 1993 554 2066 quam
588 1992 654 2067 pro
689 1967 817 2040 habitu
851 1968 1019 2066 eorporis.
1082 1967 1211 2067 Itaque
1239 1995 1324 2044 curn
1349 1969 1402 2069 pe<¹

247 2191 270 2258 ξ.
299 2196 322 2253 9.
363 2198 387 2241 et
415 2190 501 2241 eodem
535 2189 608 2255 duce]
658 2187 749 2241 Vulo
776 2205 819 2254 eo,·
852 2189 905 2258 sq.)
939 2186 1041 2241 curiosa
1067 2189 1199 2259 quaedam
1227 2206 1366 2262 cognosco.

213 2266 332 2310 nostrum
358 2264 479 2310 auctores
505 2256 585 2308 habet
611 2256 686 2310 Leid.
733 2274 782 2310 oss.
803 2263 814 2308 1
852 2255 922 2309 enim
939 2256 1008 2311 illos
1032 2273 1108 2310 crura
1134 2257 1318 2379 ingpedientes
1341 2276 1389 2311 non

213 2323 404 2379 FlortABCG
426 2328 454 2391 (e
471 2323 649 2378 Beruensibus
672 2324 738 2378 nihil
755 2341 818 2378 eno·
852 2341 971 2390 cussare,
998 2325 1043 2396 qui
1065 2333 1162 2380 natura
1214 2335 1257 2381 est
1276 2345 1396 2399 equorum

213 2402 302 2447 tatum
328 2398 388 2460 est.)
426 2393 496 2445 Tum
522 2396 560 2446 ad
585 2394 719 2463 Choaspin
746 2410 817 2446 nune
852 2411 973 2464 gressus,
997 2396 1043 2447 sed
1061 2394 1216 2448 alternatim
1234 2397 1334 2450 dextra
1349 2404 1402 2448 ets

215 2462 291 2529 dedi,
310 2478 370 2514 cum
388 2462 450 2514 olim
467 2461 582 2532 reliquos
600 2463 760 2517 recentiores
778 2479 818 2514 se·
852 2472 908 2516 stra
925 2462 1056 2534 explicare
1074 2464 1120 2533 (ef.
1132 2462 1253 2517 Plinium
1262 2465 1402 2520 nathistv

215 2539 291 2585 cutus
308 2533 347 2583 ad
366 2529 502 2599 Choaspen
520 2530 687 2601 scripsissem.
717 2531 817 2584 Eadem
854 2537 898 2597 67)
923 2531 999 2584 simul
1023 2531 1139 2585 anterius
1163 2550 1196 2586 ac
1226 2534 1358 2604 posterius
1380 2549 1402 2584 ur

216 2598 349 2652 dubitatio
369 2598 420 2652 fuit
443 2600 513 2670 apud
529 2598 639 2670 Dionys.
657 2599 762 2669 Perieg.
780 2617 817 2653 vs.
851 2600 948 2654 lateris.
969 2600 1029 2654 Hoc
1045 2600 1119 2654 facile
1136 2600 1175 2654 illi
1194 2605 1286 2670 credo,
1306 2611 1367 2666 puto
1379 2608 1401 2653 et

216 2675 281 2722 1073
301 2665 371 2720 inter
387 2667 482 2721 fonnas
499 2669 633 2735 Χοάσπης
651 2678 679 2722 et
691 2669 819 2723 Xiaamr
851 2677 962 2740 propter
982 2670 1050 2723 hanc
1077 2686 1184 2723 oausam
1202 2667 1345 2725 dromades
1361 2668 1402 2724 al

216 2736 320 2808 Optimi
338 2736 407 2788 enim
433 2735 493 2790 libri
509 2737 583 2791 Leid.
602 2739 679 2793 Voss.
705 2737 816 2790 1Bern.
852 2740 917 2791 doro
934 2753 965 2805 11,
985 2744 1018 2791 54
1037 2736 1205 2794 darauaiiova
1223 2742 1333 2794 vocari:
1351 2739 1391 2792 sed

214 2807 240 2860 A
258 2806 328 2860 Flor.
347 2806 396 2858 AB
420 2809 484 2858 adeo
509 2809 605 2875 haspia
628 2807 768 2872 exhibent,
794 2805 816 2858 C
851 2806 879 2859 id
901 2808 1041 2860 dromedas
1065 2806 1153 2860 doceri
1179 2825 1290 2862 neeesse
1314 2810 1348 2863 sit
1373 2807 1402 2859 ht

214 2878 279 2929 adeo
298 2875 409 2944 Aspim,
432 2874 498 2927 DFI
519 2878 557 2928 ad
577 2879 644 2944 pdas
664 2879 713 2942 im,
740 2875 820 2927 Eud
852 2892 893 2928 me
919 2894 972 2929 non
989 2875 1152 2946 intelligere,
1178 2878 1392 2949 quandoquidem

214 2947 348 3014 pdaspem,
366 2943 394 2997 H
412 2946 450 2996 ad
465 2946 621 3013 hydaspem,
640 2895 720 2998 ssem.
738 2943 762 2996 B
781 2945 819 2995 ad
852 2961 955 3013 gressus
981 2944 1024 2997 ille
1048 2944 1154 2998 camelis
1180 2946 1313 3001 naturalis
1333 2954 1378 3000 est.

215 3015 339 3084 idaspim,
357 3013 459 3067 Voss.2
475 3015 512 3066 ad
528 3015 650 3082 Idaspia,
670 3012 739 3066 solus
746 3011 817 3065 Flor.
851 3012 946 3065 eximia
963 3013 1067 3066 illorum
1084 3013 1229 3068 velocitate
1253 3024 1355 3069 veteres
1371 3020 1395 3067 at

216 3080 296 3135 Gad
316 3082 384 3135 Cous
404 3099 443 3135 ea.
477 3081 547 3134 Edd.
584 3100 605 3134 r.
624 3091 653 3135 et
665 3080 763 3133 Aldina
781 3082 818 3132 ad
851 3081 979 3136 cautiores
997 3083 1141 3162 scriptores
1159 3085 1341 3151 consentiunt,
1358 3090 1402 3136 etc

218 3152 371 3220 Hydaspis,
382 3101 501 3203 lanians
518 3158 546 3203 et
595 3151 689 3204 odiana
706 3152 744 3202 ad
759 3149 817 3216 Hy·
851 3159 905 3203 stat
922 3168 956 3204 ne
971 3151 1118 3205 celerrimos
1132 3152 1243 3221 quidem
1252 3146 1402 3224 equorumd

216 3223 315 3288 daspen
339 3219 532 3285 exhibuerunt,
559 3220 629 3272 unde
652 3216 816 3289 proficiscens
851 3220 957 3272 madum
983 3238 1087 3273 cursum
1113 3237 1239 3290 aequare.
1276 3223 1321 3275 Ad
1338 3226 1402 3275 nostr

216 3287 361 3342 Glareanus
384 3291 421 3341 ad
449 3286 585 3356 Choaspen
611 3286 733 3341 correxit.
774 3285 816 3338 De
851 3288 1005 3359 scriptorem
1021 3294 1109 3355 v11,8
1148 3289 1251 3344 ertinet
1271 3292 1341 3362 quod
1358 3288 1402 3343 Stn

218 3357 346 3425 Choaspis
365 3374 433 3426 aqua
449 3354 505 3426 regi
514 3356 652 3412 Persarum
671 3355 751 3408 etiam
768 3371 816 3425 pe·
850 3357 895 3410 lib.
912 3372 954 3410 xv
971 3376 998 3428 p.
1018 3364 1067 3410 724
1084 3364 1126 3409 tra
1147 3357 1177 3425 't,
1197 3358 1313 3429 triginta
1329 3369 1373 3412 aut
1388 3373 1401 3425 q

214 3441 292 3494 regre
313 3423 368 3477 bibi
391 3423 468 3478 solita
491 3432 594 3477 constat
617 3442 651 3478 ex
672 3424 772 3478 Herod.
794 3439 814 3489 1,
850 3425 973 3494 draginta
996 3425 1098 3478 dierum
1120 3426 1188 3490 iter,
1217 3427 1339 3498 intellige
1359 3426 1402 3544 sip

216 3499 274 3546 188.
292 3491 393 3545 Plinius
407 3500 462 3545 nat.
473 3492 667 3561 hist.xxx1,‘2l
687 3493 816 3546 Eulaeum
849 3494 1000 3564 vulgaribus
1018 3493 1121 3548 camelis
1138 3503 1273 3564 uteretur,
1293 3492 1398 3551 dromadi

214 3560 253 3614 illi
270 3560 402 3630 adiungit:
430 3562 587 3615 Parthorum
605 3580 679 3632 repes
697 3579 728 3614 ea
745 3562 815 3614 eho·
849 3563 908 3615 unis
926 3563 1017 3616 iisdem
1036 3580 1068 3616 ue
1086 3564 1240 3617 confectum
1261 3583 1318 3619 esse
1336 3564 1402 3617 undet

215 3649 278 3701 aspe
305 3641 328 3683 et
353 3631 454 3684 Eulaeo
481 3640 579 3684 tantam
598 3633 699 3697 biham,
729 3640 753 3682 et
771 3646 816 3682 eae
850 3630 950 3685 diebus.
985 3581 1101 3685 Isidorus
1118 3631 1146 3685 in
1165 3631 1324 3704 Originibus
1348 3646 1397 3696 2111,

232 3702 330 3754 uamvis
358 3701 385 3752 ia
411 3701 552 3770 inopiaque
584 3700 739 3753 comitantur
765 3716 815 3751 eos.
850 3707 882 3754 36
901 3717 945 3755 eos
964 3709 1070 3754 centum
1087 3708 1115 3752 et
1133 3700 1402 3774 ampliusmilispma

214 3719 289 3823 ldem
306 3777 395 3823 tamen
412 3784 457 3836 v1,
485 3776 515 3824 31
544 3769 594 3822 hoe
611 3768 696 3841 ipsum
713 3768 746 3820 de
763 3785 816 3820 uno
852 3776 897 3835 (20
924 3769 1035 3823 miliaria
1062 3768 1163 3838 Germ.)
1192 3788 1247 3824 una
1275 3772 1317 3825 die
1343 3785 1402 3842 pergi

214 3839 314 3893 Eulaeo
332 3837 486 3892 tradiderat.
851 3837 935 3892 solere
953 3839 1051 3893 scribit.

250 3912 272 3977 §.
293 3916 332 3962 10.
368 3909 516 3962 Dromades
535 3909 637 3975 cameli]
672 3907 738 3960 Non
755 3910 817 3957 sunt

215 3977 243 4030 hi
271 3986 367 4031 natura
395 3997 411 4031 a
436 3976 589 4046 vulgaribus
617 3975 736 4040 camelis,
772 3971 818 4043 qui

216 4063 297 4099 onera
313 4053 436 4117 portant,
455 4045 568 4111 diversi,
589 4062 748 4115 quamquam
764 4042 817 4094 lor-

215 4113 289 4167 tioris
307 4123 335 4168 et
353 4115 427 4184 quasi
442 4113 576 4168 nobilioris
585 4113 684 4195 stirpis,
704 4112 750 4165 sed
760 4118 817 4162 arte

885 3943 940 3994 iam
957 3959 1009 3994 noa
1027 3951 1122 4008 terror,
1141 3951 1170 3994 at
1189 3944 1351 4012 speraverat]
1381 3936 1402 3990 V

852 4018 931 4080 gatur
948 4028 1000 4062 aaa
1017 4011 1071 4063 iam
1088 4040 1123 4051 -
1139 4021 1321 4080 speraverant,
1338 4004 1402 4065 aedil

851 4098 921 4160 rum·
949 4077 1136 4133 vocabulorum
1176 4079 1299 4161 ordinem
1337 4076 1402 4134 eodid

216 4200 315 4262 usuque
332 4183 366 4235 ad
383 4201 487 4237 cursum
504 4182 651 4237 exercitata
683 4181 818 4235 Hedschia
851 4166 968 4272 2:235?
985 4147 1402 4288 {ffinssrffiffiwilgeffifflg

216 4251 294 4303 hodre
319 4261 446 4305 vocantur
470 4252 497 4305 in
524 4250 607 4322 Syria.
651 4252 694 4305 De
724 4250 817 4321 quibus
852 4261 945 4340 ffidio
963 4295 1075 4340 secutus·

216 4337 286 4372 nrrnc
308 4320 392 4390 ipsum
413 4320 440 4373 in
467 4320 562 4374 itinere
586 4319 818 4374 Taubenhemiano

217 4389 250 4440 ab
285 4386 487 4442 Haeklaendero
528 4398 647 4442 nostrate
687 4387 818 4458 descripto
888 4393 912 4454 S.
939 4395 979 4442 13.
1020 4390 1188 4528 reipupedes]
1231 4387 1277 4444 Sic
1299 4386 1390 4443 Modias

218 4455 413 4526 (stuttgardiae
434 4475 458 4510 a.
484 4463 558 4513 1842.
582 4457 659 4512 Tam.
677 4457 706 4511 H
723 4474 749 4528 p.
770 4464 817 4512 149
853 4456 946 4528 optimi
963 4455 1040 4526 libri;
1121 4474 1137 4510 o
1149 4459 1234 4526 pedes
1252 4475 1317 4513 mim.
