2926 5174
444 311 493 360 nn
521 309 646 362 cussis
672 309 780 363 saux.
808 310 883 379 vm,
905 305 948 358 ss.
1228 288 1301 360 409

40 514 237 569 rcacumen
263 503 470 591 exsurgunt.
523 493 674 568 Radices
694 495 768 567 eius
794 493 905 566 Indus
932 493 1046 566 amnis
1069 493 1175 583 subit,
1202 519 1302 591 prae·

69 609 179 696 altus,
214 607 392 703 utrimque
423 607 557 705 asperis
592 607 693 704 ripis:
735 608 780 680 ab
819 607 931 678 altera
972 614 1074 701 parte
1112 605 1301 703 voragines

66 719 270 814 eluviesque
301 728 516 816 praeruptae
548 728 640 790 sunt.
693 716 768 790 Nec
800 718 869 788 alia
895 715 1125 814 expugnandi
1156 715 1303 812 patebat

37 830 144 921 avia,
180 854 286 927 quam
317 838 359 901 ut
393 830 624 926 replerentur.
676 829 737 901 Ad
767 854 913 901 manum
945 828 1036 899 silva
1068 837 1159 917 erat,
1195 851 1302 922 quam

66 966 132 1015 rex
158 942 211 1014 ita
236 939 335 1013 caedi
360 940 472 1030 iussit,
499 949 540 1011 ut
560 938 647 1010 nudi
665 941 804 1037 stipites
821 939 1039 1011 iacerentur:
1067 938 1197 1037 quippe
1214 940 1304 1011 rami

66 1052 193 1126 fronde
225 1052 346 1124 vestiti
378 1050 610 1149 impedissent
641 1050 805 1124 ferentes.
858 1048 939 1147 Ipse
971 1051 1105 1147 primus
1140 1061 1304 1123 truncam

67 1165 233 1238 arborem
257 1163 360 1251 iecit;
394 1162 595 1257 clamorque
623 1163 810 1252 exercitus,
838 1161 948 1234 index
973 1161 1176 1249 alacritatis,
1204 1187 1301 1235 secu·

66 1286 123 1347 tus
151 1285 217 1365 est,
244 1275 342 1347 nullo
369 1272 591 1346 detrectante
617 1299 757 1364 munus,
785 1272 881 1371 quod
906 1298 973 1346 rex
999 1274 1256 1370 occupavisset.

38 1405 51 1452 s
167 1385 268 1460 Intra
294 1386 485 1483 septimum
511 1383 604 1458 diem
637 1409 809 1458 cavernas
842 1386 1094 1483 expleverant,
1130 1410 1213 1456 cum
1237 1387 1354 1460 rexlO
1432 1453 1435 1457 ,

66 1499 268 1596 sagittarios
303 1507 340 1570 et
365 1496 543 1594 Agrianos
577 1496 678 1568 iubet
703 1523 775 1594 ‚per
807 1496 920 1581 ardua
954 1498 1029 1570 niti.
1080 1496 1304 1595 Iuvenesque

16 1628 53 1677 1⁰
68 1609 352 1709 promptissimos
380 1632 428 1680 cx
453 1633 518 1680 sua
545 1607 691 1680 cohorte
717 1635 797 1681 xxx
824 1608 965 1706 delegit.
1017 1607 1136 1684 Duces
1154 1609 1210 1680 his
1230 1610 1304 1682 dati

26 1782 33 1789 .
67 1734 148 1796 sunt
175 1720 314 1796 Charus
342 1729 380 1793 ct
406 1717 630 1808 Alexander,
666 1743 772 1816 quem
803 1745 869 1793 rex
903 1720 1070 1810 nominis,
1107 1720 1203 1817 quod
1236 1722 1302 1795 sibi

67 1860 144 1908 curn
171 1861 216 1907 eo
249 1857 437 1906 commune
464 1840 572 1921 esset,
611 1828 805 1904 admonuit.
857 1829 913 1903 Ac
944 1833 1074 1929 prime,
1113 1833 1196 1928 quia
1227 1842 1303 1905 tam

66 1947 293 2020 manifestum
319 1943 516 2043 periculum
542 1953 634 2033 erat,
671 1943 789 2040 ipsum
821 1967 942 2038 regern
968 1942 1156 2017 discrimen
1184 1943 1302 2017 subire

10 2077 51 2124 11
67 2083 137 2132 non
161 2058 316 2156 placuit:
352 2053 419 2128 sed
450 2065 492 2126 ut
518 2056 658 2153 signum
684 2055 772 2127 tuba
799 2053 923 2126 datum
949 2064 1020 2145 est,
1052 2055 1108 2127 vir
1134 2055 1303 2128 audaciae

68 2180 254 2268 promptae
287 2190 481 2240 conversus
514 2166 561 2238 ad
595 2166 752 2264 corporis
787 2165 954 2239 custodes
990 2167 1089 2263 sequi
1122 2193 1160 2240 se
1195 2167 1303 2257 iubet,

67 2283 271 2380 primusque
306 2276 445 2350 invadit
470 2278 507 2349 in
532 2304 669 2376 rupem.
721 2274 796 2350 Nec
823 2275 950 2349 deinde
978 2278 1164 2374 quisquam
1189 2277 1303 2352 Mace·

68 2392 199 2467 donum
225 2390 397 2479 substitit,
424 2390 555 2463 relictis
581 2391 795 2464 stationibus
814 2414 879 2461 sua
897 2400 1024 2488 sponte
1042 2415 1163 2487 regem
1182 2415 1304 2487 seque·

10 2519 54 2570 ¹2
69 2504 208 2578 bantur.
249 2501 447 2576 Multorum
472 2502 681 2575 miserabilis
707 2502 773 2575 fuit
791 2527 904 2592 casus,
931 2527 1020 2598 quos
1039 2527 1085 2574 ex
1111 2511 1305 2599 praerupta

68 2641 151 2713 rupe
179 2618 303 2713 lapsos
330 2613 444 2685 amnis
471 2611 727 2710 praeterfluens
753 2613 888 2702 hausit,
926 2614 1029 2684 triste
1063 2614 1304 2710 spectaculum

69 2728 169 2800 etiam
206 2752 281 2798 non
317 2724 617 2823 periclitantibus,
659 2750 740 2796 cum
775 2748 862 2795 vero
897 2724 1012 2796 alieno
1049 2725 1177 2812 exiti0,
1220 2722 1304 2818 quid

68 2838 146 2936 ipsis
173 2837 376 2912 timendum
403 2838 504 2925 foret,
532 2835 818 2924 admonerentur,
844 2836 881 2906 in
902 2846 1038 2905 metum
1063 2834 1305 2907 misericordia

10 2957 55 3012 ¹3
70 2974 177 3040 versa,
206 2974 284 3022 non
311 2947 498 3037 extinctos,
526 2947 590 3020 sed
616 2947 825 3043 semetipsos
853 2944 1042 3018 deflebant.
1095 2944 1142 3018 Et
1162 2946 1235 3017 iam
1261 2971 1303 3018 eo

68 3072 279 3158 perventum
297 3069 384 3148 erat,
412 3058 506 3133 unde
533 3060 608 3132 sine
634 3057 788 3156 pernicie
815 3056 882 3128 nisi
908 3057 1062 3130 victores
1089 3057 1205 3130 redire
1231 3072 1304 3130 non

68 3183 220 3269 possent,
247 3171 408 3268 ingentia
430 3195 519 3243 saxa
535 3172 572 3242 in
590 3172 783 3244 subeuntes
811 3168 1104 3263 provolventibus
1131 3169 1303 3260 barbaris,

68 3285 138 3381 quis
168 3282 329 3383 perculsi
360 3282 516 3355 instabili
548 3293 585 3354 et
615 3280 752 3354 lubrico
784 3278 899 3375 gradu
930 3280 1142 3377 praecipites
1174 3280 1304 3354 recide·

10 3398 56 3458 ¹4
69 3395 159 3469 bant.
214 3393 420 3467 Evaserant
451 3404 571 3466 tamen
603 3391 812 3464 Alexander
843 3401 880 3464 et
912 3388 1065 3483 Charus,
1102 3418 1190 3489 quos
1224 3419 1305 3466 cum

96 3599 150 3667 §.a
178 3600 331 3666 clamorque
340 3597 475 3660 accercitus,
486 3596 563 3647 iader
572 3594 670 3647 alacri·
702 3591 774 3646 Flor.
796 3591 894 3646 DFGI.
930 3593 1045 3648 Videtur
1066 3613 1095 3648 re
1116 3611 1179 3648 vera
1205 3594 1304 3650 Chares

66 3667 133 3737 tatis]
167 3665 271 3720 Nescio
294 3662 357 3733 qnid
379 3663 413 3716 sit
431 3663 501 3734 quod
518 3663 594 3716 codd.
611 3663 667 3714 fere
703 3660 790 3715 fuisse.

66 3751 149 3788 omnes
176 3734 251 3787 inter
278 3748 355 3785 voces
381 3735 509 3785 exercitas
536 3740 564 3784 ct
589 3733 668 3784 indes
738 3734 811 3799 §.12
829 3733 965 3785 maltorum
980 3733 1138 3785 miserabilis
1146 3734 1303 3803 suitcosus]

64 3801 236 3885 interponunt
255 3818 298 3867 se,
320 3800 392 3853 Flor.
410 3809 498 3853 tamen
517 3799 538 3852 C
557 3803 667 3853 clamor·
702 3798 787 3877 Deest
795 3818 846 3853 vox
860 3801 1019 3855 miserabilis
1037 3800 1064 3852 in
1099 3801 1159 3852 leris
1178 3817 1210 3852 ue
1223 3800 1303 3867 libris,

65 3876 204 3952 quaterdena
224 3867 329 3924 omissis
353 3886 420 3939 quae
444 3869 471 3922 in
494 3868 581 3921 medio
606 3876 668 3920 sunt
703 3869 748 3920 sed
762 3870 860 3923 habent
873 3869 1074 3950 enqstrisFlor.
1111 3819 1304 3948 l‘llltquorum

63 3941 191 4064 aa
312 3937 364 3990 v
479 3937 502 3990 B
702 3937 1304 4086 serenatas·arasa

94 4082 161 4148 quod
183 4095 234 4130 rer
260 4077 448 4144 occupavzsset]
483 4074 573 4143 Vulgo
597 4091 669 4127 occa·
702 4084 861 4146 conspirant.

60 4158 154 4214 posset,
172 4147 222 4201 sed
241 4143 311 4199 illud
327 4143 498 4214 antiquissimi
507 4143 580 4197 Leid.
591 4142 668 4196 Voss.
704 4210 710 4222 .
737 4147 760 4212 ξ.
772 4151 812 4198 13.
848 4146 905 4214 qais
922 4144 1052 4212 perculsa]
1089 4141 1133 4195 Sic
1150 4148 1222 4194 recte
1240 4160 1303 4195 eon-

67 4215 172 4269 chrn.
190 4215 220 4268 A
237 4212 314 4266 Flor.
330 4214 364 4265 A.
702 4221 800 4266 lecerat
827 4212 994 4265 scribendum
1015 4210 1135 4263 Freinsh.
1162 4228 1211 4279 pro
1233 4210 1304 4280 vulg.

97 4283 133 4337 Ca
152 4325 158 4337 .
174 4291 226 4349 40,
247 4285 272 4351 §-
290 4287 314 4334 9.
349 4282 442 4360 delepit
495 4282 568 4350 clepit
597 4279 667 4333 Flor.
720 4283 760 4348 ui,
789 4282 862 4352 quod
880 4279 1022 4350 ancipitem
1039 4278 1196 4333 relationem
1214 4279 1323 4333 habet.-

64 4303 150 4406 DFGl
165 4351 227 4406 Pal.
241 4360 266 4417 l,
286 4351 348 4419 legit
365 4349 429 4402 edit.
470 4349 512 4403 od.
727 4351 828 4404 ercassi
848 4349 876 4402 in
894 4349 964 4404 Flos.
984 4347 1060 4404 CEH
1075 4347 1164 4426 'Bern
1179 4347 1205 4426 ΙΒ
1229 4348 1305 4402 Voss.

95 4422 166 4488 §.m
189 4419 312 4486 Charus]
339 4417 435 4472 Clarus
444 4417 516 4472 Flor.
525 4417 559 4485 B,
581 4417 667 4470 Caras
702 4424 717 4471 2
737 4427 787 4487 est,
805 4416 872 4472 falso
891 4416 963 4490 quod
981 4416 1057 4471 facile
1074 4416 1237 4487 intelligitur.
