2926 5174
451 313 499 364 aa
527 313 653 366 easms
680 313 788 366 Aiax.
816 316 865 384 vr,
893 315 935 368 ee.
1249 300 1321 370 277

91 498 173 572 ista!
195 523 267 590 uos,
304 522 386 597 quae
410 498 598 592 sentiebam,
629 526 670 574 ne
695 502 875 595 rainerum,
902 501 1105 601 impulistis!
1146 501 1329 602 Scripsisse

112 635 150 681 aa
172 610 248 683 iaec
262 613 377 710 fateor
401 611 490 710 cepi,
516 637 582 686 non
608 615 649 687 de
675 638 750 712 repe
775 614 957 713 sumsisse.
1009 612 1093 687 Non
1118 616 1205 688 enim
1221 616 1329 716 facie·

113 721 170 794 mm
191 721 370 814 inuidiam,
403 722 463 797 sed
480 747 548 820 pm
575 746 611 797 co
637 723 798 798 timebam.
852 723 1001 823 Dipnim
1027 724 1111 798 milii
1134 725 1328 799 Amaander

114 832 268 925 uidebatur,
295 834 356 933 qui
379 833 469 908 Ioues
494 832 631 931 saepem
657 833 773 916 tacitas
800 848 995 933 agnosceret,
1022 861 1123 934 quam
1149 837 1209 936 qui
1229 862 1329 934 prae·

91 943 251 1019 :sennenn
277 946 420 1018 iactaret.
461 942 532 1020 Sed
556 945 712 1043 quomam
738 945 865 1019 oraculi
877 947 971 1043 fieus
996 960 1084 1021 cena
1110 961 1165 1039 est,
1178 947 1222 1021 sit
1246 948 1328 1022 deus

116 1079 209 1129 consae
243 1079 337 1129 meae
373 1056 467 1128 test'.
521 1054 668 1129 Retinete
694 1083 746 1130 ine
772 1058 808 1130 in
846 1057 1003 1150 uinculis,
1039 1058 1120 1131 dum
1146 1059 1326 1133 cmmuliiue

115 1165 260 1240 Hammon
286 1191 448 1240 arcanum
474 1181 503 1241 el
528 1167 686 1241 occultam
713 1169 827 1242 scelus.
882 1167 1029 1262 Interim,
1057 1170 1116 1268 qui
1139 1194 1249 1268 nepem
1273 1195 1329 1244 no-
1411 1160 1414 1164 ’

114 1290 194 1350 stmm
217 1279 377 1378 elipantus
402 1290 448 1350 est
460 1279 593 1375 silium,
619 1281 783 1354 neminem
808 1303 936 1370 eoram,
965 1279 1025 1379 qui
1048 1281 1147 1378 stirpi
1171 1305 1252 1353 suae
1278 1280 1326 1353 in

94 1388 204 1462 aalma·
236 1402 330 1480 sant,
363 1389 459 1463 latere
486 1389 644 1487 patietur.
699 1388 742 1465 Si
766 1391 904 1464 certiora
932 1390 1075 1465 oraculis
1101 1392 1233 1465 creditis
1258 1417 1327 1465 esse

113 1512 253 1593 lamnia,
279 1525 323 1573 ne
348 1500 431 1573 lianc
457 1501 589 1600 quidem
614 1502 811 1576 exhibendae
836 1502 982 1576 ueritatis
995 1502 1105 1597 fldem
1131 1503 1298 1602 deprecor.

92 1627 103 1674 ⁰
193 1609 307 1687 Solent
336 1611 388 1704 rei
419 1612 537 1710 capitis
571 1611 723 1687 nataae
749 1613 838 1688 uobis
858 1627 1025 1712 parenetes.
1078 1613 1177 1689 Duos
1193 1619 1377 1718 fraires40

113 1746 154 1819 epo
174 1749 278 1822 napea
305 1722 424 1815 amisi·
452 1737 586 1822 patrem
611 1747 670 1797 nec
696 1726 862 1800 orandae
887 1751 1044 1825 possum,
1078 1750 1137 1798 nec
1172 1728 1326 1802 invocare

93 1836 209 1928 laudea,
243 1861 321 1910 cam
357 1848 386 1907 et
411 1835 481 1933 ipse
506 1834 589 1908 tami
613 1836 763 1911 criminis
789 1863 867 1911 reas
893 1837 943 1912 sit.
996 1836 1126 1910 Parum
1152 1851 1199 1912 est
1224 1839 1321 1931 enim,

112 1957 143 2018 tot
164 1949 256 2022 inodo
293 1947 431 2020 imaum
459 1960 649 2046 parentem,
691 1949 728 2021 in
759 1949 855 2022 unico
875 1950 955 2046 silio
990 1949 1258 2048 acquiescentem,
1290 1976 1326 2025 eo

91 2071 213 2158 ianque
238 2058 363 2149 orbari,
388 2059 456 2132 nisi
479 2061 550 2157 ipse
576 2059 612 2132 in
636 2085 755 2159 copam
779 2085 889 2132 naam
916 2061 1104 2159 imponitur.
1144 2062 1246 2162 Hcpo,
1273 2087 1325 2135 ea·

110 2167 217 2243 maian
240 2183 350 2269 pater,
376 2182 562 2268 eapropter
587 2197 640 2245 me
665 2171 826 2262 morieris,
853 2185 883 2243 et
907 2197 1042 2246 mecam.
1096 2174 1169 2274 Epo
1196 2172 1254 2246 att
1278 2173 1325 2246 ei·

109 2291 160 2352 tam
182 2283 303 2374 adimo,
331 2306 389 2380 epo
415 2295 605 2356 senectutem
630 2297 721 2355 tuam
748 2282 920 2381 catinam!
950 2280 1040 2366 Quid
1065 2285 1152 2358 enim
1173 2310 1225 2358 nie
1244 2310 1326 2382 pro-

108 2393 219 2466 creabas
245 2392 411 2494 infelicem
436 2393 686 2468 aduersantibus
712 2393 804 2467 diis?
838 2421 884 2467 an
909 2409 946 2469 ut
969 2396 1026 2469 lios
1053 2422 1093 2469 ea
1119 2423 1170 2471 nie
1186 2402 1323 2500 fractis

91 2505 289 2601 lpaapmes,
324 2505 384 2603 qni
408 2517 436 2576 te
460 2505 617 2578 manent?
659 2504 802 2596 Νεεεεό,
828 2506 1044 2581 adolescentia
1070 2533 1144 2581 acea
1170 2509 1322 2583 miserior

106 2615 151 2706 a,
178 2643 222 2688 aa
253 2628 400 2690 sanemus
432 2629 508 2688 teia:
543 2641 609 2714 epo·
635 2615 671 2688 in
707 2617 782 2715 ipso
807 2617 919 2691 rohone
945 2617 1060 2691 aetatis
1086 2619 1232 2717 eripior:
1267 2620 1326 2694 tat

103 2875 145 2912 mn
167 2861 311 2914 existimem
338 2877 399 2912 eum
424 2858 500 2912 simili
523 2859 589 2912 libro
611 2875 687 2911 usum
740 2877 795 2912 uem
813 2861 842 2911 in
860 2862 943 2913 scelus
967 2878 1017 2931 pro
1043 2864 1074 2914 de
1092 2864 1194 2915 scelere.
1229 2862 1324 2934 Itaque

103 2942 154 2980 esse.
750 2929 832 2981 lerum
855 2927 926 2980 istud
947 2929 1146 2999 praepositionis
1170 2930 1269 2996 abieci,
1295 2939 1324 2984 et

128 3002 148 3063 S.
165 3005 204 3051 28.
240 3001 301 3051 dum
325 2999 469 3050 consulitur
494 2998 624 3050 Hammon
642 3015 687 3049 or·
721 2997 877 3050 Hammonis
894 2996 999 3049 nomine
1016 2997 1139 3052 restitute
1157 2998 1323 3068 reliquaser-

102 3077 220 3119 canumet
238 3068 508 3120 occuitum—scelus.
534 3065 620 3119 Locus
639 3065 687 3117 dif-
721 3065 788 3118 vavi.
832 3063 903 3116 Nam
929 3064 1059 3135 duplicem
1089 3066 1264 3120 accusativum
1296 3075 1324 3120 et

101 3132 170 3202 licilis,
188 3153 248 3187 nam
260 3135 336 3188 codd.
355 3134 474 3204 plerique
484 3142 512 3187 et
521 3134 602 3187 editio
614 3135 687 3203 prin-
721 3134 759 3187 rei
768 3141 797 3185 et
806 3148 933 3202 personae
950 3133 1037 3186 omnia
1053 3135 1137 3187 verba
1148 3143 1246 3206 regunt
1256 3153 1324 3206 quae

101 3216 151 3271 ceps
175 3222 222 3273 pro
252 3205 385 3257 Hammon
412 3203 511 3256 habent
538 3205 686 3268 admodum,
722 3201 855 3255 notionem
872 3201 972 3255 interro
992 3201 1053 3254 andi
1071 3203 1182 3267 habent,
1206 3221 1255 3258 nee
1277 3205 1323 3257 de-

114 3272 160 3324 uod
185 3271 279 3325 leviter
304 3279 450 3325 arrectum
480 3288 514 3324 ex
542 3274 686 3323 ammodum
722 3277 783 3323 sunt
801 3284 876 3322 exem
896 3271 922 3323 la
938 3270 965 3323 in
1002 3289 1035 3325 oe
1052 3272 1108 3342 ipso
1125 3274 1208 3326 verbo
1230 3291 1323 3327 consu-

100 3285 167 3393 lem.
188 3341 214 3393 A
239 3340 313 3393 Leid.
340 3341 415 3393 Voss.
443 3349 464 3392 1.
500 3339 583 3392 Aldus
605 3338 687 3391 edidit
721 3339 799 3392 leudi.
836 3289 905 3391 vile
923 3338 1041 3392 lexicon
1065 3348 1093 3393 et
1111 3340 1273 3396 Gronovium
1290 3344 1324 3395 ad

100 3411 246 3461 concamium
264 3411 403 3462 admodum
421 3408 476 3461 sine
493 3425 578 3475 sensu,
596 3407 688 3461 eedsie
721 3408 805 3461 locum
822 3407 880 3461 Liv.
890 3423 922 3475 11,
934 3415 967 3461 28
984 3408 1041 3462 init.
1059 3427 1115 3463 eam
1133 3429 1187 3464 rem
1206 3414 1324 3464 consules

99 3483 133 3529 at
147 3477 174 3529 in
195 3478 268 3531 libris
289 3477 361 3530 Flor.
379 3477 435 3530 DH
450 3478 531 3530 Bern.
548 3477 581 3529 B.
617 3476 687 3528 Tum
722 3481 758 3530 ad
769 3487 862 3547 patres
881 3477 1015 3544 deferant,
1038 3481 1086 3531 sed
1103 3482 1215 3533 delatam
1233 3499 1325 3534 consu·
1423 3539 1427 3544 ,

99 3545 125 3597 ab
146 3545 221 3599 Iunio
250 3547 350 3599 factum
381 3553 422 3598 est
458 3549 516 3599 dum
543 3546 687 3598 consulitur
722 3548 773 3598 lere
787 3548 940 3599 ordinenon
959 3547 1040 3599 licuit.
1055 3599 1057 3604 ,
1075 3547 1219 3601 Heinsiana
1235 3556 1324 3602 tamen

98 3612 217 3666 Hammon
234 3614 289 3667 sive
298 3617 409 3667 Ammon
427 3617 456 3666 in
473 3632 600 3667 arcanum
619 3629 687 3682 quae
721 3614 877 3675 emendatio
892 3614 1027 3684 ingeniosa
1044 3622 1130 3669 estet
1151 3616 1251 3671 felicior
1268 3617 1324 3671 aliis

98 3679 165 3735 lectio
172 3684 224 3736 iam
232 3683 347 3753 vulgaris
364 3685 436 3736 facta
452 3691 501 3750 est,
520 3699 568 3735 nec
581 3688 689 3751 praeter
722 3682 839 3736 eiusdem
856 3682 918 3735 viri:
943 3686 1003 3745 dum
1022 3687 1166 3738 consulitur
1183 3687 1324 3752 Hammon,

98 3748 205 3805 Modiam
225 3769 383 3821 quemquam
400 3769 559 3822 magnopere
571 3749 687 3820 quieon-
722 3770 783 3805 nam
801 3770 927 3804 arcanum
944 3754 1027 3805 scelus
1045 3753 1146 3806 initum.
1173 3754 1274 3805 Verum
1292 3771 1325 3805 ne

99 3824 132 3871 tra
157 3827 295 3890 surgeret,
321 3820 430 3873 invenit.
468 3820 572 3873 Medius
601 3825 688 3870 autem
722 3821 786 3873 haec
803 3819 908 3891 quidem
925 3819 1021 3889 placet,
1039 3837 1101 3872 nam
1119 3821 1202 3874 scelus
1217 3819 1325 3888 aliquod

98 3883 225 3942 interiecta
241 3889 306 3942 haec
323 3890 411 3941 omnia
428 3888 688 3957 abiicienspostcon-
722 3888 817 3941 initum
834 3905 890 3940 esse
908 3889 961 3941 iam
978 3896 1036 3940 erat
1058 3887 1086 3939 in
1111 3896 1249 3968 promptu,
1276 3905 1325 3943 nec

100 3958 183 4009 salitur
199 3957 279 4028 plene
296 3956 470 4028 interpunxit,
498 3957 578 4010 nesio
591 3956 688 4008 deinde
723 3959 826 4010 interim
859 3957 922 4027 qnid
952 3964 1150 4024 commeruerit,
1183 3964 1214 4008 ut
1239 3956 1324 4026 ipsum

100 4025 186 4094 pergit:
210 4027 340 4078 Hammon
357 4029 468 4079 interim.
504 4026 558 4079 Sed
575 4024 625 4077 hoe
643 4025 688 4076 de·
724 4042 831 4096 quoque
848 4025 1005 4095 corrigatur,
1024 4024 1164 4094 intelligas.

136 4093 216 4147 rantis
231 4101 334 4147 estnon
344 4095 515 4162 emendantis,
534 4110 690 4164 quamquam
761 4094 827 4164 Cap.
849 4100 896 4160 40,
922 4098 946 4160 ὅ.
969 4100 1010 4146 31.
1054 4102 1090 4145 tot
1115 4095 1190 4146 modo
1208 4093 1323 4147 liberam.

101 4156 197 4231 'apro
215 4179 287 4216 more
304 4181 351 4216 suo
377 4165 484 4233 eosqui
506 4163 583 4216 aliter
601 4161 690 4214 existi-
724 4164 879 4216 Liberorum
895 4162 975 4231 vulgo
993 4162 1038 4214 sed
1056 4160 1174 4214 dedimus
1186 4177 1234 4213 nos
1253 4163 1324 4229 quod

101 4239 189 4284 mant
197 4229 260 4283 diris
269 4231 387 4285 omnibus
395 4232 528 4285 conscidit.
547 4232 691 4284 Probarem
725 4240 766 4284 est
783 4232 810 4285 in
827 4230 901 4283 Laid.
919 4231 996 4283 Voss.
1008 4236 1055 4282 1.2
1074 4228 1145 4283 Flor.
1155 4229 1228 4282 ABG
1243 4228 1323 4284 Bern.

101 4292 107 4344 i
168 4316 270 4369 quoque
292 4300 337 4352 vul
356 4318 427 4354 arem
448 4301 599 4367 lectionem,
641 4316 691 4352 uae
724 4301 758 4352 A.
793 4300 863 4352 Item
880 4298 958 4369 paulo
976 4305 1036 4368 post
1053 4300 1105 4351 nisi
1121 4317 1170 4370 pro
1187 4299 1217 4351 ni
1233 4315 1323 4354 omnes

102 4312 208 4446 &atur
226 4369 300 4421 codd.
318 4319 390 4422 Flos.
408 4369 463 4435 EF,
486 4369 508 4422 si
532 4317 691 4438 persuadere
724 4369 779 4422 fere
796 4368 856 4422 libri
873 4375 984 4420 veterae.

101 4434 152 4487 mhi
172 4439 277 4506 possem
292 4436 388 4491 Latine
410 4437 461 4492 dici
483 4441 616 4492 consulere
639 4438 690 4489 oli·
