2926 5174
495 263 544 316 nu
573 265 686 318 sssrs
716 265 826 318 Anax.
859 267 895 336 v,
926 265 952 318 s.
1265 251 1337 323 lov

100 453 182 550 plex
209 449 382 540 occurrit,
414 449 542 523 urbem
568 475 676 546 seque
698 448 847 525 dedens.
901 446 1033 524 Gratus
1060 450 1237 526 adventus
1264 455 1340 529 eius

99 563 171 660 regi
196 562 278 652 fuit,
291 606 294 610 ·
307 563 435 660 quippe
459 563 580 661 magni
606 563 722 660 operis
750 561 887 636 obsidio
913 564 1035 635 futura
1060 573 1138 636 erat
1164 574 1240 637 tam
1264 592 1340 641 rnu-

99 676 193 747 nitae
229 674 343 746 urbis.
394 673 455 746 Ad
487 676 556 748 hoc
587 675 643 747 vir
666 675 829 765 illustris,
864 684 901 747 et
931 699 1041 748 manu
1065 687 1264 774 promptus,
1290 680 1340 751 fa-

98 809 225 883 maque
254 785 365 857 etiam
390 787 555 884 proximo
581 787 715 884 proelio
742 786 910 877 celebris,
943 796 981 858 et
1005 797 1143 860 ceteros
1171 788 1217 861 ad
1244 788 1341 863 dedi·

98 897 232 968 tionem
276 897 334 968 sui
371 897 581 971 incitaturus
626 900 791 996 exemplo
825 896 1025 971 videbatur.
1093 897 1206 997 Igitur
1243 902 1338 976 hunc

98 1006 242 1106 quidem
289 1009 442 1107 benigne
490 1035 572 1082 cum
609 1009 729 1084 liberis
770 1010 917 1108 excipit:
965 1019 1124 1082 ceterum
1163 1011 1339 1110 quadrato

97 1120 254 1218 agmine,
292 1119 389 1217 quod
421 1122 498 1219 ipse
533 1120 702 1213 ducebat,
733 1122 834 1195 velut
859 1121 897 1193 in
923 1119 1035 1194 aciem
1059 1121 1168 1212 irent,
1199 1123 1339 1221 ingredi

96 1258 177 1305 suos
201 1233 321 1305 iubet.
358 1231 490 1330 Magna
514 1259 598 1331 pars
612 1234 892 1333 Babyloniorum
918 1232 1128 1307 constiterat
1152 1234 1190 1307 in
1214 1237 1336 1328 muria,

97 1343 198 1418 avida
234 1345 478 1442 cognoscendi
508 1371 645 1420 novum
678 1372 818 1445 regem,
861 1347 982 1444 plures
1026 1344 1170 1417 obviarn
1205 1349 1338 1445 egressi

96 1468 185 1531 sunt.
239 1457 345 1530 Inter
371 1483 458 1555 quos
483 1457 731 1555 Bagophanes,
757 1458 848 1531 arcis
874 1467 912 1530 et
936 1456 1055 1554 regiae
1080 1459 1252 1554 pecuniae
1277 1485 1335 1533 cu·

95 1579 182 1659 stos,
216 1595 265 1644 ne
301 1568 420 1643 studio
448 1596 469 1644 a
494 1568 642 1644 Mazaeo
678 1569 898 1660 vinceretur,
932 1578 1051 1642 totum
1084 1571 1153 1644 iter
1187 1570 1335 1646 floribus

96 1682 311 1779 coronisque
343 1693 602 1773 constraverat,
629 1683 807 1780 argenteis
839 1681 1012 1754 altaribus
1037 1690 1191 1779 utroque
1223 1685 1335 1759 latere

95 1791 285 1891 dispositis,
316 1808 405 1891 quae
430 1822 504 1868 non
529 1805 609 1869 ture
635 1793 760 1885 modo,
795 1793 860 1867 sed
885 1794 1050 1868 omnibus
1077 1792 1248 1869 odoribus
1275 1822 1357 1870 ου·-

93 1906 305 1980 mulaverat.
359 1905 462 1980 Dona
487 1932 570 1981 eum
596 1908 852 2004 sequebantur,
879 1929 1006 2004 greges
1032 1929 1203 2002 pecorum
1228 1933 1334 2005 equo-

91 2041 255 2116 rumque,
291 2018 413 2091 leones
449 2044 589 2115 quoque
617 2029 654 2092 et
678 2016 843 2118 pardales
879 2017 996 2091 caveis
1031 2017 1333 2114 praeferebantur.

91 2126 184 2228 Magi
209 2127 358 2220 deinde,
384 2155 448 2203 suo
473 2155 573 2202 more
599 2155 743 2204 carmen
770 2139 949 2220 canentes,
962 2138 1047 2227 post
1071 2127 1138 2201 hos
1153 2127 1332 2223 Chaldaei,

91 2237 444 2342 Babyloniorumque
468 2267 543 2315 non
568 2253 670 2316 vates
696 2240 821 2331 modo,
848 2239 912 2314 sed
938 2241 1046 2314 etiam
1072 2240 1225 2315 artifices
1252 2269 1333 2317 cum

91 2349 217 2429 fidibus
252 2353 315 2428 sui
347 2353 484 2449 generis
516 2354 626 2426 ibant.
679 2351 820 2428 Laudes
855 2354 892 2426 hi
917 2377 1044 2450 regum
1069 2377 1197 2428 canere
1225 2356 1332 2449 soliti,

91 2464 260 2543 Chaldaei
289 2463 447 2537 siderum
471 2475 591 2539 motus
618 2475 655 2539 et
680 2475 834 2539 statutas
866 2466 962 2539 vices
987 2475 1190 2563 temporum
1215 2479 1332 2542 osten·

91 2684 224 2748 etvossl,
244 2678 408 2745 videturque
424 2676 534 2729 verbum
551 2686 608 2732 erat
624 2675 696 2728 inter
729 2684 760 2729 ut
782 2684 823 2730 ert
846 2676 873 2729 in
890 2676 965 2730 mstis
983 2683 1011 2730 et
1046 2675 1114 2730 raeci
1133 2675 1188 2730 itur
1204 2695 1221 2731 a
1239 2677 1332 2732 Chari-

91 2752 172 2805 uara
191 2758 223 2802 et
242 2759 299 2802 ram
319 2745 410 2798 elisum
427 2761 490 2798 esse.
513 2744 598 2815 Vulgo
607 2745 695 2798 editur
729 2744 785 2812 sio,
808 2745 839 2799 cs.
862 2743 985 2799 Schneid.
1008 2694 1093 2799 Elem.
1144 2745 1203 2799 .L.
1247 2755 1330 2802 .200.

91 2821 130 2873 bt.
147 2828 206 2872 erut
226 2817 345 2881 obsidio,
363 2813 467 2867 Modius
476 2816 575 2884 futura
594 2815 694 2867 obsidio
728 2813 818 2867 Etiam
843 2814 880 2868 W
934 2831 994 2867 erus
1020 2814 1047 2867 in
1074 2811 1202 2882 Orthogr.
1227 2765 1322 2886 largi]

91 2898 150 2953 usn,
166 2888 216 2940 sed
233 2881 403 2952 subintelligi
419 2883 472 2935 h.l.
489 2899 567 2952 posse
584 2883 694 2936 verbum
729 2883 867 2953 simplest
915 2882 998 2935 edicei
1015 2881 1175 2936 auctoritate
1192 2891 1291 2937 tuetur.

91 2956 284 3009 ubstantivum
303 2970 359 3005 non
376 2951 461 3004 credo.
635 2999 639 3011 ,
763 2956 788 3018 s.
812 2958 853 3004 22.
889 2969 936 3004 sao
969 2969 1039 3003 more
1065 2967 1170 3002 carmen
1196 2954 1329 3023 conentes]

117 3028 144 3092 ς.
161 3031 202 3077 18.
211 3026 299 3094 soma
319 3038 352 3073 ue
369 3051 404 3058 —
421 3021 539 3090 celebris]
558 3019 629 3074 Flor.
642 3018 695 3073 BG
728 3021 851 3073 Patrium
869 3036 973 3072 carmen
990 3018 1063 3071 edita
1079 3018 1239 3088 exemplaria
1255 3037 1331 3100 prae-

91 3098 220 3160 trmooquc
238 3110 278 3162 qu
335 3087 451 3160 pertinet
474 3090 509 3142 ad
532 3105 591 3141 eam
613 3105 694 3159 quae·
729 3099 771 3142 ter
788 3087 957 3153 Modianum,
983 3088 1029 3140 sed
1051 3084 1157 3139 videtur
1173 3087 1332 3142 adiectrvum

91 3160 209 3227 stionan,
224 3178 309 3232 quam
327 3157 440 3211 tractavi
461 3157 488 3210 in
506 3175 615 3228 gramm
633 3157 692 3210 Lat.
728 3167 828 3212 temere
854 3157 905 3210 huc
927 3157 961 3208 ab
987 3154 1131 3209 editoribus
1152 3171 1186 3208 ex
1209 3156 1290 3222 lm,
1315 3166 1329 3211 7

91 3232 181 3295 μθθ
196 3238 252 3284 not.
275 3237 310 3292 l,
338 3225 383 3279 ubi
409 3226 494 3279 errari
521 3226 592 3297 quod
617 3225 694 3296 plura
727 3226 885 3298 repetitum:
910 3224 986 3278 codd.
1004 3231 1076 3278 certe
1093 3241 1184 3277 omnes
1201 3226 1284 3280 nostri
1302 3234 1330 3280 ct

91 3296 206 3369 mpla
235 3298 310 3369 apud
344 3294 465 3350 Curtium
495 3293 606 3347 inveniri
637 3294 691 3347 dixi
727 3296 808 3350 Snak.
834 3293 966 3366 ignorant.
1003 3294 1074 3347 Tum
1095 3295 1123 3346 lsi
1145 3293 1264 3348 dedimus
1281 3314 1330 3366 pro

91 3364 139 3421 tus
155 3372 260 3422 lormae
278 3372 405 3436 quaeest
426 3365 533 3418 celebris
550 3362 578 3416 in
595 3379 692 3433 genere
725 3364 797 3434 vulg.
816 3365 837 3415 a·
854 3381 888 3417 ex
905 3362 1038 3434 plerisque
1055 3368 1084 3414 et
1100 3361 1251 3417 melioribus
1268 3382 1329 3418 mss.

91 3436 189 3491 rucul.
227 3435 317 3488 Immo
335 3432 398 3486 alibi
415 3441 456 3486 est
472 3434 570 3486 celeber
587 3446 638 3500 vn,
659 3439 690 3486 16
725 3432 848 3488 Pertinet
866 3433 899 3485 ad
917 3431 1038 3498 ultimos,
1062 3438 1136 3485 vates
1154 3432 1328 3505 artificesque,

91 3513 197 3573 tvm,
217 3511 269 3572 ³0,
288 3509 313 3559 9.
724 3503 742 3556 i.
759 3519 782 3555 e.
835 3505 894 3554 etas
911 3519 942 3555 ac
958 3499 1064 3568 musici,
1087 3499 1284 3570 quisifuerint
1301 3511 1330 3557 et

109 3592 175 3628 orm
197 3575 293 3626 tiberis
316 3573 373 3630 arci
390 3572 422 3694 ig]
466 3570 556 3640 Vulgo
583 3572 689 3639 ercqrr't,
724 3571 774 3643 ipsi
825 3569 939 3637 haldaei,
971 3568 1084 3641 separati
1110 3577 1199 3632 tamar
1225 3580 1287 3626 sunt
1314 3590 1330 3625 a

91 3659 250 3749 gosequor
267 3640 350 3694 Bern.
423 3639 531 3693 lor.AB
551 3637 690 3692 oumLeid
724 3638 912 3694 sacerdotibus.
955 3638 1030 3709 Magi
1059 3637 1165 3709 quidem
1190 3658 1264 3694 suam
1289 3640 1329 3694 vi·

101 3729 159 3766 oss.
179 3718 206 3763 1.
379 3709 381 3713 ’
725 3711 823 3763 dentur
840 3705 1016 3780 λειτουργίαν
1036 3706 1168 3761 cecinisse.

111 3783 138 3849 ς.
158 3786 202 3832 19.
233 3779 263 3831 io
282 3777 364 3831 ocior
380 3779 457 3846 irent]
488 3777 549 3831 Hoc
566 3794 582 3829 a
598 3776 691 3830 Modio
705 3810 716 3831 .
759 3786 873 3831 statutos
894 3779 963 3830 vices
986 3779 1137 3846 temporum]
1173 3776 1246 3830 Olim
1263 3775 1328 3830 editi

91 3857 133 3903 st:
153 3849 219 3901 edd.
237 3852 308 3900 vett.
327 3847 425 3900 inscie
443 3848 520 3913 irent,
539 3845 631 3916 scripti
644 3862 690 3898 au·
724 3857 838 3901 statutos
856 3856 930 3915 temp.
948 3847 1030 3913 vices,
1058 3845 1133 3898 Mod.
1157 3855 1241 3899 statos
1259 3848 1327 3898 vices

91 3934 135 3970 em
153 3915 243 3970 nostri
262 3913 361 3984 partim
382 3918 409 3968 ia
427 3917 484 3969 acie
500 3916 613 3984 miprent
649 3933 690 3968 ar·
725 3927 883 3997 temporum,
910 3915 981 3968 unde
1003 3913 1147 3984 composita
1168 3931 1239 3968 nunc
1255 3913 1327 3983 vulg.

91 3985 178 4038 imin
197 3985 287 4036 aciem
305 3984 425 4052 migrent,
443 4002 511 4037 unus
528 3984 600 4037 Flor.
619 3933 690 4037 din
724 3992 855 4054 scnptura
876 3993 960 4037 statas
983 3993 1123 4052 temporam
1149 3982 1216 4034 vices
1235 3988 1328 4034 contra

91 4056 164 4107 eciem
201 4054 276 4104 irent
317 4053 386 4118 quod
423 4053 522 4106 frustra
556 4060 690 4123 temptans
725 4054 805 4108 codd.
821 4070 881 4105 mss.
917 4050 979 4105 Scio
1004 4051 1074 4122 quod
1101 4048 1240 4102 discrimen
1257 4049 1328 4103 inter

91 4122 236 4176 lobefferus
254 4117 365 4186 corrigit
381 4122 407 4173 ia
425 4124 480 4175 orie
497 4124 625 4192 migrans.
723 4116 861 4195 participia
884 4131 968 4175 status
991 4128 1019 4173 et
1045 4128 1170 4183 statutas,
1198 4118 1270 4189 quod
1292 4119 1327 4171 ad

114 4195 140 4256 3.
159 4196 203 4242 21.
236 4191 309 4240 dono
334 4204 386 4240 eum
407 4192 578 4244 acuebantur
600 4208 689 4244 omnes
724 4191 939 4262 significationem
990 4187 1096 4251 rtineat,
1115 4202 1171 4238 esse
1189 4187 1327 4241 docuerint

91 4256 142 4310 ibri
159 4275 225 4324 mss,
243 4253 332 4308 nostri
349 4263 375 4307 et
392 4257 444 4310 Sna
464 4295 479 4324 .,
498 4260 576 4330 longe
593 4259 690 4313 rectius
725 4258 889 4331 grammatici
910 4256 949 4378 gr
968 4273 983 4308 e
1000 4254 1174 4309 Foroellinum
1197 4255 1224 4309 in
1241 4254 1326 4309 lexico

91 4323 497 4396 tuamquodvulgoedituream
515 4331 583 4382 dono
601 4346 691 4397 seque·
725 4327 896 4382 annotatione
941 4323 1122 4377 rakenborchii
1144 4324 1177 4375 ad
1194 4324 1263 4378 Livii
1280 4324 1326 4378 lib.

91 4398 186 4450 matur.
208 4391 370 4446 Pauloante
386 4404 440 4448 ture
452 4395 616 4453 scribendum
631 4397 691 4467 luit,
725 4413 808 4466 mv,
826 4403 870 4463 27,
889 4403 901 4448 1
921 4396 1024 4464 usum),
1043 4409 1073 4445 ac
1089 4391 1166 4446 video
1183 4394 1326 4450 secundum
