2926 5174
255 311 429 374 88811111
445 311 531 363 auur
548 311 597 361 na
617 308 743 362 8118118
762 309 871 363 Anax.
893 310 1090 363 1881111111
1106 312 1185 362 vm.
1206 390 1212 403 .
1263 294 1336 364 355

97 493 201 560 Dahas,
227 491 301 563 apud
319 486 385 562 quos
406 490 504 545 versari
522 491 702 560 Spitamenem
723 499 901 562 compererat,
928 499 1049 561 peteret,
1076 491 1121 546 ille
1141 494 1176 547 ab
1193 510 1275 548 uxore
1292 511 1339 548 sua

95 578 255 641 perpetuam
280 568 371 640 fugam
395 584 473 639 aegre
498 568 599 622 ferente
621 567 787 623 interficitur.
825 570 884 636 (13)
907 567 988 622 Cuius
1010 578 1089 639 caput
1114 571 1224 624 afferens
1246 571 1340 624 mulier

95 665 141 718 spe
159 646 338 718 praemiorum
355 646 388 699 ab
407 647 559 699 Alexandro
576 645 788 715 accipiendorum
805 644 912 697 excidit.
948 648 1008 716 (13)
1037 646 1130 698 Dahae
1146 649 1339 718 Artaphernem

94 725 217 790 tradunt,
236 739 319 792 seque
336 722 388 792 ipsi
404 723 476 793 regis
492 723 621 793 potestati
639 720 805 775 submittunt.
842 721 1012 792 satraparum
1030 723 1056 774 in
1074 722 1127 776 snis
1141 723 1265 794 cuiusque
1277 743 1338 794 prc-

94 801 188 854 vinciis
204 799 317 852 iniuriae
334 798 509 852 vindicantur.
545 801 667 869 (14.11.)
685 800 808 852 Exeuute
826 798 911 851 hieme
928 802 1001 868 (post
1017 802 1117 853 18111811
1135 818 1192 871 qo
1208 801 1339 854 0181181.

96 880 169 948 3211)
189 875 347 929 Alexander
363 874 508 946 regionem,
533 893 600 946 quae
618 875 726 929 Gabaza
743 875 902 946 appellatur,
925 875 1044 929 aditurus
1062 895 1078 930 a
1095 885 1151 930 tam
1168 877 1254 931 atroci
1271 886 1339 931 tem-

95 962 202 1024 pestate
219 951 382 1023 opprimitur
405 971 435 1007 ac
457 952 570 1022 frigore,
598 961 627 1006 ut
650 952 721 1006 mille
741 952 861 1005 homines
878 952 1042 1021 interierint,
1069 954 1200 1008 exercitus
1218 963 1340 1008 18111888

96 1031 255 1102 Sysimithre
281 1038 433 1100 opportune
459 1030 606 1084 adiuvatur.
648 1031 780 1100 sagorum
807 1031 924 1099 (19118188
950 1032 1078 1100 nationis)
1109 1031 1183 1102 regio
1213 1040 1339 1086 vastatur.

96 1113 155 1178 (16)
172 1108 242 1160 111118
260 1107 298 1159 ad
315 1124 374 1159 eam
395 1106 532 1178 regionem
553 1108 640 1174 veuit,
666 1106 710 1161 cui
727 1106 860 1176 Oxyartes
878 1115 1012 1177 praeerat,
1039 1107 1085 1178 qui
1106 1126 1165 1162 curu
1186 1108 1255 1180 regis
1278 1110 1339 1163 fidei

97 1203 152 1239 sese
173 1184 356 1256 permisisset,
384 1183 532 1238 8811111818
554 1193 679 1255 apparat,
707 1184 735 1236 in
758 1201 811 1254 quo
828 1182 983 1235 Alexander
1004 1183 1141 1253 Roxanes,
1168 1186 1238 1240 illius
1260 1186 1337 1254 filiae,

98 1280 184 1318 amore
202 1262 241 1315 ita
259 1259 373 1331 eapitur,
390 1270 421 1314 ut
437 1260 512 1314 iustis
529 1261 629 1332 nuptiis
646 1279 704 1315 eam
722 1261 771 1314 sibi
788 1259 916 1329 adiungat
933 1277 1050 1313 uxorem.

163 1345 224 1408 (11)
244 1339 321 1391 Το18
342 1338 477 1407 provincia
501 1348 608 1409 pacata,
633 1341 746 1409 (Bactra
769 1339 899 1405 reuersus)
918 1355 977 1390 cum
995 1337 1169 1408 cogitationes
1186 1340 1220 1392 ad
1241 1341 1338 1393 bellum

100 1418 216 1472 indicum
238 1415 380 1481 vertisset,
406 1413 517 1485 triginta
537 1416 610 1468 milia
632 1415 745 1470 militum
767 1433 781 1467 e
803 1413 892 1467 Persis
914 1415 1042 1470 conscribi
1063 1415 1154 1483 iussit,
1180 1415 1236 1487 ipsc
1258 1416 1339 1470 etiam

103 1495 238 1550 Persarum
255 1509 332 1546 more
350 1509 403 1544 non
421 1510 438 1545 a
454 1492 574 1546 barbaris
592 1494 693 1560 solum,
716 1494 763 1546 sed
780 1511 796 1545 a
813 1492 1003 1546 Macedonibus
1023 1494 1129 1547 adorari
1150 1492 1244 1547 voluit.
1280 1500 1339 1562 (18)

103 1573 190 1643 ltaque
208 1572 237 1625 in
256 1567 431 1624 sollemnibus
448 1568 545 1639 epulis,
573 1587 632 1623 cum
655 1587 704 1624 rex
728 1570 900 1636 discessisset,
928 1585 963 1621 ex
986 1569 1133 1641 composito
1152 1569 1218 1623 Cleo
1237 1571 1339 1626 Siculus

101 1650 220 1704 convivas
238 1644 345 1700 hortari
363 1644 459 1716 coepit,
476 1653 507 1698 ut
521 1646 704 1701 Alexandrum
721 1645 815 1699 divinis
832 1645 973 1700 honoribus
991 1647 1117 1700 colerent.
1144 1648 1204 1718 (19)
1218 1648 1339 1720 Respon-

101 1729 145 1780 det
160 1725 200 1778 illi
217 1743 267 1796 pro
286 1721 384 1776 ceteris
403 1720 576 1777 Callisthenes
595 1723 739 1794 Olynthius
757 1723 831 1794 gravi
848 1741 880 1777 ac
897 1721 964 1775 salsa
981 1723 1111 1790 oratione,
1130 1727 1189 1795 (20)
1208 1743 1261 1796 qua
1278 1744 1339 1779 con·

100 1821 174 1857 sensu
192 1801 368 1874 plurimorum
385 1802 540 1870 approbata,
558 1818 606 1853 rex
623 1818 702 1871 aegre
719 1802 805 1855 serens
822 1801 857 1854 ab
874 1799 979 1869 incepto
997 1798 1109 1867 desistit,
1127 1809 1244 1855 ceterum
1257 1802 1340 1874 Poly·

99 1889 252 1970 parcentem
272 1879 451 1947 (Leonnatum
468 1879 549 1929 trode't
558 1878 694 1930 Arrianus
712 1884 737 1943 4,
758 1881 801 1966 12)
819 1878 891 1947 quod
908 1877 1033 1929 barbaros
1051 1876 1121 1930 humi
1139 1880 1339 1948 procumbentes

99 1956 188 2024 irrisit,
207 1955 329 2026 graviter
347 1953 466 2022 castigat.
502 1956 561 2021 (21)
580 1952 728 2007 Puerorum
745 1953 877 2042 regiorum
893 1954 1013 2042 (Ρ8988
1034 1955 1110 2008 Galli
1127 1965 1151 2008 et
1168 1958 1253 2009 nostri
1272 1958 1339 2012 Gat-

100 2037 182 2088 1811811
200 2036 347 2086 imitatores
366 2031 510 2098 appellunt)
529 2029 676 2083 coniuratio
694 2030 732 2098 fit,
751 2030 825 2083 cuius
842 2030 945 2084 initium
961 2047 996 2084 ex
1013 2047 1054 2098 eo,
1074 2033 1145 2101 quod
1162 2049 1210 2085 rex
1227 2033 1339 2088 Her'mo·

100 2111 169 2164 laum
189 2108 350 2163 verberibus
372 2107 442 2161 affici
463 2108 580 2160 iusserat.
616 2106 715 2160 Huic
708 2108 829 2161 iniuriam
853 2109 1021 2178 conquerenti
1042 2110 1186 2179 persuadet
1204 2109 1339 2164 Sostratus

99 2196 129 2240 111
137 2189 171 2240 (18
178 2204 243 2258 rege
257 2185 402 2240 occidendo
417 2183 563 2238 coniurent.
591 2184 740 2256 Assumptis
753 2193 856 2254 septem
871 2183 927 2236 aliis
946 2189 1080 2256 (quattuor
1090 2188 1208 2241 Arriano
1221 2191 1338 2257 auctore)

99 2283 153 2319 rem
170 2265 266 2318 callide
283 2261 441 2328 instituunt,
464 2262 664 2329 (22)88(1811111
681 2262 879 2328 1188888811,
903 2270 934 2314 ut
950 2262 1051 2317 facinus
1067 2272 1266 2335 perpetrarent,
1293 2267 1339 2318 ad·
1405 2287 1409 2297 1

99 2343 252 2397 monitione
277 2338 414 2392 cuiusdam
437 2355 501 2390 anus
522 2337 645 2391 fatidicae
661 2339 813 2392 Alexander
835 2355 926 2392 eorum
948 2339 1049 2394 insidiis
1072 2341 1245 2397 subtrahitur.
1280 2346 1339 2411 (23)

99 2418 191 2473 1111111
211 2417 319 2488 quidem
336 2432 392 2468 rem
410 2412 544 2482 differunt,
563 2416 608 2468 sed
621 2416 771 2486 Epimenes,
790 2434 857 2468 unus
874 2432 908 2468 ex
925 2418 1078 2485 coniuratis,
1096 2428 1206 2489 repente
1223 2428 1340 2472 mutatus

98 2495 250 2565 Eurylocho
273 2491 352 2546 fratri
373 2490 437 2561 quid
457 2500 597 2560 pararetur
619 2493 729 2561 indicat,
758 2495 803 2564 qui
827 2494 918 2546 eadem
945 2503 1023 2548 nocte
1045 2513 1103 2548 cum
1125 2496 1170 2549 1118
1192 2496 1219 2549 in
1241 2494 1340 2565 regiam

98 2573 213 2628 accurrit
229 2586 340 2640 remque
358 2568 443 2621 defert
459 2570 493 2620 ad
510 2568 699 2625 Alexandrum.
735 2572 872 2626 Coniurati
890 2571 1070 2642 comprehensi
1087 2572 1244 2626 vinciuntur.
1281 2575 1340 2642 (24)

98 2651 236 2703 Advocato
260 2645 385 2712 consilio,
411 2645 534 2716 producti
555 2644 610 2697 sine
633 2664 706 2700 mora
729 2649 901 2715 confitentur,
929 2658 957 2702 et
974 2649 1144 2716 Hermolaus,
1172 2667 1219 2703 cur
1240 2647 1340 2702 facinus

97 2725 260 2798 suscepisset
282 2723 370 2777 dicere
391 2722 487 2788 iussus,
513 2721 583 2792 regis
605 2725 788 2778 crudelitatem
810 2734 930 2792 accusat,
952 2730 1016 2794 (25)
1039 2725 1190 2796 superbiam
1211 2725 1291 2778 etiam
1312 2733 1341 2777 et
1370 2732 1381 2797 j

97 2805 216 2858 modium
234 2819 337 2855 morum
354 2800 554 2870 peregrinorum
571 2803 723 2870 exprobrat.
759 2807 814 2870 (26.
833 2809 874 2855 27.
893 2805 948 2871 23.)
967 2802 1095 2855 Defendit
1111 2820 1139 2855 se
1157 2819 1217 2869 rex,
1242 2810 1270 2854 et
1286 2801 1341 2871 pri·

96 2898 170 2935 mum
197 2877 389 2945 crudelitatis,
406 2877 499 2930 deinde
527 2875 653 2931 assutiae
679 2897 710 2931 ac
735 2877 872 2949 superbiae
898 2878 996 2932 81118811
1025 2879 1142 2944 refellit,
1171 2877 1341 2947 ostenditque

96 2966 268 3030 quantopere
286 2957 366 3009 rebus
383 2954 499 3025 ipsorum
518 2955 658 3022 conducat,
676 2955 746 3009 Iovis
763 2972 791 3009 se
809 2956 891 3008 filium
909 2974 925 3008 a
942 2957 1062 3009 barbaris
1080 2955 1159 3022 credi,
1176 2962 1250 3009 metu
1268 2954 1341 3007 deni·

96 3052 149 3107 que
167 3033 292 3105 supplicii
309 3031 472 3103 propinquos
489 3048 595 3084 reorum
612 3032 715 3089 liberat.
751 3034 811 3103 (23)
828 3032 922 3086 Poena
935 3032 1217 3103 irrogaturdamnatis,
1232 3030 1342 3086 sumitur

94 3112 179 3166 etiam
197 3113 233 3163 dc
252 3109 424 3176 Callisthene,
442 3109 513 3178 quod
530 3125 625 3178 pueros
642 3109 712 3179 regis
730 3109 790 3162 odio
807 3108 928 3179 implesse
945 3109 1093 3163 dicebatur.

165 3194 228 3256 (30)
253 3189 320 3242 Vere
338 3195 442 3239 exeunte
459 3203 520 3239 (1.8.
534 3185 595 3240 Chr.
608 3193 732 3240 1181321.
767 3186 871 3240 Bactris
889 3195 980 3240 movet
996 3186 1144 3240 inludiam.
1170 3185 1236 3240 Eius
1253 3190 1341 3241 181188

92 3267 171 3333 situs,
191 3281 293 3329 amnes,
312 3262 412 3316 coelum
429 3262 620 3329 describuntur,
640 3266 699 3333 (31)
716 3263 818 3317 fructus
836 3273 1014 3328 recensentur,
1031 3262 1208 3318 dehomiuum
1216 3263 1341 3329 moribus,

93 3345 156 3412 (32)
175 3339 307 3412 imprimis
325 3341 358 3391 de
376 3357 467 3410 regum
484 3338 586 3393 luxurie
610 3340 766 3412 exponitur,
791 3344 850 3407 (33)
868 3341 1013 3412 singulares
1036 3340 1172 3412 opiniones
1196 3341 1342 3412 sapientum

92 3429 241 3490 ceteraque
259 3417 381 3471 instituta
399 3417 485 3488 gentis
502 3419 652 3471 traduntur.
689 3420 748 3487 (34)
771 3418 896 3471 Indorum
919 3419 956 3472 cis
973 3419 1069 3472 ludum
1090 3417 1176 3488 reguli
1199 3425 1343 3473 occurrunt

91 3515 152 3552 8888
171 3496 314 3569 dedentes,
337 3494 431 3564 quibus
449 3494 476 3548 in
494 3495 573 3548 fidem
590 3495 716 3566 receptis,
739 3511 798 3562 rex,
819 3490 1017 3566 Hephaestione
1034 3514 1093 3550 cum
1113 3500 1190 3566 par'te
1208 3495 1342 3566 copiarum

92 3584 172 3630 recto
195 3572 292 3627 itinere
314 3573 348 3624 ad
365 3571 459 3625 Indum
480 3581 641 3642 pontemque
664 3573 691 3625 in
714 3588 746 3624 eo
769 3573 917 3626 faciendum
939 3571 1098 3644 praemisso,
1126 3572 1181 3644 ipse
1205 3571 1342 3643 regionem

92 3660 258 3706 montanam
280 3659 354 3702 trans
376 3649 529 3720 Cophenem
555 3667 656 3702 amnem
686 3651 774 3720 (hodie
795 3650 891 3719 Cobet)
919 3667 1063 3741 peragrans
1090 3660 1184 3719 gentes
1206 3649 1343 3719 imperium

91 3730 285 3783 detrectantes
302 3726 469 3815 aggreditur,
496 3735 525 3779 81
541 3726 653 3797 primam
672 3725 776 3798 quidem
795 3728 932 3782 urbem'
907 3748 933 3782 vr
951 3736 1056 3797 captam
1074 3726 1161 3780 diruit
1198 3729 1256 3796 (35)
1275 3725 1343 3777 Mox

92 3807 128 3859 ad
146 3805 257 3894 Nysam
274 3803 366 3856 urbem
382 3802 454 3856 venit
472 3811 565 3856 noctu:
584 3804 685 3856 incolae
702 3811 767 3873 post
784 3804 891 3858 brevem
910 3805 1073 3860 obsidionem
1091 3819 1147 3856 sese
1165 3802 1273 3867 dedunt,
1291 3795 1342 3852 deo

91 3874 208 3954 apud
197 3898 271 3950 ipsos
288 3886 353 3932 nato
371 3879 540 3933 confidentes.
577 3887 633 3948 (36)
660 3880 722 3933 Rex
740 3899 798 3933 curn
816 3889 873 3935 toto
892 3882 1009 3936 exercitu
1027 3898 1074 3951 per
1092 3896 1201 3931 nemora
1217 3874 1343 3931 dissoluto

91 3959 119 4014 111
137 3961 276 4014 honorem
292 3955 381 4010 Liberi
399 3957 486 4012 Patris
508 3957 598 4028 plures
616 3957 671 4011 dies
693 3957 777 4011 festos
795 3958 857 4028 agit
895 3967 921 4028 (3
926 3962 953 4028 7)
977 3959 1043 4011 Inde
1066 3958 1099 4009 ad
1120 3955 1255 4024 regionem
1272 3954 1343 4006 Dae·

91 4037 157 4091 dala
179 4043 213 4088 et
231 4035 322 4088 urbem
339 4034 451 4100 Acadira
470 4037 600 4105 (Arriano
623 4053 673 4088 non
697 4040 865 4125 8881818181)
884 4035 1017 4109 pervenit,
1040 4034 1073 4085 ab
1096 4031 1188 4085 ineolis
1206 4033 1340 4101 (18881188,

91 4113 190 4168 divisis
210 4110 292 4182 copiis
308 4109 405 4164 multae
421 4113 500 4165 nrbes
517 4120 715 4183 expugnantur:
744 4110 860 4165 Coeno
852 4133 880 4166 111
898 4112 1033 4167 obsidione
1055 4108 1127 4163 urbis
1144 4107 1241 4161 Beirae
1259 4074 1345 4178 (apsel

92 4193 254 4245 Arrianum
271 4188 306 4240 τὰ
323 4184 1343 4261 Βάζιρα18881111)181181ο,Α18118111181111818ς88181111,(11181181118811118
1389 4182 1394 4196 ⁸

91 4271 172 4323 fossa
195 4281 328 4334 muroque
347 4267 480 4319 munitam.
516 4265 591 4329 Quae
613 4266 775 4320 munimenta
797 4269 859 4321 dum
885 4267 1029 4339 perlustrat
1052 4263 1204 4316 vulneratus
1226 4263 1344 4317 dolorem

91 4360 202 4432 magno
223 4341 308 4394 auimo
324 4338 395 4395 1811.
416 4343 475 4411 (38)
494 4337 614 4412 Repletis
632 4340 742 4408 188818,
744 4361 806 4397 811111
823 4344 958 4398 machinae
977 4334 1192 4407 admoverentur,
1218 4340 1343 4410 Cleophis

92 4420 197 4491 regina
216 4416 309 4468 urbem
326 4435 402 4491 saque
418 4419 492 4473 dedit
510 4430 538 4474 et
555 4420 658 4474 veniam
675 4421 810 4502 impetrat.
861 4478 863 4483 ,

1120 4509 1172 4556 aa*
1242 4477 1259 4481 *⁹
1297 4476 1320 4481 N
