2926 5174
180 294 205 364 4
634 309 685 372 o.
713 307 838 361 curru
862 309 948 359 aum

180 507 219 572 et
251 496 386 571 incolas
418 493 665 567 aestimatione
696 491 918 564 munimenta
948 491 1084 563 metiri:
1121 516 1159 564 se
1197 488 1287 565 scire
1321 494 1413 566 inex-

179 606 391 706 pugnabiles
418 630 513 696 esse;
540 603 587 677 ad
614 604 786 692 ultimum,
812 627 878 699 pro
904 600 976 674 fide
1002 602 1203 676 morituros.
1252 600 1440 679 Cetemms

180 728 223 792 ut
255 714 497 792 circumsideri
527 740 647 789 arcem
679 724 716 787 et
748 715 867 788 omnia
899 713 966 786 sibi
996 714 1034 786 in
1066 712 1142 786 dies
1175 714 1309 788 artiora
1329 741 1416 792 esse

180 827 361 918 viderunt,
388 827 576 924 sexaginta
601 825 739 899 dierum
764 824 924 899 inducias
945 824 1051 923 pacti,
1078 833 1129 914 ut,
1150 825 1219 896 nisi
1241 826 1336 898 intra
1358 852 1416 900 eos

181 940 354 1011 auxihum
379 936 518 1011 Dareus
544 937 620 1035 ipse
645 938 809 1027 misisset,
844 935 1019 1010 dederent
1048 936 1194 1009 urbem:
1229 930 1417 1034 postquam

180 1050 268 1122 nihil
292 1048 376 1122 inde
401 1046 569 1147 praesidii
600 1048 820 1139 mittebatur,
853 1046 900 1120 ad
935 1047 1186 1145 praestitutam
1221 1046 1316 1120 diem
1342 1073 1415 1146 per-

179 1159 308 1234 misere
335 1184 374 1232 se
398 1160 484 1256 regi.

284 1268 550 1367 Superveniunt
575 1267 705 1342 deinde
733 1269 842 1366 legati
866 1267 1150 1359 Atheniensium,
1176 1278 1352 1367 petentes,
1378 1279 1441 1341 uts

180 1382 275 1479 capti
307 1381 404 1478 apud
437 1377 630 1455 Granicum
661 1405 804 1453 amnem
834 1378 1073 1456 redderentur
1108 1380 1183 1453 sibi.
1250 1379 1314 1454 llle
1346 1407 1416 1454 non

178 1491 246 1565 hos
272 1490 391 1583 modo,
418 1490 483 1565 sed
508 1491 772 1565 etiamceteros
795 1487 950 1566 Graecos
975 1490 1117 1566 restitui
1143 1491 1217 1563 suis
1239 1491 1415 1563 iussmum

178 1601 375 1700 respondit,
401 1602 502 1675 finito
529 1600 673 1674 Persico
699 1600 804 1675 bello.

130 1718 152 1789 2
284 1711 452 1787 Ceterum
490 1710 609 1785 Dareo
648 1713 853 1804 imminens,
881 1737 988 1810 quem
1017 1711 1179 1785 nondmn
1209 1709 1415 1815 Euphraten
1429 1731 1452 1779 ro

180 1849 369 1922 superasse
395 1832 630 1921 cognoverat,
662 1823 819 1920 undique
846 1849 971 1896 omnes
998 1825 1117 1922 copias
1144 1823 1340 1913 contrahit,
1365 1813 1414 1894 toss

179 1935 225 2008 tis
252 1936 387 2009 viribus
414 1935 505 2007 tanti
519 1935 604 2008 belli
630 1933 819 2008 discrimen
832 1925 1014 2007 'aditurus
1055 1933 1214 2032 Phrygia
1241 1941 1329 2022 erat,
1355 1957 1414 2030 per
1430 1956 1450 2000 ιι

180 2070 288 2142 quarn
314 2045 512 2119 ducebatur
535 2045 713 2118 exercitus
720 2073 729 2137 3
756 2046 918 2143 pluribus
943 2045 1031 2119 vicis
1051 2070 1157 2142 quam
1176 2044 1326 2118 urbibus
1352 2044 1414 2116 fre·

215 2281 238 2347 ξ.
257 2285 281 2332 8.
317 2296 373 2332 esse
391 2281 522 2349 viderunt]
545 2278 590 2332 Sic
612 2279 715 2332 inverso
739 2296 781 2332 or·
816 2279 888 2333 cuius
911 2280 981 2333 notis
996 2296 1064 2332 mss.
1086 2286 1156 2346 utor,
1179 2278 1320 2332 verisimile
1345 2277 1413 2331 vide-

181 2347 243 2399 dine
260 2346 330 2400 Flor.
348 2346 401 2400 BG
418 2356 446 2400 ct
463 2348 544 2400 Bern.
561 2349 600 2415 A;
617 2346 683 2400 item
700 2347 781 2400 editio
816 2358 866 2400 tur.

180 2415 307 2468 Modiana
324 2433 339 2469 e
357 2417 431 2469 codd.
450 2417 536 2469 ducta.
850 2419 873 2484 ξ.
893 2422 916 2468 9.
930 2416 1016 2484 finito
1038 2415 1146 2468 Persico
1170 2415 1253 2498 bello]
1283 2414 1337 2467 Sed
1358 2414 1413 2467 red·

214 2485 321 2537 Dareus
344 2486 400 2553 ipse
423 2486 552 2552 misisset]
589 2482 782 2538 Freinshemius
817 2484 884 2537 didit
893 2484 946 2553 jam
956 2499 1018 2536 vere
1027 2501 1050 2536 a.
1060 2491 1124 2538 331:
1138 2484 1198 2536 vide
1206 2482 1277 2536 inira
1285 2498 1326 2550 IV,
1341 2491 1374 2537 34
1387 2489 1413 2535 et

180 2553 285 2605 Darius
303 2554 379 2621 ipsis.
407 2552 460 2606 Sed
477 2554 585 2606 Dareus
602 2570 656 2605 non
673 2553 723 2607 hoc
740 2571 782 2606 so·
816 2553 922 2605 Arrian.
931 2567 974 2618 111,
987 2559 1009 2606 6.

181 2619 236 2672 lum
254 2621 320 2686 loco,
339 2622 385 2673 sed
403 2621 522 2675 omnibus
546 2629 699 2674 constanter
720 2621 782 2675 scri-
852 2621 916 2690 Gap.
927 2627 951 2673 2.
966 2623 1036 2688 §.10.
1055 2630 1165 2674 ceterum
1172 2621 1263 2673 Dareo
1273 2621 1412 2682 imminens,

180 2688 254 2742 bitur
269 2689 298 2741 in
316 2689 346 2742 iis
363 2689 444 2757 libris,
467 2707 580 2759 quorum
601 2689 679 2742 fidem
696 2689 724 2743 in
740 2706 783 2742 re-
817 2691 901 2759 quem]
917 2688 1156 2744 Deteriorescodd.
1170 2696 1198 2741 et
1211 2688 1296 2741 nostri
1314 2697 1340 2740 et
1353 2688 1412 2740 alio-

181 2759 311 2811 censendo
322 2757 415 2812 Curtio
424 2758 535 2810 maxime
544 2757 691 2828 sequimur,
709 2758 782 2810 Leid.
816 2776 875 2811 rum
885 2774 943 2809 cum
952 2757 1015 2810 edit.
1025 2776 1064 2827 pr.
1080 2767 1190 2810 ceterum
1203 2775 1262 2810 vero
1272 2759 1357 2810 Dario
1370 2759 1414 2808 im·

180 2825 259 2878 Voss.
283 2834 295 2879 1
324 2827 397 2879 Bern
418 2828 444 2879 Α
475 2827 539 2880 Flor
560 2827 624 2893 AB;
655 2843 705 2879 nec
730 2844 783 2879 non
816 2829 918 2879 minens
938 2828 969 2877 de
992 2826 1145 2879 Alexandro
1164 2843 1228 2879 cora
1248 2835 1316 2889 eret,
1333 2843 1412 2894 quem,

181 2894 252 2964 apud
278 2895 342 2947 ahos
368 2896 509 2966 scriptores
540 2911 572 2947 ea
601 2895 731 2964 scriptura
755 2895 783 2947 in
817 2895 888 2966 qnod
902 2893 969 2945 male
986 2895 1154 2946 emendatum
1168 2893 1195 2946 in
1210 2893 1309 2946 Aldina
1328 2902 1355 2945 et
1372 2893 1412 2945 Iu-

181 2960 287 3032 optimii
304 2963 451 3035 quibusque
467 2963 540 3017 libris
557 2963 666 3016 inventa
682 2972 732 3030 est,
751 2971 782 3016 ut
816 2963 896 3016 niana
903 2970 930 3015 et
940 2963 996 3015 aliis
1006 2963 1158 3033 sequacibus
1168 2964 1323 3015 Alexandro
1332 2963 1411 3013 immi-

180 3032 251 3102 apud
269 3031 423 3086 Ciceronem
440 3033 507 3086 libro
525 3046 547 3086 v
564 3032 655 3087 defin.
675 3036 780 3102 30§.92
816 3030 1412 3086 oensdeDariocuraerot.Locumeiectisver·

180 3108 208 3153 et
229 3117 244 3152 e
262 3100 305 3153 ist.
328 3116 359 3167 11,
385 3109 426 3170 10,
449 3103 520 3174 apud
540 3100 646 3153 Livium
673 3117 714 3170 IX,
739 3108 780 3168 17,
816 3100 856 3153 bis
865 3099 1009 3171 inutilibus,
1028 3116 1094 3170 quae
1104 3116 1137 3151 ex
1146 3099 1269 3169 imperito
1278 3098 1374 3151 scholio
1386 3097 1411 3148 in

181 3167 260 3222 Ovi.
283 3168 311 3222 in
328 3170 396 3223 Ibid.
417 3190 455 3224 vs.
473 3179 534 3238 317,
561 3171 625 3223 Tac.
649 3173 720 3222 Ann.
738 3185 781 3236 111,
816 3177 924 3221 textum
941 3168 1065 3235 ridentur
1086 3168 1230 3237 irrepsisse,
1245 3165 1411 3237 perpurgavit

180 3243 222 3291 63.
257 3238 320 3306 Ipse
346 3247 435 3291 autem
456 3240 481 3291 h.
500 3239 518 3290 l.
539 3238 567 3289 in
589 3238 648 3289 edd.
670 3238 782 3290 vetustis
817 3236 934 3289 codicem
947 3254 1022 3288 suum
1040 3236 1168 3306 optimum
1185 3244 1290 3288 secutus
1301 3234 1409 3299 Modius,

180 3305 352 3371 scribebatur,
371 3307 520 3377 legiturque
537 3304 565 3358 in
579 3306 780 3374 utroqueBern.
816 3321 914 3358 cumeo
934 3321 967 3356 ue
975 3304 1144 3358 consentiunt
1152 3304 1224 3357 Flor.
1234 3303 1282 3357 Bc
1294 3303 1410 3361 BernA

180 3372 288 3433 etFlor.
307 3373 426 3426 omnibus
443 3381 550 3444 praeter
566 3372 590 3424 B
610 3377 638 3439 (a
655 3391 708 3443 quo
722 3389 781 3425 ver·
814 3371 890 3425 Leid.
931 3391 980 3426 oss.
990 3381 1011 3425 1.
1023 3373 1106 3440 (Flor.
1130 3374 1164 3424 A.
1182 3371 1275 3442 incipit
1286 3373 1412 3424 demuma

179 3441 243 3493 bum
260 3441 358 3562 abcsqq,
384 3459 433 3495 nec
455 3441 548 3494 dubito
570 3440 634 3510 quin
655 3441 736 3494 etiam
753 3441 780 3492 in
815 3459 871 3511 cap.
889 3449 980 3494 nostro
998 3443 1097 3510 25,t.).

179 3507 253 3561 Leid.
277 3515 305 3560 et
350 3509 456 3562 ossianis
477 3510 591 3579 legatur,
619 3514 781 3579 inquorum
859 3511 1030 3578 Euphraten]
1085 3508 1187 3562 Graeca
1228 3508 1410 3560 terminatione

88 3627 90 3631 .
179 3576 307 3630 librorum
324 3578 460 3630 notatione
478 3579 503 3630 h.
521 3576 539 3629 l.
558 3579 628 3646 apud
646 3577 779 3631 Snalrenb.
815 3579 890 3632 codd.
900 3578 969 3631 Flor.
978 3578 1071 3631 BDEI
1081 3577 1196 3629 Bern.A
1210 3584 1238 3630 et
1247 3593 1281 3629 ex
1290 3576 1351 3629 olim
1360 3575 1409 3628 col-

179 3645 296 3698 conlusio
323 3647 450 3716 quaedam
473 3653 522 3699 cst.
557 3645 600 3697 De
617 3645 674 3715 ipso
692 3654 781 3698 autem
815 3646 876 3699 latis
889 3647 980 3713 Pell,
993 3654 1008 3699 2
1023 3645 1097 3698 Leid.
1114 3645 1192 3699 Voss.
1207 3653 1229 3697 1.
1256 3645 1345 3713 Vulgo
1358 3645 1410 3695 Eu-

178 3729 242 3783 rege
259 3714 311 3765 iam
328 3715 555 3785 appropinquante
568 3713 597 3765 in
612 3714 687 3767 factis
704 3714 781 3766 indu·
811 3718 941 3785 phratem.
964 3715 1014 3768 Est
1028 3723 1117 3767 autem
1129 3715 1194 3767 haec
1203 3730 1244 3765 res
1254 3713 1288 3779 ei,
1298 3713 1343 3782 qni
1352 3713 1410 3762 dum
1433 3764 1437 3772 ,

179 3781 225 3835 ciis
242 3799 301 3835 eam
324 3784 358 3836 ob
381 3801 485 3836 causam
506 3791 572 3852 puto
594 3800 781 3836 commemora·
815 3782 1410 3854 veteremscriptoremadfidemlibrorummss.

179 3855 238 3903 tum
255 3868 320 3917 esse,
339 3867 374 3903 ne
392 3851 461 3905 forte
473 3850 600 3916 subitario
610 3852 696 3923 aliquo
706 3869 781 3905 exer·
816 3861 937 3906 accurate
945 3860 1073 3918 recenset,
1087 3869 1169 3902 unum
1179 3850 1276 3919 aliquid
1286 3855 1410 3919 procerte

179 3918 235 3972 citu
251 3927 342 3973 coorto
359 3927 466 3990 pactum
483 3921 636 3974 solveretur.
664 3921 780 3974 Alexan·
816 3920 889 3991 sequi
904 3921 977 3987 velit,
995 3929 1103 4002 propter
1120 3918 1323 3971 inconstantiam
1335 3916 1411 3968 libro·

179 3988 228 4039 der
252 3989 322 4041 enim
345 3990 434 4042 decem
457 3989 512 4042 dies
534 3998 664 4058 moratus,
688 3991 780 4044 relicto
815 4008 874 4043 rum
888 3989 1060 4043 dubitationis
1073 3988 1228 4058 plenissima.
1255 3987 1315 4055 Ego
1331 3983 1411 4037 nomi·

179 4056 213 4107 ad
232 4056 359 4110 Celaenas
376 4057 490 4111 militum
507 4058 644 4128 praesidio,
663 4076 723 4112 cum
739 4075 781 4112 re·
815 4069 878 4112 num
887 4059 1067 4124 barbarorum,
1081 4074 1148 4127 quae
1158 4055 1305 4119 Graeceqa
1322 4074 1354 4105 ov
1369 4054 1411 4104 de·

179 4123 250 4193 liquo
285 4127 403 4179 exercitu
438 4127 585 4197 processit:
620 4128 725 4189 Arriam
755 4144 781 4196 1,
816 4126 956 4192 clinantur,
980 4123 1410 4180 uiasiccodicesmelioresfereex-

179 4198 222 4259 29,
250 4198 275 4244 2·
816 4196 906 4248 hibere
915 4195 974 4247 vide
994 4194 1211 4262 am,accusativos
1221 4211 1251 4244 en
1261 4190 1409 4260 scripsi,nec

215 4262 336 4313 dederent
362 4264 466 4334 orbem]
501 4265 603 4319 Urbem
637 4284 686 4336 pro
721 4282 781 4318 arce
816 4263 943 4329 dubitavi,
959 4263 980 4315 si
993 4264 1097 4334 quando
1114 4263 1152 4315 ita
1166 4280 1207 4315 res
1220 4261 1362 4323 accidebat,
1373 4264 1409 4308 et·

179 4329 300 4398 exemplo
322 4328 497 4399 Graecorum,
520 4335 589 4403 apud
612 4352 678 4414 quos
700 4332 781 4388 πόλις
815 4332 868 4385 iam
881 4331 969 4384 invitis
983 4335 1057 4386 codd.
1071 4332 1211 4402 corrigere,
1230 4329 1269 4383 ita
1281 4337 1369 4383 tamen
1382 4330 1409 4376 ut

179 4413 256 4468 saepe
273 4416 322 4470 pro
341 4397 492 4475 ἀκρόπολις
509 4410 559 4472 est,
583 4403 634 4458 dier
650 4401 779 4470 Harlesio,
816 4402 990 4455 admonerem.
