2926 5174
101 307 174 378 452
570 327 603 390 Q·
633 325 757 380 cunum
781 325 866 376 num

99 510 257 607 bantque
284 509 488 607 excepturi;
517 535 598 582 cum
624 511 683 583 ille
708 535 784 584 rem
810 532 919 582 ausus
948 519 1009 581 est
1027 508 1268 584 incredibilem
1287 523 1324 584 at

99 648 168 719 que
193 619 401 710 inauditam,
427 622 611 719 multoque
628 623 742 720 magis
767 620 814 694 ad
831 621 966 692 famam
985 621 1217 712 temeritatis,
1242 649 1324 720 qmn

97 733 240 832 gloriae,
267 731 452 829 insignem.
491 732 654 830 Namque
680 735 717 806 in
743 733 868 806 urbem
884 732 1051 805 hostium
1079 732 1225 830 plenam
1248 754 1346 831 praei

99 844 195 941 cipiti
221 844 315 916 saltu
342 842 531 941 semetipse
556 845 718 935 immisit,
754 869 835 917 cum
859 843 925 915 vix
952 868 1108 941 sperare
1136 857 1269 942 posset,
1289 845 1326 918 di·

96 956 288 1028 micantem
326 964 422 1027 certe
461 966 499 1027 et
536 981 609 1028 non
634 957 788 1029 inultum
813 980 891 1028 esse
931 955 1177 1027 moriturum:
1219 958 1326 1055 quippe

97 1078 289 1163 antequam
315 1076 533 1163 assurgeret,
570 1067 721 1165 opprimi
752 1075 893 1164 poterat
920 1076 959 1137 et
988 1067 1072 1163 capi
1109 1067 1224 1141 vivus.
1271 1065 1347 1141 Seds

98 1179 190 1251 forte
216 1179 267 1251 ita
291 1179 486 1252 libraverat
503 1190 642 1275 corpus,
669 1188 711 1251 ut
736 1203 774 1250 se
799 1176 952 1275 pedibus
981 1177 1185 1275 exciperet.
1224 1178 1326 1276 Itaque

98 1299 197 1364 stans
223 1290 290 1363 init
314 1314 490 1388 puguam3
518 1298 555 1361 et
580 1314 625 1362 ne
644 1289 818 1362 circumiri
840 1298 977 1386 posset,
1006 1291 1162 1363 fortuna
1187 1289 1326 1388 provide·

96 1411 163 1475 rat.
215 1399 371 1475 Vetusta
388 1400 504 1490 arbor,
530 1399 628 1472 haud
644 1401 770 1498 procul
792 1424 902 1487 muro,
930 1424 1060 1473 ramos
1081 1403 1199 1474 multa
1222 1399 1346 1474 frondet

95 1513 264 1603 vestitoS,
300 1512 399 1585 velut
425 1510 470 1584 de
496 1509 673 1584 industria
697 1537 819 1611 regem
852 1520 1114 1609 protegentes,
1153 1514 1324 1600 obiecerat

96 1625 202 1697 huius
228 1624 386 1722 spatioso
412 1623 523 1721 stipiti
549 1648 688 1721 corpus,
714 1649 761 1696 ne
787 1620 962 1694 circumiri
990 1635 1142 1720 posset,
1169 1625 1325 1724 applicuit,

96 1735 209 1833 clipeo
235 1736 317 1825 tela,
350 1758 441 1831 quae
468 1760 515 1807 ex
541 1734 694 1807 adverso
719 1733 984 1832 ingerebantur,
1015 1736 1215 1832 excipiens.
1252 1734 1345 1809 Namt

96 1872 177 1920 cum
203 1871 314 1919 unum
340 1846 464 1944 procul
490 1855 545 1918 tot
578 1870 705 1918 manus
731 1852 910 1943 peterent,
947 1869 1063 1919 nemo
1091 1856 1216 1922 tamen
1240 1845 1324 1920 audc-

94 1959 157 2032 bat
183 1958 329 2056 propius
356 1956 542 2048 accedere3
570 1957 716 2030 missilia
732 1955 839 2028 ramis
865 1953 981 2050 plura,
1012 1981 1129 2053 quarn
1156 1958 1265 2056 clipeo
1285 1956 1323 2028 in·

94 2068 271 2141 ridebant.
330 2067 521 2166 Pugnabat
558 2094 624 2166 pro
664 2092 748 2164 rege
786 2066 941 2164 primum
974 2068 1156 2142 celebrati
1194 2066 1345 2141 nonnas

93 2180 205 2270 fama,
237 2179 365 2253 deinde
392 2178 609 2277 desperatio,
644 2203 815 2276 magnum
846 2175 893 2249 ad
923 2176 1087 2252 honeste
1122 2178 1325 2253 moriendum

95 2291 372 2363 incitamentum.
434 2287 505 2363 Sed
538 2315 619 2363 cum
645 2288 796 2362 subinde
822 2288 935 2361 hostis
965 2289 1156 2383 afflueret,
1189 2292 1257 2364 iam
1284 2289 1343 2360 inu

94 2411 240 2498 gentem
272 2401 345 2474 vim
383 2401 538 2474 telorum
577 2409 768 2499 exceperat
799 2400 928 2496 clipeo,
970 2400 1048 2473 iarn
1074 2404 1219 2501 galeam
1255 2423 1324 2476 saxa

95 2514 349 2612 perfregerant,
375 2513 446 2586 iam
472 2514 639 2587 continuo
666 2514 788 2585 labore
812 2510 937 2610 gravia
963 2536 1092 2608 genua
1110 2514 1323 2589 succiderant

93 2622 219 2722 Itaque
246 2626 477 2722 contemptim
503 2635 540 2698 et
565 2625 715 2714 incaute,
742 2623 802 2720 qui
820 2621 978 2719 proximi
1008 2634 1209 2722 steterant,
1234 2627 1345 2699 incur-⁸

94 2747 232 2810 rerunt:
269 2737 444 2832 equibus
478 2736 568 2810 duos
599 2734 718 2832 gladio
750 2735 801 2806 ita
826 2733 987 2829 excepit,
1029 2746 1075 2809 ut
1108 2747 1197 2811 ante
1230 2739 1323 2836 ipsum

95 2848 276 2922 exanimes
324 2847 608 2945 procumberent.
684 2844 759 2919 Nec
803 2844 970 2940 cuiquam
1022 2845 1162 2924 deinde
1202 2847 1323 2948 propius

94 2957 294 3033 incessendi
320 2986 401 3033 eum
427 2961 566 3033 animus
592 2956 674 3030 fuit:
708 2956 833 3055 procul
856 2955 976 3028 iacula
1013 2959 1245 3060 sagittasque
1267 2958 1324 3031 mit

95 3071 230 3144 tebant.

44 3185 92 3257 20
195 3181 258 3255 Ille
285 3179 332 3253 ad
370 3207 493 3255 omnes
527 3182 618 3254 ictus
655 3179 854 3278 expositus,
895 3201 1007 3274 aegre
1049 3181 1128 3255 iam
1156 3191 1342 3283 exceptun⁹

93 3350 247 3401 locaverant
256 3346 326 3400 Flor.
336 3347 412 3400 EFH
429 3349 478 3401 sed
494 3347 574 3402 iidem
586 3355 615 3401 et
623 3347 695 3400 Flor.
782 3350 806 3412 s.
833 3348 856 3397 ὁ.
909 3360 969 3396 cum
1001 3365 1089 3402 anum
1111 3354 1226 3425 procel]
1278 3347 1323 3403 ll*

94 3415 213 3469 Oetiam
231 3433 297 3485 quae
314 3434 363 3484 pro
382 3435 441 3486 qua.
729 3429 818 3468 omnes
850 3429 907 3464 cam
935 3417 1090 3470 comminor
1119 3419 1199 3488 (sive
1216 3414 1323 3481 mim)

127 3502 184 3538 com
201 3487 246 3537 ille
262 3502 317 3537 rem
334 3503 415 3538 ausus
433 3487 481 3557 est]
521 3484 611 3553 Vulgo
638 3483 693 3536 sine
728 3484 826 3536 anum?
854 3478 938 3560 Aldus
956 3480 987 3534 id
1005 3486 1125 3539 verbum
1143 3489 1244 3559 primm
1259 3483 1322 3544 cledis

92 3563 144 3620 corf
161 3552 250 3623 itaque
258 3551 376 3606 Freinsh.
395 3554 607 3608 coniunctionem
619 3570 693 3604 nam·
727 3556 851 3622 potuerat
863 3557 942 3601 ctiam
953 3556 1060 3617 procul
1074 3554 1187 3626 eiicere,
1205 3566 1233 3612 et
1247 3555 1322 3628 mint}

109 3639 141 3676 uc
166 3621 247 3677 deleri
269 3621 353 3674 iussit.
394 3622 433 3675 At
459 3634 497 3676 est
519 3623 546 3675 in
572 3621 692 3675 omnibus
727 3619 864 3689 corrigere.
915 3616 990 3671 Nam
1008 3621 1065 3676 hoc
1089 3623 1221 3681 videntur
1247 3624 1321 3678 thau

90 3641 164 3745 dbris
181 3709 240 3745 mss.
258 3698 347 3757 extat,
366 3697 396 3742 ut
413 3690 507 3744 mirum
525 3691 558 3745 sit
575 3708 621 3744 cur
637 3689 693 3742 edi-
727 3687 849 3743 voluisse.

91 3767 163 3814 tores
180 3767 235 3813 tam
252 3759 297 3812 diu
315 3759 457 3812 desiderari
473 3760 541 3830 passi
559 3758 619 3812 sint.
762 3761 785 3825 ξ.
805 3763 829 3809 7.
863 3755 952 3808 labore
967 3761 1077 3825 qraoia
1093 3767 1198 3883 quual
1232 3760 1261 3815 1n
1279 3771 1320 3811 nst

127 3833 152 3895 S.
178 3834 203 3883 3.
247 3831 296 3880 init
316 3829 448 3897 pappam]
493 3830 553 3881 iniit
572 3845 692 3896 papnom
725 3835 837 3896 provata
854 3821 906 3903 legi
924 3827 1074 3881 annotavit
1127 3831 1219 3898 odius,
1272 3827 1321 3881 bu·

90 3895 163 3951 Flor.
179 3897 232 3950 ΕΗ
249 3897 368 3949 BermB
391 3896 468 3949 Voss.
487 3903 511 3949 2.
546 3896 616 3948 Tum
628 3913 692 3964 por·
728 3912 786 3948 cum
804 3909 819 3945 e
834 3908 899 3944 mers
917 3908 972 3945 non
992 3899 1137 3953 consentit
1160 3900 1213 3954 nisi
1271 3892 1319 3950 aG:

91 3967 127 4019 sit
143 3964 217 4020 Leid.
238 3965 316 4019 Voss.
337 3973 348 4018 1
368 3965 449 4017 Bern.
459 3964 508 4017 AB
526 3964 599 4017 Flor.
617 3963 691 4017 Assc
728 3963 775 4016 sed
791 3960 874 4031 magis
901 3958 1023 4015 dubitari
1046 3974 1158 4036 potest,
1186 3987 1221 4023 an
1240 3962 1320 4022 omniu

90 4032 152 4099 EG,
169 4041 196 4086 et
214 4034 322 4086 circuiri
338 4041 366 4087 et
379 4032 499 4087 hocloco
513 4040 541 4085 et
558 4048 611 4102 seq.
621 4032 692 4085 Flor.
726 4031 798 4085 istud
814 4030 923 4082 verbum
940 4028 1095 4087 delendum
1113 4036 1162 4104 sit,
1180 4032 1321 4109 quoniame*

90 4099 239 4154 BDEFGI.
262 4100 332 4181 'Seu
345 4117 418 4183 ¹quae
434 4108 592 4188 repetuntur
614 4099 694 4170 paulo
727 4098 791 4170 ipsis
807 4097 889 4152 literis
940 4113 1001 4151 rum
1021 4117 1039 4152 a
1057 4105 1192 4193 proximo
1207 4104 1321 4227 d'ffil

89 4169 694 4306 mamertem?aa..c
727 4168 889 4314 rarat,
907 4163 986 4312 st}
1009 4167 1321 4311 lat-tram

90 4308 162 4380 tant,
189 4305 222 4356 de
249 4322 302 4374 qua
322 4323 351 4358 re
374 4306 401 4358 in
426 4315 565 4377 utramque
590 4314 693 4375 partem
727 4304 826 4358 Mirum
851 4320 879 4354 1n
904 4301 982 4380 horus
1004 4303 1090 4362 libris
1110 4311 1187 4367 Flor.
1207 4310 1255 4366 AB
1268 4302 1322 4361 [eid

90 4369 216 4437 disputari
233 4380 331 4441 potest.
366 4375 443 4428 Unus
463 4376 514 4430 hoc
531 4374 616 4428 altero
635 4374 693 4428 loco
728 4374 807 4426 Bern.
826 4370 850 4422 A
867 4370 929 4422 item
951 4387 980 4422 m
1000 4371 1081 4430 Flor.
1104 4378 1227 4436 GVoss.
1243 4385 1256 4434 2
1270 4370 1322 4429 otiu

89 4436 171 4490 Bern.
188 4438 212 4489 B
230 4442 415 4494 circumveniri.
728 4442 788 4494 edd.
805 4435 964 4511 principibus
993 4459 1053 4496 noa
1077 4448 1160 4503 addi:
1186 4468 1239 4504 aon
1260 4455 1322 4513 W*
