2926 5174
404 370 407 379 ,
436 317 485 368 nn
512 317 639 368 onsns
666 318 774 369 nnnx.
801 320 851 387 rx,
872 317 915 368 24.
1210 301 1283 373 459
1312 362 1318 367 ,

89 526 194 598 ,mque
225 501 379 574 oonfirsis
414 503 562 575 vocibus
593 502 720 575 flentes
752 528 834 576 eum
860 505 1028 594 orabant,
1068 515 1109 578 ut
1140 502 1286 577 tandem

89 614 246 686 {satiatae
283 611 382 685 leudi
419 612 568 686 modum
604 614 752 704 fuceret,
788 640 829 688 ao
871 617 977 688 saluti
1016 641 1117 707 suae,
1157 615 1194 687 id
1233 626 1288 688 est

89 724 225 815 rblicae,
258 734 431 821 parceret.

153 832 263 910 Grata
282 847 360 907 erat
381 836 458 934 regi
480 837 594 933 pietas
615 837 818 910 annnorum.
863 837 989 936 Itaque
1011 839 1169 936 singulos
1188 839 1309 910 fami-2
1315 839 1335 909 5

89 947 168 1018 nius
194 946 380 1044 amplexus
408 946 594 1020 considere
620 949 728 1021 iubet.
781 949 971 1046 Altiusque
998 975 1160 1023 sermone
1186 974 1286 1046 repe·

89 1083 133 1149 o,
174 1056 275 1132 Vobis
307 1059 458 1157 quidem,
498 1059 627 1155 inquit,
671 1085 689 1133 o
713 1060 883 1156 fidissimi
911 1060 1126 1159 piissimique
1163 1061 1285 1134 civium

89 1195 142 1267 pue
168 1170 366 1262 amicorum,
396 1182 510 1270 protes
541 1196 604 1268 apo
635 1171 811 1270 debeoque,
850 1197 918 1245 uon
947 1171 1055 1245 solum
1081 1173 1283 1263 eonomine,

89 1280 136 1353 od
159 1280 255 1353 inedie
279 1281 419 1355 salutem
444 1305 553 1354 meum
578 1295 704 1356 vestrae
725 1283 943 1381 praeponitis,
969 1283 1029 1356 sed
1054 1284 1144 1382 quod
1168 1309 1191 1356 a
1210 1285 1285 1380 pri·

89 1390 185 1464 >relies
210 1391 285 1464 belli
308 1393 437 1465 nullum
468 1418 548 1492 erpo
579 1418 631 1467 me
661 1393 891 1468 beniuolentiae
916 1394 1046 1493 pipuus
1077 1408 1174 1492 etque
1199 1393 1285 1466 iudi·

89 1528 140 1574 rm,
158 1503 328 1594 mammis,
363 1504 447 1578 adeo
473 1517 510 1576 ut
539 1504 756 1600 confitendum
787 1505 843 1596 sit,
877 1532 1050 1605 uunquam
1075 1505 1158 1578 milei
1181 1505 1284 1601 pimm

89 1639 153 1686 um
174 1613 288 1714 fuisse
313 1628 380 1688 tom
408 1641 538 1707 earam,
572 1643 673 1716 quum
699 1640 767 1689 esse
793 1618 911 1716 eoepit,
948 1629 985 1689 ut
1008 1616 1098 1690 vodis
1123 1615 1184 1688 diu
1204 1617 1285 1717 frui

89 1726 178 1800 ssim
236 1722 388 1800 Ceterum
413 1752 481 1800 uon
506 1729 622 1802 eodem
648 1740 695 1802 est
719 1726 868 1825 capitatio
894 1753 1022 1817 eorum,
1055 1727 1113 1826 qui
1137 1752 1205 1825 pro
1231 1752 1284 1800 me

89 1839 130 1911 iri
155 1849 277 1936 optant,
303 1851 333 1910 et
356 1863 452 1912 nuo:
492 1843 550 1937 qui
582 1838 715 1938 quidem
745 1838 830 1910 dom
862 1837 1110 1912 benivolentium
1142 1851 1285 1912 vestram

89 1960 160 2022 tute
185 1950 346 2024 meruisse
371 1975 424 2024 me
450 1948 570 2023 iudico.
633 1948 702 2024 Vos
727 1949 814 2022 euim
848 1951 1043 2023 diuturnum
1063 1951 1217 2049 fructum
1244 1975 1285 2023 eu

89 2083 103 2150 r,
127 2059 281 2160 forsitan
299 2060 404 2156 *enam
425 2072 634 2159 perpetuum,
660 2059 835 2158 percipere
861 2060 1020 2159 cupiatis:
1058 2084 1116 2159 epo
1141 2085 1193 2133 me
1219 2086 1283 2135 me-

89 2197 105 2243 r
138 2195 207 2244 nori
242 2173 356 2246 aeteus
390 2173 516 2271 spatio,
556 2172 617 2246 sed
646 2171 783 2270 pieriae.
840 2171 954 2246 Iieud
980 2172 1134 2268 paternis
1168 2173 1284 2270 opibus

89 2294 185 2356 uento
217 2283 308 2356 imru
338 2283 557 2358 Moeedmme
594 2283 748 2358 terminos
779 2308 846 2381 per
877 2284 979 2357 otium
1010 2283 1157 2382 eorporis
1188 2309 1283 2382 eipe-

91 2504 150 2552 ‚15.
186 2502 334 2553 eusotiotae
352 2503 437 2569 laudi]
468 2498 647 2553 Modiimem·
681 2498 749 2553 siout
774 2501 874 2571 primus
899 2499 984 2554 edidit
1009 2499 1108 2555 Iunius.
1154 2501 1208 2554 Sed
1233 2502 1284 2556 hoe

89 2583 138 2620 nae
156 2566 273 2636 Sigeber
292 2584 365 2622 enses
383 2587 414 2622 es
432 2571 562 2631 sonitore,
584 2566 647 2620 item
681 2569 786 2648 quidem
808 2569 916 2622 videtur
941 2585 1047 2622 necesse
1072 2585 1142 2636 esse,
1169 2578 1198 2623 et
1215 2570 1283 2624 veri-

89 2635 125 2688 t-ri
141 2635 216 2691 Flor.
239 2636 264 2688 D
295 2636 321 2698 1,
349 2647 372 2690 et
390 2656 421 2690 ex
439 2640 558 2690 sotietate
575 2635 647 2689 Flor.
681 2635 765 2689 simile
787 2637 831 2704 fit,
864 2656 923 2692 cum
949 2648 1038 2706 optent
1064 2639 1220 2707 praecedat,
1248 2640 1282 2692 ob

111 2704 196 2758 Bern.
216 2704 240 2756 B
264 2704 357 2774 quibus
379 2705 485 2759 accedit
512 2704 598 2757 Pell
623 2713 647 2757 et
681 2704 749 2757 illius
775 2705 850 2758 verbi
868 2714 1012 2758 extremam
1034 2704 1151 2758 litteram
1172 2723 1282 2777 sequen-

89 2775 184 2837 tietote,
204 2774 360 2827 ersaeietate
376 2774 449 2827 Flor.
468 2775 506 2836 A,
529 2784 552 2826 et
569 2774 647 2825 sou'e-
680 2780 734 2825 tem
747 2773 964 2827 coniunctionem
978 2772 1113 2826 excidisse.
1148 2773 1203 2826 Sed
1212 2775 1283 2844 quod

109 2843 200 2894 laudis
224 2841 304 2894 Voss.
318 2848 342 2894 2.
376 2843 419 2896 Ea
441 2841 529 2895 omnia
552 2840 647 2894 vitiosa
680 2840 801 2911 sequitur
819 2853 842 2894 et
860 2844 975 2911 quiniou,
998 2857 1030 2893 eo
1053 2840 1159 2895 videtur
1176 2844 1281 2909 ducere,

89 2917 108 2963 t.
143 2910 239 2962 Laudi
262 2911 370 2962 modum
391 2911 479 2964 faeere
501 2916 577 2980 patet
594 2907 646 2961 dici
680 2917 711 2961 ut
729 2911 845 2979 equidem
863 2910 1027 2962 scribendum
1049 2925 1170 2976 censens,
1198 2928 1282 2980 quon-

101 2977 190 3030 laudis
209 2977 365 3046 cupiditati,
388 2995 457 3049 quae
479 2979 579 3030 dudum
599 2994 646 3030 ex·
679 2977 732 3028 iam
749 2993 781 3029 ea
802 2978 857 3030 fere
880 2977 982 3030 ratione
1003 2977 1060 3028 fieri
1079 2977 1146 3030 solet
1163 2977 1190 3031 in
1208 2986 1282 3030 vete-

89 3063 118 3113 a,
137 3045 283 3111 exsatiata,
301 3063 356 3099 esse
373 3047 492 3100 debebat
504 3046 646 3100 secundum
680 3045 751 3097 ribus
778 3044 857 3098 libris.
897 3045 951 3098 Sed
974 3053 1099 3115 apparet,
1130 3045 1280 3113 discrimen,

89 3132 143 3168 mm
162 3113 328 3184 opinionem.
680 3115 750 3183 quod
765 3113 835 3166 inter
852 3120 992 3184 utramque
1009 3112 1176 3181 sententiam,
1200 3113 1281 3184 ipsius

89 3188 146 3236 .17.
174 3200 230 3234 uon
249 3185 332 3235 solum
350 3201 379 3237 eo
395 3185 509 3250 nomine]
522 3182 646 3235 -Primum
679 3191 708 3235 et
725 3180 874 3248 amicorum,
891 3182 1021 3235 interesse
1039 3182 1103 3234 dicit
1119 3182 1280 3251 Alexander,

89 3250 205 3321 i(ante
228 3249 305 3319 Ald.)
332 3260 360 3304 et
384 3270 445 3305 mss.
473 3268 563 3305 omnes
592 3268 646 3303 meo
681 3267 735 3303 non
752 3250 849 3320 exponi
865 3249 915 3303 nisi
931 3250 993 3303 inde
1011 3251 1045 3302 ab
1059 3259 1186 3320 sequente
1204 3253 1280 3318 euim,

89 3321 155 3386 une,
183 3319 260 3388 quod
278 3318 370 3372 falsum
387 3337 444 3373 esse
465 3327 493 3372 et
515 3317 648 3390 applicata
681 3326 708 3370 et
728 3335 805 3389 posse
826 3326 907 3398 atque
928 3320 995 3372 adeo
1018 3319 1115 3372 debere
1137 3321 1172 3372 ad
1193 3318 1280 3390 expli-
1332 3336 1334 3340 ·

89 3404 158 3440 ema
170 3385 274 3457 prioris
283 3387 353 3440 vocis
364 3388 442 3442 litera
455 3396 552 3454 ortum,
570 3386 647 3440 facile
680 3387 790 3439 candem
811 3403 881 3456 regis
904 3387 1049 3441 orationem
1071 3394 1159 3440 totum
1185 3389 1235 3441 hoo
1248 3399 1282 3441 ¹et

89 3456 209 3526 lligitur.
246 3453 347 3508 Similia
363 3456 424 3509 vide
441 3455 468 3508 in
483 3455 573 3509 Indice
591 3473 645 3508 av.
680 3457 780 3524 quidem
798 3458 866 3509 ione
883 3457 1075 3510 benivolentiam
1096 3467 1208 3510 vestram
1230 3459 1281 3509 air-

89 3541 163 3578 erae.
418 3575 420 3580 ,
681 3535 732 3577 tute
746 3527 869 3577 meruisse
882 3542 920 3577 me
934 3526 1021 3578 iudico
1034 3523 1198 3578 interiectum
1207 3525 1281 3594 quusi

89 3594 141 3647 »bis
154 3592 235 3661 frui]
280 3592 330 3643 Vos
353 3592 435 3646 edidit
452 3591 572 3658 Modius,
598 3592 645 3644 sed
679 3608 728 3663 per
745 3592 921 3662 parenthesim
939 3594 1038 3664 putari.
1059 3593 1155 3662 Itaque
1169 3602 1199 3647 ut
1212 3611 1281 3648 nunc

89 3660 230 3716 soodices
249 3657 355 3727 laudat,
377 3678 467 3714 eorum
485 3659 581 3713 similes
598 3677 644 3712 ex-
678 3678 720 3713 res
737 3669 787 3727 est,
806 3661 919 3728 Iunium,
945 3662 989 3732 qui
1006 3663 1053 3731 qui
1070 3664 1173 3730 quidun
1191 3679 1299 3713 emen·

103 3748 163 3783 non
183 3725 370 3806 comperimus.
405 3729 502 3782 Sensus
524 3728 576 3783 loci
601 3728 644 3782 hic
679 3729 766 3795 davit,
790 3729 883 3782 sinon
900 3746 977 3797 vere,
999 3739 1028 3783 at
1044 3728 1221 3782 verisimiliter
1238 3737 1279 3781 ta-
1324 3779 1326 3783 .

102 3797 167 3852 vita
188 3795 258 3848 mihi
280 3812 338 3848 mea
353 3816 406 3851 non
423 3815 471 3850 sua
488 3815 565 3851 causa
583 3813 644 3850 cara
677 3815 738 3851 men
751 3799 903 3852 emendasse
916 3816 1016 3852 censeo.
1053 3797 1179 3852 Ceterum
1192 3807 1279 3849 oestro

101 3867 156 3921 aed
176 3873 305 3932 tempore
320 3865 376 3918 fieri
394 3865 496 3936 coepit,
523 3883 582 3919 oum
599 3882 643 3917 ve·
677 3885 726 3936 pro
745 3876 856 3919 vestram
873 3866 901 3918 in
918 3865 1035 3936 plurimis
1052 3882 1113 3917 mss.
1124 3873 1152 3918 et
1169 3865 1197 3917 in
1215 3863 1278 3917 edit.

89 3954 110 3988 n
128 3948 259 3987 amorem
277 3949 467 4002 cognoscerem,
486 3950 571 4004 eoque
585 3933 642 3986 diu-
677 3934 739 3988 olim
755 3933 888 4004 impressis
905 3934 1011 4004 legitur,
1029 3950 1278 4003 parumacoommo-

93 4002 155 4057 frui
173 3999 285 4054 vellem.
678 4004 739 4056 date
757 4003 791 4054 sd
808 4003 912 4055 laudem
929 4001 1008 4071 regis.

101 4077 149 4125 18.
189 4079 216 4120 et
241 4083 316 4118 meo:
341 4071 384 4138 qui
405 4061 519 4140 qiidam]
554 4068 641 4122 Locus
704 4072 842 4140 percipere
860 4073 981 4139 cupiatis]
1013 4068 1058 4122 Sic
1074 4066 1138 4120 edit.
1156 4068 1277 4138 princeps

89 4139 142 4195 n'lis
162 4144 211 4190 est
229 4135 343 4188 necdum
359 4137 420 4190 satis
438 4136 503 4190 mihi
520 4137 641 4207 explora·
675 4146 704 4191 et
725 4140 800 4192 oodd.
822 4139 877 4191 fere
898 4155 997 4204 omnes,
1023 4137 1117 4205 cupitis
1139 4138 1276 4206 percipere

96 4207 174 4261 Mss.
190 4201 319 4321 pleripus
336 4222 416 4259 meam
434 4217 458 4259 et
475 4207 578 4275 quidem
595 4213 641 4258 ex·
674 4211 775 4261 Vosne
794 4207 865 4260 Flor.
883 4206 939 4273 DI,
961 4206 1031 4258 unde
1047 4203 1132 4256 Aldus
1155 4204 1275 4257 indicati-

89 4285 127 4343 ιι,
148 4271 260 4344 pauci(
284 4269 421 4326 allFlor.
429 4274 489 4341 EF)
499 4291 557 4327 oum
566 4274 640 4326 editt.
675 4293 736 4327 vum
753 4275 781 4328 in
798 4283 903 4328 textum
922 4273 1027 4344 recepit.
1062 4271 1116 4325 Sed
1130 4273 1275 4326 coniuncti-

106 4359 204 4398 meom
224 4340 338 4409 quidem,
355 4340 467 4394 Bern.B
486 4342 556 4394 Flor.
571 4341 640 4394 DHI
675 4361 737 4394 vum
758 4345 863 4395 modum
887 4359 946 4395 curn
968 4358 1016 4411 per
1037 4356 1065 4392 se
1086 4339 1156 4393 ferre
1178 4341 1274 4398 debea-

89 4432 101 4466 τ
126 4409 274 4482 equidem,
304 4423 369 4460 unus
387 4410 496 4464 Voss.2
522 4420 550 4463 et
573 4427 639 4478 meo,
674 4429 741 4478 mus,
759 4407 1132 4479 tumoommendatpartioula
1147 4409 1273 4476 forsitan.
