2926 5174
512 306 560 356 na
587 303 714 367 onsrrs
740 304 849 357 anax.
875 307 928 376 nr,
954 286 992 352 a'
1336 296 1357 365 5

91 513 199 589 rquens.
263 485 390 560 Tunc
436 488 600 564 habebat
636 489 793 562 nobilem
834 488 1016 586 quondam
1049 488 1167 566 Midae
1206 498 1357 594 regiam:

105 599 252 677 Gordium
279 623 448 671 nomen
478 608 535 671 est
558 599 655 690 urbi,
682 625 790 697 quam
816 596 1008 698 Sangarius
1035 604 1148 676 amnis
1174 604 1356 699 interfluit,

104 713 161 812 pari
173 710 383 784 intervallo
404 708 567 783 Pontico
595 719 631 783 et
651 707 771 783 Cilicio
796 711 888 782 mari
907 709 1109 786 distantem.
1151 714 1249 790 Inter
1267 719 1357 792 haec

104 823 191 896 naria
215 820 546 919 angustissimum
564 818 672 894 Asiae
699 821 858 927 spatium,
881 846 959 895 esse
986 825 1233 921 comperimus,
1259 837 1356 901 utro-

105 959 156 1032 que
176 934 211 1006 in
243 942 356 1005 artas
389 932 526 1004 fauces
553 932 786 1029 compellente
812 941 956 1007 terram.
1011 930 1111 1022 Quae
1138 937 1220 1032 quia
1246 940 1356 1012 conti·

104 1045 183 1118 nenti
205 1043 412 1132 adhaeret,
447 1041 517 1115 sed
537 1067 666 1139 magna
693 1051 868 1141 exparte
895 1043 1048 1140 cingitur
1073 1045 1251 1139 fluctibus,
1278 1075 1355 1148 spe·

105 1157 175 1228 ciem
196 1155 344 1228 insulae
366 1154 547 1252 praebet,
573 1177 614 1225 ac
632 1154 700 1226 nisi
721 1162 830 1227 tenue
849 1152 1038 1227 discrimen
1057 1156 1237 1250 obiiceret,
1264 1186 1355 1257 quae

105 1291 183 1339 nunc
206 1264 342 1338 dividit
371 1263 515 1355 maria,
542 1264 789 1337 committeret.

91 1397 97 1441 r
194 1375 430 1465 Alexander,
461 1375 554 1448 urbe
579 1377 615 1447 in
643 1373 819 1447 dicionem
845 1400 948 1448 suam
973 1374 1130 1467 redacta,
1157 1376 1253 1452 Iovis
1267 1389 1354 1453 tem-

111 1487 189 1582 plum
209 1487 336 1577 intrat.
362 1489 368 1498 ’
399 1483 636 1576 Vehiculum,
669 1511 739 1582 quo
768 1481 941 1560 Gordium
966 1485 1086 1560 Midae
1120 1497 1261 1585 patrem
1295 1517 1354 1566 ve·

109 1610 185 1669 ctum
208 1624 288 1672 esse
318 1596 543 1686 constabat,
575 1597 727 1695 aspexit,
760 1598 859 1669 cultu
883 1596 982 1671 haud
1009 1622 1095 1670 sane
1122 1623 1144 1670 a
1169 1600 1354 1676 vilioribus

91 1710 315 1806 rudgatisque
344 1732 428 1781 usu
459 1706 667 1782 abhorrens.
719 1704 886 1782 Notabile
914 1724 992 1781 erat
1017 1709 1141 1807 iugum
1166 1714 1354 1786 astrictum

106 1820 333 1916 compluribus
371 1815 494 1891 nodis
527 1816 563 1888 in
601 1818 811 1915 semetipsos
842 1818 1046 1916 implicatis,
1083 1827 1120 1891 et
1156 1821 1353 1896 celantibus

104 1952 208 2003 nexus.
263 1928 412 2002 Incolis
452 1926 582 2001 deinde
615 1928 891 2019 affirmantibus,
927 1927 1060 2001 editam
1093 1952 1172 2001 esse
1208 1933 1352 2004 oraculo

106 2050 228 2132 sortem,
256 2040 379 2113 Asiae
398 2037 626 2140 ‚potiturrnn
663 2038 721 2135 qni
745 2037 994 2135 inexplicabile
1020 2039 1203 2111 vinculum
1229 2041 1353 2113 solvis·

106 2160 154 2242 set,
178 2152 311 2251 cupido
342 2148 507 2224 incessit
533 2149 650 2222 animo
677 2148 784 2221 sortis
811 2148 886 2222 eius
912 2148 1124 2247 implendae.
1171 2148 1273 2225 Circa
1298 2176 1352 2225 re·

132 2354 150 2419 ξ.
166 2359 201 2406 12.
224 2354 345 2406 nobilem
369 2350 515 2419 quondam
537 2350 587 2403 hoc
612 2349 712 2417 ordine,
748 2365 853 2402 causam
861 2348 939 2402 video
947 2350 1055 2416 nullam,
1069 2350 1119 2404 nisi
1127 2349 1271 2404 ubiversns
1281 2367 1351 2404 com·

107 2435 177 2472 onnes
185 2419 375 2485 coddnostri,
395 2416 575 2488 etiamhiqui
584 2419 713 2470 civitatem
747 2416 842 2486 positio
863 2417 983 2488 imperat.
1019 2419 1089 2473 Vide
1112 2419 1287 2473 cellarianam
1308 2437 1351 2472 or·

107 2484 477 2556 refiomadiectainutiliinte
510 2484 713 2539 retationescri-
747 2485 932 2554 thogmphiam
955 2489 988 2540 ab
1006 2487 1129 2540 Harlesio
1151 2487 1249 2540 editam
1273 2488 1351 2541 Tom.

107 2554 483 2623 bunt,Flor.DEFHlBern.
524 2554 590 2621 ;sed
604 2553 713 2606 eddin-
747 2568 778 2606 11.
796 2571 822 2633 p.
841 2560 874 2607 38
896 2563 925 2608 et
942 2562 992 2608 259
1011 2573 1067 2626 sqq.
1103 2555 1170 2608 Mox
1192 2573 1259 2626 quoe
1281 2575 1351 2610 nnnc

108 2623 229 2679 daaVind.
239 2630 386 2696 qnondam
397 2623 526 2676 nobilem.
748 2622 842 2674 dividit
859 2625 945 2676 morio
960 2623 1132 2678 collocatione
1149 2626 1289 2678 verborum
1306 2643 1350 2679 ro·

136 2693 248 2748 Gordium
269 2711 375 2750 nomen
412 2698 455 2744 est
482 2692 552 2758 orbo]
584 2690 627 2743 De
659 2690 712 2743 situ
747 2689 870 2743 tundiore
895 2709 975 2762 quam
1001 2709 1053 2763 quo
1078 2694 1164 2745 adhuc
1185 2693 1286 2745 editum
1309 2700 1351 2746 est

109 2757 182 2816 Gordli
194 2763 311 2822 similiter
321 2760 431 2816 Livius
462 2757 508 2810 lib.
517 2773 644 2825 xxxvm,
665 2765 711 2812 18:
746 2760 834 2810 maria
852 2777 918 2828 qnae
934 2779 1004 2813 nnnc
1018 2762 1121 2828 dividit,
1139 2759 1350 2815 Parmense

109 2830 150 2881 trio
157 2834 232 2886 moria
242 2835 311 2902 pori
309 2835 417 2903 ferme
429 2827 563 2880 distantia
574 2829 711 2880 intervallo
746 2826 825 2879 Bern.
844 2831 870 2879 A
888 2835 916 2880 et
933 2828 1008 2881 Leid.
1026 2830 1103 2883 Voss.
1124 2838 1146 2882 l.
1165 2835 1190 2882 2.

109 2897 174 2962 labet,
185 2902 396 2972 Hellespontum,
414 2898 460 2948 ad
469 2895 594 2964 Sinopen,
610 2905 633 2947 et
647 2897 712 2949 alte·
781 2898 804 2962 ξ.
825 2903 865 2949 14.
903 2899 931 2948 in
958 2899 1084 2950 dicionem
1109 2901 1195 2965 soom]
1221 2896 1293 2951 Editi
1320 2899 1349 2950 in

109 2965 306 3034 riaooroelitorn,
325 2983 406 3038 quae
422 2963 525 3016 Cilices
535 2965 662 3016 maritimi
672 2982 711 3017 co·
737 2981 822 3036 'suem
841 2966 977 3017 ditionem:
1001 2983 1048 3018 nos
1067 2965 1095 3017 in
1113 2964 1271 3018 collocandis
1289 2981 1348 3018 ver·

112 3032 164 3085 lunt.
178 3035 224 3089 Sed
232 3039 332 3092 cautius
339 3032 461 3097 Livius,
477 3032 549 3100 quod
548 3034 638 3101 fenne
646 3031 711 3084 adii-
746 3028 786 3081 bis
803 3030 884 3083 Bern.
903 3039 1045 3101 utrumque
1067 3039 1095 3083 et
1111 3032 1182 3084 Flor.
1201 3049 1290 3085 omnes
1308 3049 1348 3086 se·

114 3097 151 3151 cit.
162 3101 213 3157 llec
224 3109 286 3175 qnod
299 3105 414 3160 deinde
432 3105 528 3152 noster
537 3100 619 3152 tradit
628 3101 661 3152 de
671 3109 710 3152 te·
747 3097 802 3150 cuti
819 3103 916 3166 sumus,
935 3100 1002 3151 adde
1019 3099 1093 3151 Leid.
1107 3099 1184 3152 Voss.
1202 3106 1227 3152 2.
1245 3099 1288 3151 De
1306 3118 1348 3152 or·

115 3167 712 3234 nuidiscrimineintermaria,adveritatemre-
748 3165 905 3246 thographia
922 3166 996 3220 verbi
1010 3165 1194 3237 antiquissimis
1202 3167 1349 3247 quibusque

115 3239 240 3309 roardum,
249 3244 346 3298 suffieit
357 3237 448 3312 quod
458 3236 657 3306 nusquamAsia
665 3255 711 3289 an·
747 3236 859 3288 testrbus
885 3237 1030 3307 parendum
1060 3234 1161 3289 censui:
1193 3238 1253 3289 vide
1279 3252 1349 3290 nnnc

111 3306 196 3383 glutior
206 3319 246 3364 est.
269 3312 416 3366 Ceterum
434 3304 595 3372 Sangarium
608 3322 711 3358 amnem
746 3303 874 3372 Wagneri
893 3305 1011 3374 orthogr.
1024 3304 1212 3375 Vergilionem.
1238 3304 1348 3359 Codices

109 3377 233 3444 inteficere
242 3379 383 3434 Gordium
394 3371 519 3442 scripsit,
531 3372 624 3425 sifides
639 3373 711 3426 libris
746 3371 850 3441 quidem
869 3374 990 3427 Curtiani
1012 3373 1037 3427 h.
1055 3373 1072 3426 l.
1095 3373 1160 3443 pleri
1179 3391 1214 3427 ue
1231 3383 1241 3426 t
1257 3374 1348 3427 littera

106 3458 157 3494 mss.
166 3444 280 3516 habenda,
297 3440 534 3520 quandoquidem
544 3443 711 3510 praeterfluit
746 3440 872 3509 scribunt,
892 3443 1029 3495 dictionem
1046 3442 1117 3495 Flor.
1130 3391 1180 3494 Illq
1180 3442 1221 3496 HI
1238 3444 1347 3510 habent,

106 3509 198 3567 innullo
205 3533 320 3570 meorum
331 3519 458 3585 praeter
466 3509 710 3561 Ber'nensemAle-
746 3510 871 3562 dicionem
890 3528 957 3562 unus
966 3509 1001 3573 D,
1018 3511 1144 3591 atquesic
1160 3529 1240 3564 manu
1256 3527 1347 3564 recen·

104 3578 178 3646 gitnn
191 3581 278 3638 Graeci
294 3583 458 3652 scriptores
468 3576 566 3630 Strabo
581 3577 710 3629 etArria-
745 3576 813 3629 tiore
830 3576 976 3631 coniectum
994 3587 1035 3632 est
1052 3598 1080 3631 1n
1097 3579 1177 3631 Bern.
1195 3581 1229 3632 A.

104 3650 488 3722 nmcnnintndlayyaolqr
498 3645 660 3712 dicunt‚rem
670 3645 710 3697 in-
780 3647 943 3715 oolqntioqoe
957 3648 1019 3716 nso]
1038 3647 1113 3699 Nihil
1144 3666 1232 3701 rorsus
1241 3650 1348 3701 mutant

103 3705 362 3792 certamrelinqriunt.
468 3779 474 3791 ¹
745 3714 819 3766 codd.
837 3731 956 3768 masnec
973 3731 1038 3784 opus
1056 3723 1098 3768 est
1114 3667 1169 3768 ulla
1186 3717 1346 3769 mutatione:

134 3787 154 3851 ξ.
168 3793 200 3840 13.
214 3792 329 3843 obiceret
350 3786 405 3838 sim
430 3781 476 3833 licr
489 3781 603 3834 litterai
619 3799 709 3834 omnes
744 3782 791 3832 sed
807 3782 871 3836 edit.
888 3801 927 3853 pr.
946 3785 1109 3853 calcatisque
1125 3785 1226 3851 usibus,
1248 3783 1348 3836 Aldina

102 3848 232 3910 Florentini
245 3866 273 3911 et
289 3858 385 3910 Bern.
442 3867 502 3902 cum
511 3849 586 3904 Leid.
602 3848 709 3903 Vossia-
744 3852 907 3920 vulgatisque
934 3853 1062 3905 cornibus.
1097 3854 1163 3905 Inde
1190 3852 1270 3905 semel
1299 3869 1346 3920 op·

103 3919 349 3996 uisque(sicexplico
359 3916 708 3997 notamVoss.apndSnak.
744 3919 908 3986 portunitate
931 3918 1079 3988 corrigendi
1101 3921 1180 3986 data,
1200 3919 1346 3973 Glareanus

104 4002 149 4040 non
157 3993 239 4046 addito
248 3993 519 4058 numero),eamque
528 3985 658 4039 scrrbendi
666 4003 708 4038 ra·
744 3988 906 4056 onlqotisqne
923 3989 1055 4052 vehiculis,
1079 3989 1204 4042 Erasmus
1222 3988 1347 4054 onlqotis-

104 4055 190 4111 tionem
198 4069 357 4115 constanter
373 4058 405 4110 in
420 4053 542 4107 omnibus
554 4054 641 4106 verbis
651 4072 710 4106 cunr
762 4072 793 4106 ue
818 4058 892 4123 aisn,
919 4055 1075 4124 Rutgersius
1101 4057 1250 4124 solymique
1272 4072 1345 4121 osas,

105 4129 202 4204 eoquod
210 4139 250 4182 est
259 4132 336 4183 iocio
347 4121 709 4192 compositisseqnuntnr‚si-
773 4122 867 4176 einsius
893 4125 1061 4192 onlqorisqoe
1092 4141 1156 4176 usos
1187 4122 1345 4177 maluerunt.

106 4200 151 4244 cntr
159 4194 264 4265 Vergilii
276 4193 428 4263 exemplar
443 4189 592 4244 Mediceum
605 4206 639 4242 ne
652 4197 709 4242 tum
745 4189 799 4243 Sed
824 4200 898 4245 recte
924 4190 1015 4257 lunius
1037 4192 1162 4245 librorum
1189 4190 1346 4260 scripturam

107 4260 196 4376 quidem
204 4265 326 4318 litteram
336 4279 402 4314 eam
412 4256 539 4326 duplicat,
554 4256 601 4309 ubi
614 4257 710 4327 positio
744 4258 904 4313 restituerat.

123 4336 139 4378 t.
154 4331 247 4385 Verum
259 4351 322 4386 eam
338 4325 480 4383 scribendi
494 4326 650 4378 tarditatem
664 4343 711 4378 cur
779 4330 802 4395 ς.
822 4335 861 4382 16.
898 4329 991 4396 cupido
1008 4328 1115 4380 incessit
1132 4329 1231 4398 naimo]
1249 4325 1346 4380 Variat

109 4390 173 4451 hodie
191 4400 216 4454 in
232 4400 350 4455 edendis
369 4392 546 4465 scriptoribus
568 4392 709 4461 imitemur,
745 4396 966 4451 constructionem
983 4395 1057 4448 verbi
1076 4394 1195 4449 Curtius:
1221 4393 1345 4464 namqui
