2926 5174
187 295 263 364 414
657 315 691 377 o.
720 314 844 366 ouaru
869 317 953 366 narr

185 498 252 572 sibi
277 497 411 570 maiore
448 498 600 570 militum
626 524 732 594 quam
767 500 959 596 agrestium
996 524 1108 571 manu
1136 525 1233 597 opus
1267 525 1411 575 essere

185 609 338 707 spondit.
389 609 560 682 Abisares
601 621 637 682 et
662 608 777 682 Porus
804 621 922 701 erant,
962 609 1024 683 sed
1049 611 1088 682 in
1115 609 1218 684 Poro
1255 613 1413 686 eminebat
1426 633 1442 679 1³

185 721 388 794 auctoritas.
435 709 606 818 ⁴Uterque
638 723 733 794 ultra
757 719 954 819 Hydaspen
989 747 1135 795 amnem
1163 724 1355 821 regnabat,
1387 734 1414 796 et

184 833 269 905 belli
294 834 490 922 fortunam,
518 833 674 930 quisquis
702 859 801 905 arma
826 833 986 924 inferret,
1018 834 1180 931 experiri
1214 834 1414 909 decreverat.

187 941 347 1042 Omphis,
374 946 602 1042 permittente
628 944 848 1036 Alexandra,
875 956 911 1020 et
935 947 1073 1043 regium
1099 946 1248 1044 insigne
1276 949 1416 1045 sumpsit,
1428 967 1447 1009 1⁴

68 1140 71 1146 ⁸
186 1066 223 1128 et
248 1081 348 1128 more
374 1058 491 1154 gentis
519 1082 604 1130 suae
635 1082 785 1147 nomen,
826 1056 923 1153 quod
947 1058 1059 1155 patris
1092 1058 1229 1131 fuerat.
1285 1057 1417 1132 Taxilen

187 1169 412 1266 appellavere
439 1168 640 1266 populares,
668 1177 839 1265 sequente
856 1169 999 1241 nomine
1024 1170 1234 1266 imperium,
1261 1172 1300 1243 in
1318 1196 1418 1268 quem·

187 1304 325 1375 cunque
364 1280 542 1352 transiret.
607 1279 721 1378 Igitur
769 1305 851 1352 cum
890 1305 955 1376 per
995 1278 1164 1352 triduum
1209 1282 1447 1379 hospitalitas

192 1389 433 1463 Aexandrum
470 1393 681 1490 accepisset,
721 1403 849 1488 quarto
882 1390 939 1463 die
972 1402 1008 1463 et
1043 1402 1229 1488 quantum
1266 1394 1417 1467 frumenti

187 1503 312 1600 copiis,
345 1527 433 1599 quas
464 1500 709 1601 Hephaestion
746 1502 915 1595 duxerat,
953 1503 1160 1600 praebitum
1197 1530 1221 1577 a
1257 1530 1297 1578 se
1332 1515 1417 1594 esset,

186 1612 354 1703 ostendit,
381 1624 418 1686 et
442 1640 569 1687 aureas
596 1640 745 1687 coronas
771 1615 839 1712 ipsi
866 1614 1055 1710 amicisque
1082 1616 1269 1707 omnibus,
1295 1627 1417 1715 praeter

185 1725 273 1798 haec
300 1725 428 1820 signati
460 1727 600 1824 argenti
633 1749 737 1799 nxxx
768 1727 904 1798 talenta
936 1724 1029 1798 dono
1058 1725 1173 1800 dedit.
1232 1726 1444 1817 Quassus

185 1836 323 1935 gnitate
350 1836 424 1908 eius
450 1836 658 1910 Alexander
683 1837 771 1909 mire
797 1836 931 1927 laetus,
959 1848 994 1909 et
1020 1862 1114 1932 quae
1142 1839 1174 1911 is
1203 1839 1354 1914 dederat
1375 1864 1413 1911 re

184 1948 298 2037 misit,
332 1958 369 2019 et
394 1948 490 2021 mille
521 1951 657 2022 talenta
690 1974 737 2022 ex
763 1947 914 2046 praeda,
946 1973 1052 2045 quam
1089 1951 1265 2042 vehebat,
1293 1951 1412 2040 adiecit,

185 2059 368 2155 multaque
395 2061 592 2134 convivalia
625 2086 672 2133 ex
711 2086 799 2132 auro
839 2069 876 2131 et
901 2070 1049 2157 argento
1090 2087 1200 2154 vasa,
1244 2065 1413 2162 plurimun

186 2169 351 2243 Pe'rsicae
377 2172 498 2261 vastia,
525 2195 604 2243 xxx
633 2197 742 2270 equos
769 2196 816 2243 ex
843 2171 931 2261 suia,
958 2196 1038 2244 cum
1063 2171 1197 2246 iisdem
1225 2176 1413 2272 insignibus,

188 2281 267 2377 quis
295 2293 537 2372 assueverant,
565 2308 645 2355 cum
670 2285 788 2382 ipsum
807 2280 989 2355 veherent.
1035 2280 1139 2371 Quae
1167 2287 1361 2361 hberalitas
1382 2287 1413 2358 si·
1425 2301 1442 2346 1¹

191 2400 251 2463 out
282 2391 475 2480 barbarum
510 2394 772 2483 obstrinxerat,
810 2393 862 2466 ita
889 2395 1018 2467 anticos
1057 2394 1175 2491 ipsius
1203 2400 1413 2472 vehementer

189 2501 348 2574 offendit.
401 2503 586 2601 Equibus
612 2504 809 2602 Meleager,
844 2531 950 2604 super
985 2530 1136 2579 coenam
1170 2510 1328 2609 largiore
1350 2508 1413 2580 vino

132 2620 135 2624 ’
190 2639 293 2704 usus,
330 2617 501 2712 gratulari
534 2642 573 2688 se
599 2615 807 2689 Alexandro
835 2615 944 2709 dixit,
978 2615 1074 2713 quod
1104 2621 1242 2696 saltem
1277 2623 1313 2694 in
1335 2617 1413 2692 India

185 2719 406 2824 'repperisset
430 2728 577 2826 dignum
602 2726 746 2799 talentis
773 2728 879 2800 mille.
925 2727 1014 2817 Rex,
1040 2728 1142 2801 haud
1169 2733 1307 2806 oblitus
1331 2739 1441 2828 quault

189 2863 295 2936 aegre
321 2839 471 2929 tulisset,
500 2838 596 2935 quod
624 2838 754 2912 Clitum
780 2839 827 2911 ob
853 2841 993 2937 linguae
1019 2842 1274 2917 temeritatem
1299 2839 1413 2917 occidis·

189 2960 260 3040 set,
292 2951 383 3022 iram
415 2952 559 3048 quidem
584 2951 717 3041 tentrit,
753 2948 818 3023 sed
844 2949 951 3041 dixit,
982 2948 1127 3023 invidos
1156 2953 1324 3029 homines
1350 2949 1413 3026 nihil

187 3061 303 3152 aliud,
332 3089 438 3159 quam
464 3065 624 3161 ipsorum
651 3086 729 3134 esse
755 3071 943 3135 tormenta.

138 3178 187 3248 44
290 3173 441 3247 Postero
470 3173 526 3244 die
552 3173 659 3270 legati
682 3172 857 3245 Abisarae
883 3173 1001 3247 adiere
1036 3198 1176 3272 regem.
1238 3176 1362 3252 Omnia
1380 3173 1413 3247 di·

190 3286 282 3359 cioni
309 3285 394 3375 eius,
421 3284 472 3355 ita
498 3295 539 3356 ut
564 3284 774 3357 mandatum
801 3297 888 3377 erat,
915 3285 1200 3383 permittebant3
1230 3292 1412 3385 firmataque

226 3471 249 3537 ξ.
270 3476 310 3522 13.
355 3469 493 3536 Abisares]
529 3470 676 3522 Abiasares
704 3485 794 3521 secun·
864 3470 887 3536 ξ.
908 3475 947 3521 15.
973 3469 1060 3537 Igitur
1078 3473 1151 3538 oum]
1187 3472 1235 3528 Sic
1253 3491 1341 3528 omnes
1355 3464 1414 3526 nostd

191 3538 254 3590 dum
280 3537 360 3589 Bern.
379 3538 405 3589 A
431 3545 458 3589 et
483 3537 554 3590 Flor.
576 3538 600 3590 B
629 3537 794 3589 scribebatur
829 3545 857 3590 et
889 3537 977 3590 collati
1003 3555 1019 3588 a
1044 3535 1129 3592 Snak.
1177 3543 1273 3615 Vulgo
1295 3561 1324 3596 er
1370 3554 1414 3593 aas

186 3606 214 3659 in
252 3607 312 3659 edd.
344 3613 409 3657 vett.
446 3623 528 3676 usque
563 3607 597 3658 ad
633 3605 793 3658 Modianam.
828 3605 1005 3676 Praeponitur
1021 3612 1110 3658 autem
1130 3609 1220 3677 igitur
1238 3614 1310 3682 apud
1380 3607 1385 3620 '

189 3676 332 3730 Adiutores
359 3674 431 3727 Flor.
450 3674 486 3738 C,
513 3677 642 3727 Abizares
660 3673 731 3726 Flor.
758 3672 792 3740 G,
828 3674 893 3727 locis
911 3672 1136 3745 quamplurimis.
1167 3677 1213 3732 cf.
1231 3682 1325 3734 nosad
1340 3673 1414 3733 (licit

189 3746 350 3797 Abiassares
373 3743 443 3796 Flor.
461 3743 514 3795 ΕΗ
531 3743 613 3795 Bern.
631 3742 654 3794 B
673 3742 750 3795 Voss.
768 3749 793 3795 2.
827 3743 905 3797 Verr.
940 3757 988 3807 111,
1029 3749 1060 3794 bb
1088 3761 1131 3814 pr.
1196 3748 1267 3803 Mox
1296 3746 1414 3820 pretebt‘lt‘¹

187 3813 286 3867 Postea
302 3813 433 3865 Abisarae
470 3811 584 3864 enitivus
602 3818 717 3873 constat,
734 3819 793 3862 tan·
828 3828 846 3863 a
872 3830 900 3865 se
934 3828 990 3864 esse
1015 3828 1063 3882 pro
1100 3825 1172 3868 esset
1200 3819 1329 3873 mendose
1350 3824 1413 3870 emm!

188 3889 247 3934 tum
264 3882 334 3962 quod
353 3880 424 3934 Flor.
446 3829 604 3945 &Abisera
624 3877 649 3931 G
666 3881 793 3932 Abizare.
832 3880 925 3933 nostri.

189 3949 243 4004 Sed
271 3952 342 4003 infra
361 3947 426 4018 Cap.
445 3957 477 4001 47
506 3956 534 4000 et
551 3962 597 4011 rx,
622 3957 633 3999 l
655 3947 797 4001 Abissares
867 3954 892 4015 §.
917 3955 955 4002 lt.
981 3964 1051 4018 vqaaere
1080 3949 1105 4000 ts
1139 3953 1268 4026 dederat]
1304 3946 1414 4007 Notandffl

189 4018 287 4098 duplici
303 4037 316 4072 s
334 4017 361 4070 in
377 4017 497 4070 omnibus
511 4016 610 4087 primae
624 4014 710 4069 classis
725 4016 797 4070 libris
831 4036 893 4071 usus
910 4013 1069 4089 pronominis
1086 4018 1121 4084 is,
1140 4037 1208 4075 nam
1222 4038 1368 4077 verumnon
1380 4021 1414 4076 stt

188 4086 318 4140 scribitur.
370 4091 465 4156 Itaque
489 4085 546 4156 pari
563 4086 618 4137 fere
641 4084 796 4137 auctoritate
832 4087 904 4157 quod
921 4086 948 4138 in
964 4103 1018 4137 uno
1031 4085 1153 4139 BernB
1174 4089 1203 4143 le
1224 4091 1286 4159 tur,
1304 4094 1349 4145 bis.
1369 4084 1414 4140 ll⁰¹

189 4154 299 4224 simplici
335 4171 366 4207 ac
392 4153 489 4225 duplici
523 4174 537 4206 s
567 4151 679 4207 scribere
710 4161 795 4222 potes.
831 4164 918 4208 autem
984 4154 1036 4206 'um
1050 4154 1152 4208 donum
1165 4108 1414 4215 milletnlantamiffl·

187 4221 258 4274 Vide
277 4221 409 4277 Schmied.
429 4223 463 4274 ad
479 4221 584 4274 Arrian.
603 4235 643 4285 IV,
662 4227 704 4273 27.
830 4171 1414 4297 mnmtulfillor.DFG1Pa.1‚.mm0.m

181 4334 183 4340 .
224 4291 295 4344 altra
315 4292 471 4359 Hydaspen]
507 4293 653 4359 Hidaspem
670 4289 751 4342 Bern.
768 4293 794 4344 A
830 4304 930 4347 reatum
947 4291 1125 4361 substituunt,
1146 4297 1199 4349 sed
1216 4306 1282 4380 post
1297 4302 1355 4366 §lt
1368 4301 1414 4344 m

189 4355 260 4408 Flor.
285 4359 378 4425 AEH,
410 4362 552 4429 hydaspem
573 4357 648 4412 Leid.
671 4361 747 4411 Voss.
771 4367 793 4412 l.
829 4360 975 4415 Ftoteatis
993 4370 1102 4428 centias,
1121 4363 1228 4438 reliqui
1247 4368 1347 4422 toteab's
1359 4357 1413 4416 still*

189 4420 289 4477 Postea
306 4425 390 4478 maior
407 4444 548 4482 consensus
565 4426 594 4480 in
611 4433 687 4480 term.
706 4445 745 4480 ea.
